2784 4452
263 272 362 325 136

254 390 560 442 sustineret.
585 390 707 440 Non
731 388 879 440 enim
909 388 1048 455 fugit
1074 399 1323 449 mortem,

256 462 352 528 qui
384 461 522 511 mori
554 470 788 522 venerat,
831 475 927 510 nec
967 459 1191 510 insidias
1228 475 1326 510 ex-

256 532 420 598 pavit,
454 532 549 598 qui
580 531 807 581 insidias
844 541 895 581 et
924 531 1185 581 versutias
1219 531 1328 581 dia-

259 603 371 653 boli
405 602 610 667 aperire
631 611 865 652 venerat.

320 674 355 723 8
389 674 702 722 Lonotrnno
744 688 812 721 ET
845 671 1188 722 mrm'anns
1218 688 1326 722 rri-

255 759 428 794 mzius,
447 772 510 780 —
534 743 768 793 Portavit
796 759 922 793 eum
953 744 1121 793 Mater
1144 754 1326 794 tenera

258 827 311 867 et
341 816 552 882 juvenis
578 816 731 866 valde
749 853 763 874 ,
803 825 858 865 et
887 826 1102 866 sanctus
1127 815 1327 882 Joseph

259 890 492 938 multum
537 903 700 948 senex
751 887 807 937 in
857 888 1180 953 AEgyptum‚
1234 903 1329 954 per

257 958 402 1008 viam
438 958 756 1020 silvestrem,
797 958 1105 1021 obscuram,
1149 973 1328 1008 nemo-

256 1044 457 1089 rosam,
484 1038 535 1079 et
565 1028 916 1079 inhabitatam
934 1066 947 1088 ,
989 1037 1040 1077 et
1067 1043 1163 1094 per
1183 1028 1326 1077 viam

256 1099 411 1149 valde
455 1099 692 1164 longam.
739 1097 948 1148 Dicitur
986 1097 1129 1147 enim
1181 1098 1325 1163 quod

257 1171 324 1220 ad
385 1170 484 1220 iter
546 1169 779 1219 cursoris
849 1179 976 1220 sunt
1042 1169 1324 1219 duodecim

255 1241 340 1290 vel
384 1240 697 1305 quindecim
720 1240 894 1300 dietae,
925 1256 1022 1306 pro
1047 1241 1125 1291 eis
1149 1252 1325 1291 autem

258 1313 399 1363 forte
449 1323 558 1363 erat
613 1314 845 1364 duorum
918 1313 1191 1364 mensium
1244 1315 1328 1364 vel

257 1383 516 1450 plurium.
547 1385 785 1434 Fuerunt
807 1393 1005 1445 autem,
1031 1394 1091 1434 ut
1111 1384 1325 1444 dicitur,

256 1471 353 1521 per
399 1457 669 1506 desertum
718 1456 885 1516 illud,
930 1473 1024 1523 per
1051 1458 1196 1523 quod
1230 1456 1326 1506 filii

261 1527 420 1576 Israel
457 1527 814 1585 transierunt,
857 1526 912 1576 in
956 1543 1066 1593 quo
1113 1536 1164 1577 et
1205 1542 1331 1592 qua-

259 1596 507 1661 draginta
547 1597 706 1647 annis
748 1607 1026 1647 steterunt.
1057 1597 1159 1647 Sed
1188 1612 1329 1662 quo·-

262 1669 426 1717 modo
453 1668 520 1717 de
558 1667 703 1718 victu
741 1683 925 1718 secum
955 1669 1217 1733 portando
1248 1667 1329 1717 fa-

261 1738 510 1788 ciebant?
556 1739 661 1789 Ubi
683 1737 858 1791 .etiam
887 1748 939 1789 et
964 1739 1240 1805 quomodo
1264 1740 1330 1789 de

262 1824 416 1864 nocte
440 1813 853 1879 hospitabantur
881 1824 932 1864 et
954 1812 1330 1879 quiescebant?

264 1886 404 1934 Raro
454 1885 602 1935 enim
644 1885 836 1934 domos
890 1885 946 1935 in
987 1883 1079 1933 illo
1120 1884 1330 1934 deserto

262 1957 631 2008 inveniebant.
679 1957 997 2022 Compatere
1043 1971 1170 2021 ergo
1218 1955 1326 2018 eis3

262 2026 392 2093 quia
419 2027 571 2077 labor
598 2026 851 2091 difficilis,
882 2042 1112 2093 magnus
1149 2035 1200 2076 et
1220 2026 1331 2075 lon·

261 2115 361 2165 gus
381 2139 394 2159 ‚
445 2110 497 2150 et
535 2110 646 2150 tam
673 2101 846 2150 Puero
875 2116 1038 2166 quam
1067 2098 1237 2165 ipsis;
1279 2109 1331 2150 et

259 2174 392 2223 vade
411 2189 533 2224 cum
552 2173 649 2235 eis,
680 2183 733 2223 et
757 2173 946 2239 adjuva
969 2182 1179 2240 portare
1208 2187 1332 2238 pue-

261 2262 383 2296 rum
419 2248 630 2311 Jesum,
666 2256 720 2298 et
758 2247 813 2297 in
844 2246 1102 2296 omnibus
1129 2246 1331 2312 quibus

261 2319 493 2384 poteris,
551 2319 746 2370 exhibe
807 2319 884 2369 eis
941 2318 1325 2369 ministerium.

263 2393 385 2441 Non
414 2393 573 2444 debet
608 2391 778 2443 videri
818 2392 977 2443 nobis
1016 2392 1167 2442 labor
1207 2408 1327 2457 poe-

263 2466 547 2516 nitentiam
602 2482 756 2532 agere
816 2483 913 2532 pro
953 2467 1111 2517 nobis
1164 2466 1325 2532 ipsis,

260 2553 360 2602 pro
411 2538 613 2603 quibus
662 2538 814 2587 labor
861 2546 1045 2586 tantus
1095 2537 1162 2587 ab
1208 2536 1328 2586 aliis

260 2620 313 2660 et
364 2625 394 2659 a
436 2610 639 2659 talibus
689 2619 739 2659 et
779 2607 938 2659 toties
993 2617 1073 2659 est
1115 2623 1327 2659 assum-

259 2689 403 2746 ptuS.
453 2679 609 2729 Unde
657 2679 945 2730 Anselmus
973 2695 991 2728 ε
1021 2696 1049 2724 ι(
1094 2678 1217 2728 Noli
1271 2679 1326 2728 in

259 2762 352 2801 tua
378 2750 728 2801 meditatione
757 2750 1053 2816 fugientem
1079 2749 1133 2800 in
1156 2751 1327 2816 AEgy-

259 2831 416 2887 ptum
472 2821 775 2887 relinquere
827 2821 883 2870 in
936 2820 1209 2871 comitatu.
1236 2822 1328 2870 In-

258 2891 451 2957 spiciat
477 2892 666 2941 oculus
703 2890 1006 2942 devotionis
1046 2892 1327 2956 parvulum

257 2965 444 3016 Jesum
514 2965 697 3015 dulces
747 2964 1073 3014 mammillas
1126 2964 1329 3029 glorio-

259 3050 331 3086 sae
367 3034 640 3101 Virginis,
689 3035 875 3085 Matris
919 3050 1062 3095 suae,
1101 3035 1329 3086 dulciter

258 3115 541 3171 sugentem
561 3144 575 3165 ‚
618 3116 671 3157 et
709 3105 1033 3156 mammillas
1064 3116 1328 3156 maternas

257 3175 407 3227 filiali
447 3192 597 3227 more
631 3186 964 3227 tractantem.
1018 3175 1161 3235 Quid
1206 3175 1326 3227 visu

253 3247 574 3312 jucundius?
596 3247 737 3307 Quid
757 3246 1154 3297 delectabilius?
1183 3246 1326 3305 Quid

255 3318 507 3369 suavius?
535 3319 704 3370 Cerne
726 3317 881 3367 illum
910 3317 1006 3383 qui
1030 3316 1328 3367 immensus

256 3399 364 3449 est,
416 3389 652 3455 parvulis
704 3388 938 3439 brachiis
972 3390 1038 3439 ad
1087 3396 1328 3437 materna

257 3460 391 3510 colla
437 3462 788 3526 pendentem,
846 3471 898 3511 et
942 3459 1086 3509 dicas
1123 3474 1138 3507 ε
1176 3457 1327 3507 Felix

256 3546 400 3590 sum,
441 3531 779 3598 feliciorque,
812 3531 945 3581 dum
970 3531 1124 3581 illum
1170 3527 1326 3578 video

258 3618 423 3668 quem
469 3618 628 3669 reges
672 3603 950 3654 voluerunt
1019 3601 1217 3660 videre,
1275 3604 1327 3648 et

258 3691 362 3727 non
390 3677 654 3728 viderunt.
697 3675 908 3741 Dignus
954 3683 1035 3725 est
1061 3673 1202 3730 visu,
1228 3671 1324 3737 qui

259 3747 534 3813 speciosus
570 3757 650 3798 est
670 3746 863 3812 forma
890 3757 1015 3812 prae
1042 3743 1188 3810 filiis
1224 3742 1326 3793 ho—

259 3820 479 3874 minum.
515 3819 704 3886 Cogita
727 3829 780 3870 et
809 3818 1059 3884 recogita,
1090 3831 1200 3882 quo
1218 3815 1330 3865 ani-

260 3906 382 3952 m0,
426 3902 483 3942 et
525 3905 636 3957 qua
684 3889 1008 3955 cogitatione
1049 3887 1329 3938 tenebatur

532 3991 552 4014 Ο

890 272 1129 323 PRIMAE
1165 272 1413 323 PARTIS
1445 271 1680 323 CAPUT
1709 270 1849 322 XIII.

1433 388 1526 439 illa
1566 387 1879 439 dulcissima
1909 389 2077 438 Mater
2099 388 2229 452 ejuS,
2259 403 2386 438 cum
2429 387 2497 438 it-

1433 461 1547 511 lum
1574 460 1890 522 Dominum,
1910 469 2119 510 tantum
2144 475 2202 509 ac
2224 456 2500 511 tantillum

1435 534 1489 584 in
1534 533 1769 584 brachiis
1812 533 1944 592 suiS‚
1975 535 2245 584 exsultans
2279 543 2331 583 et
2358 533 2498 593 laeta,

1432 617 1664 670 teneret;
1715 620 1839 655 cum
1890 606 1938 657 ei
1982 615 2040 655 ut
2089 604 2355 656 infantulo
2405 622 2501 671 ge-

1433 678 1631 738 stienti,
1662 676 1909 727 dulcibus
1948 676 2146 727 osculis
2174 692 2232 726 ac
2259 676 2504 743 frequen-

1432 751 1578 801 tibus
1622 751 1990 816 congauderet,
2024 766 2148 800 cum
2181 765 2305 800 eum
2335 752 2504 816 lacry-

1434 832 1666 872 mantem
1704 837 1865 887 super
1917 837 2088 887 genua
2133 837 2256 881 sua,
2298 821 2502 886 quibus

1433 902 1637 958 poterat
1680 891 1916 941 modulis
1948 891 2336 951 consolaretur,
2376 907 2502 942 cum

1431 963 1666 1029 denique
1693 962 1815 1013 aliis
1846 972 2005 1028 atque
2037 961 2159 1011 aliis
2191 961 2404 1022 studiis,
2433 962 2502 1012 ad

1433 1049 1554 1100 quae
1581 1034 1752 1100 ipsam
1776 1045 2015 1083 materna
2047 1032 2217 1099 pietas
2247 1032 2504 1084 informa-

1434 1105 1540 1167 bat,
1566 1104 1614 1153 ei
1643 1119 1740 1170 pro
1759 1103 2079 1169 qualitatum
2108 1102 2503 1154 vicissitudini-

1435 1178 1535 1227 bus
1567 1177 1752 1227 sedula
1776 1176 2127 1226 blandiretur.

1497 1263 1530 1315 9
1564 1247 1745 1295 MAnm
1774 1262 1842 1295 Εἰ·
1879 1246 2074 1295 ,lost-:pfl
2126 1261 2180 1294 m
2223 1258 2501 1296 niu-nones

1434 1332 1702 1366 metimur.
1723 1344 1784 1355 —
1803 1317 1933 1366 Item
1956 1314 2183 1366 ulterius
2205 1315 2502 1364 notandum

1434 1398 1529 1448 est,
1560 1387 1787 1454 qualiter
1806 1388 1971 1438 Maria
1992 1387 2045 1436 in
2065 1386 2149 1437 via
2168 1386 2504 1453 apprehensa

1434 1468 1513 1509 est
1561 1474 1687 1509 cum
1733 1473 1898 1524 puero
1939 1458 2067 1508 Jesu
2107 1473 2136 1507 a
2187 1457 2503 1508 latronibus.

1435 1529 1671 1595 Opinare
1715 1543 1903 1579 verum
1950 1543 2065 1578 esse
2111 1528 2255 1593 quod
2306 1526 2505 1578 dicitur

1435 1616 1558 1651 eum
1590 1615 1706 1650 esse
1746 1615 1777 1650 a
1812 1588 2112 1649 latronibus
2142 1597 2502 1664 comprehen-

1435 1687 1556 1722 sum
1604 1670 1660 1720 in
1694 1669 1797 1729 via,
1836 1679 1887 1719 et
1914 1668 2294 1719 adolescentuli
2321 1668 2501 1733 cujus-

1425 1743 1557 1795 .dam
1597 1742 1856 1793 beneficio
1893 1751 2154 1807 ereptum.
2191 1742 2314 1791 Erat
2344 1741 2409 1804 is,
2440 1750 2506 1792 ut

1434 1814 1652 1874 dicunt,
1707 1813 1966 1880 principis
2014 1814 2278 1863 latronum
2331 1811 2501 1873 filius,

1434 1885 1529 1951 qui
1568 1885 1745 1950 praeda
1781 1883 2009 1950 potitus,
2053 1898 2176 1932 cum
2215 1883 2504 1933 Parvulum

1435 1957 1620 2007 Matris
1648 1956 1854 2022 gremio
1888 1954 2207 2022 aspexisset,
2254 1964 2399 2005 tanta
2443 1955 2501 2005 in

1435 2030 1549 2094 ejus
1590 2027 1988 2095 speciosissimo
2019 2027 2171 2077 vultu
2202 2026 2503 2091 splendoris

1437 2101 1682 2166 maiestas
1734 2099 2004 2165 apparuit,
2053 2108 2114 2148 ut
2164 2113 2288 2148 eum
2340 2112 2503 2163 supra

1437 2171 1714 2221 hominem
1743 2186 1855 2220 non
1883 2184 1998 2219 esse
2026 2168 2326 2235 ambigens,
2361 2168 2504 2218 inca-

1435 2246 1640 2295 lescens
1664 2258 1865 2301 amore,
1896 2241 2227 2307 amplexatus
2254 2249 2334 2291 est
2354 2255 2501 2291 eum.

1437 2318 1501 2367 Et
1528 2333 1542 2366 t
1576 2317 1643 2376 O,
1671 2314 1869 2381 inquit,
1895 2313 2240 2364 Beatisssime
2261 2313 2503 2378 parvulo-

1435 2404 1587 2447 rum,
1631 2387 1677 2437 si
1720 2386 1866 2436 aliud
1909 2401 1966 2435 se
2005 2395 2219 2451 tempus
2249 2383 2505 2435 obtulerit

1434 2473 1619 2509 rursus
1670 2454 1994 2514 miserendi,
2046 2465 2171 2505 tunc
2229 2465 2501 2513 memento

1435 2530 1559 2590 mei,
1597 2538 1649 2579 et
1688 2527 1850 2593 hujus
1873 2526 2133 2591 temporis
2158 2525 2268 2575 noli
2297 2524 2501 2575 oblivi-

1433 2598 1535 2651 sci!
1579 2600 1780 2649 Ferunt
1816 2597 1961 2647 hunc
2001 2596 2263 2646 latronem
2303 2595 2500 2656 fuisse,

1432 2671 1526 2738 qui
1554 2671 1619 2720 ad
1658 2670 1929 2719 dexteram
1959 2667 2054 2717 Dei
2090 2665 2391 2727 crucifixuS,
2421 2667 2503 2717 al-

1433 2752 1608 2792 terum
1672 2737 2134 2804 blasphemantem
2210 2735 2500 2802 corripuit,

1432 2812 1617 2862 dicens
1643 2827 1657 2860 ε
1684 2810 1871 2875 Neque
1894 2813 1949 2857 tu
1974 2807 2126 2858 times
2158 2807 2330 2857 Deum
2358 2806 2503 2873 quod

1434 2884 1488 2935 in
1542 2883 1725 2935 eadem
1779 2880 2117 2931 damnatione
2160 2893 2235 2930 es.
2284 2878 2362 2928 Et
2403 2893 2502 2929 nos

1434 2955 1641 3022 quidem
1665 2953 1816 3021 juste
1848 2969 1866 3003 .·
1898 2951 1983 3002 hic
2021 2965 2144 3002 vero
2189 2950 2323 3000 nihil
2368 2950 2503 3000 mali

1433 3027 1624 3094 gessit.
1672 3026 1977 3077 Conversus
2016 3038 2141 3073 vero
2192 3023 2257 3072 ad
2303 3021 2501 3072 Domi-

1436 3114 1587 3158 num,
1645 3112 1771 3147 eum
1802 3094 1858 3144 in
1888 3093 2002 3153 illa,
2037 3107 2158 3158 quae
2184 3092 2242 3141 in
2275 3092 2501 3142 Parvulo

1433 3167 1710 3235 apparuit,
1758 3165 1976 3215 intuens
2019 3164 2324 3228 majestate,
2360 3162 2499 3228 pacti

1433 3240 1518 3290 sui
1565 3254 1675 3288 non
1712 3237 2001 3287 immemor
2029 3251 2044 3284 ι
2072 3233 2369 3294 Memento,
2405 3232 2501 3282 in·-

1433 3309 1588 3376 quit,
1636 3306 1754 3368 mei,
1787 3305 1910 3355 dum
1943 3303 2150 3354 veneris
2191 3303 2244 3353 in
2272 3316 2503 3367 regnum

1435 3388 1596 3432 tuum.
1624 3381 1805 3446 Itaque
1830 3378 1896 3428 ad
1924 3375 2252 3427 incentivum
2278 3374 2501 3435 amoriS,

1432 3454 1532 3505 hac
1575 3468 1685 3503 non
1731 3450 1923 3502 inutile
1973 3448 2204 3499 arbitror
2248 3446 2334 3496 uti'
2372 3446 2503 3514 opi-

1434 3526 1623 3582 nione,
1662 3531 1865 3573 remota
1893 3519 2045 3570 omni
2079 3516 2386 3567 affirmandi
2411 3526 2499 3567 te·-

1433 3594 1674 3645 meritate
1699 3608 1713 3642 ε
1740 3611 1767 3639 »
1793 3591 1906 3641 haec
1923 3587 2224 3640 Anselmus.

1501 3684 1563 3718 10
1597 3666 1677 3715 De
1703 3680 1834 3714 unct:
1862 3676 2149 3711 rot-:nonum
2174 3661 2498 3710 Baranam:-

1429 3753 1694 3790 munna.
1723 3762 1785 3773 —
1828 3732 2066 3784 Herodes
2113 3740 2320 3790 autem,
2374 3745 2502 3780 cum

1432 3808 1573 3875 Magi
1608 3822 1747 3874 quos
1788 3802 2085 3856 aestimabat
2131 3816 2225 3867 per
2251 3800 2497 3853 eamdem

1431 3882 1574 3933 viam
1601 3889 1966 3943 regressuros,
2009 3874 2077 3924 ad
2112 3886 2239 3923 eum
2268 3886 2380 3921 non
2409 3885 2498 3921 re-

1573 4046 1596 4076 1
