2784 4452
322 285 433 352 446

325 398 648 463 contingunt
691 413 708 447 z
738 396 822 446 vel
870 405 932 446 ut
970 396 1129 461 justis
1171 395 1382 457 merita,

333 485 426 536 per
454 468 789 535 patientiam,
842 476 1157 532 augeantur,
1206 474 1267 515 ut
1287 465 1387 515 Job

328 542 547 604 accidit;
576 541 661 591 vel
688 541 754 591 ad
783 540 1081 590 custodiam
1107 540 1387 599 virtutum,

330 630 397 665 ne
442 613 694 679 superbia
739 623 924 672 tentet,
957 623 1016 663 ut
1065 613 1258 674 Pau103
1305 613 1390 662 vel

324 685 395 734 ad
428 683 804 749 corrigendum
854 691 1082 748 peccata,
1125 692 1186 731 ut
1211 680 1391 732 Mariae

328 757 490 821 lepra,
521 764 574 805 et
600 754 739 804 sicut
784 754 913 803 huic
955 752 1272 819 paralytic03
1307 752 1395 802 vel

325 827 395 876 ad
424 826 650 892 gloriam
701 826 821 886 Dei,
876 835 938 875 ut
988 840 1127 874 caeco
1163 833 1306 884 nate,
1342 834 1395 874 et

331 899 563 961 Lazaro;
615 898 700 948 vel
747 899 814 947 ad
864 896 1086 947 initium
1114 911 1304 962 poenae,
1331 905 1395 945 ut

332 971 550 1030 Herodi,
576 980 840 1036 quatenus
876 969 967 1020 hic
994 969 1236 1019 videatur
1261 967 1394 1035 quid

332 1041 388 1090 in
418 1040 622 1090 inferno
670 1049 940 1106 sequatur.
984 1039 1086 1090 Hic
1126 1055 1272 1106 ergo,
1303 1055 1395 1089 se-

327 1113 563 1163 cundum
594 1113 1007 1178 Hieronymum,
1043 1113 1199 1161 datur
1230 1112 1395 1162 intel-

333 1184 427 1249 ligi
456 1184 736 1248 plerasque
784 1199 1070 1248 corporum
1095 1181 1397 1232 debilitates

332 1254 544 1303 evenire
589 1262 806 1318 propter
855 1262 1082 1318 peccata.
1152 1252 1218 1301 Et
1270 1251 1394 1302 ideo

331 1324 481 1390 prius
505 1332 712 1388 peccata
743 1323 1114 1384 dimittuntur,
1138 1332 1200 1373 ut
1220 1323 1396 1374 causis

321 1393 619 1445 debilitatis
658 1394 867 1454 ablatis,
896 1394 1100 1444 sanitas
1131 1394 1395 1444 restitua-

334 1477 438 1529 tur,
468 1474 520 1515 et
547 1465 607 1515 fit
632 1465 847 1516 visibile
873 1466 1114 1532 signum,
1133 1475 1194 1515 ut
1216 1465 1399 1516 invisi-

335 1539 444 1588 bile
467 1538 738 1603 probetur.
770 1538 923 1589 Unde
946 1547 998 1588 et
1024 1538 1176 1588 Beda
1200 1555 1218 1588 .·
1234 1556 1265 1584 α
1280 1537 1397 1588 Cu-

335 1617 549 1658 ratums
591 1618 770 1658 autem
801 1608 1080 1658 hominem
1116 1624 1146 1658 a
1167 1606 1395 1674 paralysi

333 1678 601 1728 Dominus
627 1677 805 1742 primo
832 1688 1166 1741 peccatorum
1182 1678 1400 1729 vincula

337 1746 601 1806 dissolvit,
658 1756 720 1796 ut
770 1747 1072 1797 ostenderet
1121 1763 1274 1807 eum,
1325 1748 1398 1797 ob

335 1836 506 1871 nexus
552 1820 829 1886 culparum
849 1858 865 1880 ,
916 1830 1130 1871 artuum
1156 1821 1398 1871 dissolu-

335 1893 483 1943 tione
532 1892 700 1942 fuisse
743 1893 1089 1957 damnatum3
1146 1909 1258 1953 nec,
1289 1893 1397 1944 nisi

335 1962 424 2013 his
451 1961 713 2020 relaxatis,
738 1962 1108 2011 membrorum
1133 1978 1290 2027 posse
1307 1977 1399 2012 re-

336 2036 681 2102 cuperatione
697 2036 890 2085 sanari.
922 2036 1043 2095 Sed,
1069 2034 1206 2086 heu!
1236 2051 1337 2086 nos
1367 2051 1400 2085 e

329 2121 591 2156 converso
624 2105 796 2171 magis
833 2106 1129 2171 satagimus
1150 2107 1218 2157 de
1241 2121 1399 2156 cura-

334 2178 479 2229 tione
521 2178 780 2245 corporis,
820 2194 985 2246 quam
1035 2178 1247 2242 animae,
1278 2178 1399 2229 ideo

329 2263 473 2314 saepe
500 2247 843 2298 destituimur
861 2247 1167 2313 utrobique.
1194 2266 1222 2294 n
1244 2248 1402 2298 Unde

331 2330 388 2370 et
429 2319 852 2387 Chryso-stomin·
880 2336 899 2370 .·
927 2338 958 2365 «
983 2320 1093 2370 Nos
1120 2329 1319 2380 autem,
1352 2320 1399 2369 si

329 2391 675 2456 corporaliter
695 2390 978 2456 patiamur,
1009 2392 1299 2457 satagimus
1312 2407 1403 2441 no-

334 2462 513 2511 civum
558 2461 815 2524 abjicere3
848 2477 970 2511 cum
1011 2476 1138 2511 vero
1161 2462 1303 2511 male
1327 2462 1403 2511 sit

334 2531 549 2590 animae,
576 2530 896 2594 differimus,
924 2540 1083 2598 atque
1103 2531 1225 2581 ideo
1253 2547 1350 2582 nec
1369 2547 1400 2581 a

327 2601 575 2666 corporis
621 2600 826 2650 nocivis
854 2616 1118 2652 curamur.
1162 2602 1401 2653 Abscin-

333 2675 528 2723 damus
576 2687 702 2738 ergo
751 2673 958 2724 fontem
1007 2676 1296 2734 malorum,
1349 2684 1403 2724 et

327 2744 618 2794 cessabunt
664 2743 1050 2809 aegritudinum
1103 2743 1281 2794 fluxus
1311 2761 1330 2794 ε
1367 2765 1399 2793 ι»

334 2814 451 2862 haec
473 2813 913 2880 chrysostom.
940 2814 1086 2880 Ergo
1110 2814 1240 2879 quia
1269 2830 1401 2864 con-

329 2892 434 2932 stat
453 2883 601 2949 quod
633 2892 849 2948 propter
884 2895 1096 2949 peccata
1137 2886 1394 2950 quando-

331 2968 439 3020 que
467 2955 633 3002 homo
656 2963 893 3018 aegrotat,
923 2955 1165 3005 medicus
1196 2971 1401 3021 aegrum

330 3028 575 3087 visitans»,
596 3026 774 3093 primo
796 3043 920 3077 eum
937 3029 1007 3078 ad
1030 3029 1401 3094 paenitentiam

329 3110 386 3150 et
415 3098 812 3149 confessionem
851 3115 1074 3151 monere
1097 3101 1282 3164 debet3
1329 3117 1403 3151 ne

333 3180 570 3236 peccato,
597 3180 857 3235 tanquam
893 3169 1034 3220 fieri-o
1064 3182 1318 3222 manente
1340 3172 1399 3221 in

332 3239 569 3299 vulnere,
599 3239 798 3290 fmstra
819 3238 893 3288 sit
919 3241 1273 3306 emplastrum
1299 3257 1401 3307 ap-

329 3326 549 3378 ponere.
601 3312 756 3362 Unde
801 3322 1018 3378 peccant
1059 3313 1274 3374 medici,
1303 3315 1400 3380 qui

323 3396 516 3431 curam
530 3380 864 3431 materialem
879 3380 1141 3432 adhibent
1161 3383 1400 3449 corpori,

330 3454 486 3519 prius
509 3469 678 3535 quam
697 3470 827 3505 cura
843 3454 1141 3520 spiritualis
1159 3456 1231 3506 sit
1251 3457 1404 3507 adhi-

338 3523 496 3575 bita·
521 3525 761 3584 animle,
814 3524 1127 3591 ignorantes
1182 3541 1399 3577 causam

335 3595 536 3657 morbi,
574 3596 825 3647 videlicet
870 3597 1016 3663 quod
1057 3612 1159 3679 pro
1187 3608 1400 3662 peceato

326 3666 550 3727 anime,
571 3668 809 3718 inflictus
834 3669 907 3719 sit
929 3668 1159 3734 corpori.

397 3738 430 3789 5
452 3741 787 3790 Αιιεοοιιεε
828 3757 1021 3791 noenu
1051 3742 1304 3792 Gamo:
1323 3756 1402 3793 m-

335 3823 517 3858 cunm
551 3825 789 3872 ommi·
829 3826 919 3860 mc
950 3827 1399 3862 rmum-icus.—

327 3876 442 3927 Sed
473 3878 602 3943 quia
621 3879 738 3931 haec
754 3879 871 3945 ipsa
903 3879 1121 3932 Domini
1143 3890 1310 3949 gesta,
1337 3891 1400 3933 ut

903 283 1138 334 PRIMAE
1171 280 1418 333 PARTIS
1449 280 1683 334 CAPUT
1713 279 1943 332 XLVIII.

1496 394 1627 445 dicit
1648 394 2071 461 Chryses-tomus
2079 433 2098 459 ,
2126 396 2491 462 spiritualium
2510 399 2572 450 in

1497 482 1557 517 se
1575 481 1755 517 rerum
1787 465 2063 517 continent
2091 468 2376 533 rationem,
2412 471 2572 536 cujus

1501 546 1696 602 typum
1732 536 2051 602 paralyticus
2088 537 2188 588 iste
2209 549 2373 604 gerat,
2402 541 2574 591 debe-

1500 621 1623 655 mus
1650 607 1942 656 advertere.
1972 606 2227 673 Figuram
2248 624 2490 675 namque
2508 610 2574 661 in

1500 692 1563 727 eo
1602 676 1789 742 populi
1842 677 2149 729 Gentilium
2188 691 2575 763 praeostensam

1502 765 1620 799 esse
1646 749 2043 831 cognoscimus,
2066 750 2159 817 qui
2191 752 2419 816 peccatis
2440 769 2573 819 gra-

1499 821 1659 871 vibus
1684 820 1870 870 animo
1900 821 2214 883 dissolutus,
2244 825 2398 889 quasi
2429 840 2575 892 qua·-

1499 893 1625 942 dam
1649 891 1934 943 insanabili
1969 893 2282 945 infirmitate
2307 897 2574 978 plagatus,

1500 962 1558 1012 in
1608 972 1845 1028 quatuor
1877 963 2091 1029 angulis
2140 966 2328 1016 mundi
2391 967 2574 1030 istiuS,

1500 1036 1644 1085 velut
1676 1035 1733 1084 in
1760 1035 1897 1084 lecto
1922 1037 2140 1100 jacebat.
2172 1039 2327 1088 Unde
2348 1050 2404 1089 et
2426 1039 2487 1090 in
2503 1055 2574 1091 eo

1502 1103 1788 1171 paralytico
1849 1105 2122 1172 Evangelii
2140 1145 2154 1167 ,
2211 1108 2296 1158 cui
2344 1108 2577 1162 remissa

1502 1186 1631 1226 sunt
1655 1186 1885 1241 peccata,
1910 1176 1969 1225 id
2001 1187 2280 1228 ostensum
2309 1190 2410 1239 est,
2441 1181 2575 1246 quia

1502 1249 1736 1313 populus
1763 1248 2043 1307 Gentium,
2071 1250 2168 1315 qui
2194 1251 2341 1316 gravi
2369 1253 2575 1302 valetu-

1500 1317 1628 1367 dine
1654 1327 1986 1383 peccatorum
2014 1319 2304 1379 laborabat,
2319 1321 2442 1371 data
2457 1321 2574 1372 sibi

1502 1389 1854 1450 remissione,
1911 1407 2006 1457 per
2048 1392 2371 1443 medicinam
2408 1396 2575 1446 coele-

1500 1471 1638 1511 stem
1676 1461 1938 1526 integram
1965 1471 2018 1511 et
2049 1463 2335 1528 perfectam
2376 1464 2576 1517 sanita-

1502 1542 1630 1591 tem,
1662 1532 1959 1581 secundum
1995 1547 2190 1597 corpus
2216 1544 2272 1583 et
2310 1534 2571 1597 animam,

1502 1612 1711 1652 oeternae
1754 1601 1942 1651 salutis
1991 1603 2267 1666 acceperit.
2319 1604 2424 1654 Cui
2456 1620 2572 1658 non

1504 1669 1792 1730 immerito,
1823 1681 1945 1735 post
1979 1672 2354 1722 remissionem
2383 1689 2574 1739 pecca-

1504 1754 1702 1803 torum,
1726 1742 1931 1793 reddita
1960 1744 2151 1802 salute,
2191 1744 2296 1808 jam
2319 1745 2519 1797 dicitur
2550 1763 2568 1796 ε

1515 1814 1678 1878 Vade,
1707 1812 1789 1863 vel
1818 1813 1930 1863 redi
1955 1813 2010 1864 in
2051 1815 2276 1865 domum
2301 1825 2473 1877 tuam,
2512 1815 2575 1867 id

1500 1894 1584 1934 est
1625 1884 1682 1934 in
1738 1883 1964 1934 domum
2022 1884 2255 1935 Paradisi
2272 1923 2288 1945 ,
2335 1887 2403 1936 de
2462 1902 2577 1954 qua

1501 1955 1673 2006 Adam
1698 1955 1807 2019 jam
1840 1954 2044 2005 dudum
2074 1956 2329 2020 expulsus
2362 1955 2572 2021 fuerat3

1500 2026 1597 2091 qui
1614 2026 1776 2091 hujus
1792 2024 2127 2076 infirmitatis
2147 2036 2332 2077 auctor
2342 2027 2576 2078 exstite-

1505 2106 1601 2147 rat.
1618 2097 1684 2146 Et
1712 2096 1905 2147 merito
1928 2095 2177 2162 sequitur
2205 2112 2220 2145 :
2250 2097 2367 2147 Hoc
2392 2098 2575 2149 nidm-

1503 2172 1584 2218 τις
1614 2167 1792 2217 turbae
1821 2166 2120 2231 timuerunt,
2153 2172 2208 2217 et
2237 2167 2576 2234 magnifica-

1505 2245 1695 2290 verunt
1718 2240 1890 2289 Deum
1906 2238 2002 2304 qui
2024 2245 2229 2289 tantam
2247 2246 2573 2306 potestatem

1506 2313 1652 2363 dedit
1672 2313 1985 2364 hominihus.
2016 2313 2396 2379 Magnificatur
2418 2315 2574 2365 enim

1504 2387 1648 2437 Deus
1675 2386 1770 2451 qui
1790 2387 1872 2436 vel
1900 2386 2174 2451 Apostolis
2190 2386 2309 2436 suis
2332 2397 2577 2452 potesta-

1508 2468 1617 2506 tem
1658 2456 1971 2507 dimittendi
1992 2467 2199 2522 peccata
2220 2457 2464 2517 donavit,
2487 2458 2576 2509 vel

1505 2526 1825 2578 hominibus
1863 2538 2066 2578 tantam
2095 2528 2321 2594 gratiam
2347 2544 2576 2580 conces-

1507 2599 1596 2660 sit,
1611 2610 1672 2649 ut
1698 2609 1819 2665 post
1840 2599 2218 2650 remissionem
2234 2610 2577 2666 peccatorum

1506 2687 1601 2738 per
1646 2671 1901 2722 meritum
1956 2671 2085 2722 fidei
2125 2682 2286 2737 atque
2331 2671 2575 2735 justitiae,

1506 2751 1822 2807 potestatem
1862 2740 2128 2806 accipiant
2167 2741 2231 2790 ad
2251 2741 2576 2792 Paradisum

1506 2812 1786 2862 redeundi.
1818 2811 1925 2864 Ubi
1948 2821 2005 2861 et
2036 2812 2293 2862 Hilarius
2330 2829 2348 2862 τ
2395 2828 2423 2858 ι
2475 2811 2578 2863 Vi-

1508 2884 1690 2935 dentes
1733 2890 1913 2934 autem
1980 2885 2152 2935 tio-bae
2164 2922 2188 2948 ,
2254 2885 2548 2935 timuerunt
2554 2900 2576 2946 ,-

1510 2954 1693 3021 magni
1719 2954 1869 3006 enim
1889 2954 2103 3005 timoris
2127 2970 2211 3006 res
2232 2965 2315 3005 est
2340 2971 2454 3005 non
2483 2954 2578 3006 di-

1504 3024 1691 3075 missis
1710 3025 1939 3091 peccatis
1958 3040 1992 3075 a
2019 3024 2234 3076 Christo
2261 3025 2321 3075 in
2340 3035 2577 3076 mortem

1506 3096 1722 3158 resolvi,
1756 3097 1884 3164 quia
1924 3098 2110 3149 nullus
2135 3108 2217 3147 est
2255 3097 2312 3147 in
2340 3098 2575 3149 domum

1507 3179 1758 3219 aeternam
1782 3168 2006 3228 reditus,
2032 3167 2085 3218 si
2102 3167 2191 3219 cui
2222 3167 2433 3218 indulta
2462 3184 2577 3220 non

1506 3238 1671 3290 fuerit
1725 3238 1883 3290 venia
1929 3239 2277 3301 delictorum;
2329 3249 2581 3292 cessante

1508 3322 1685 3362 autem
1708 3310 1933 3374 timore,
1962 3311 2141 3362 honor
2170 3311 2283 3361 Deo
2313 3312 2578 3372 redditur,

1507 3384 1637 3450 quia
1678 3393 1912 3450 potestas
1969 3383 2286 3435 hominibus
2325 3384 2426 3434 hac
2461 3384 2580 3435 vita

1502 3457 1645 3515 data,
1670 3454 1735 3506 fit
1753 3470 1847 3520 per
1866 3455 2102 3506 verbum
2139 3456 2269 3520 ejus,
2293 3465 2346 3506 et
2372 3454 2581 3508 remis-

1502 3526 1678 3577 sionis
1708 3535 2064 3591 pematotum,
2092 3535 2143 3578 et
2168 3542 2460 3594 corporum
2478 3540 2582 3578 re-

1508 3595 1875 3658 surrectionis,
1902 3606 1959 3648 et
1995 3597 2321 3649 reversionis
2364 3598 2428 3649 in
2459 3613 2579 3651 εω-

1504 3668 1624 3718 lum
1649 3684 1663 3716 :
1684 3686 1718 3715 n
1747 3666 1865 3718 haec
1889 3668 2165 3720 Hilarius.

1563 3737 1603 3789 6
1622 3739 1943 3791 Momm
1958 3756 2123 3792 ‘inus
2143 3756 2286 3791 eur
2306 3756 2576 3792 νεα-,Ατο-

1507 3825 1605 3861 nus.
1624 3838 1688 3847 —
1713 3811 1994 3865 Moraliter
2018 3819 2201 3863 autem
2227 3827 2325 3877 per
2350 3814 2575 3879 paraly-

1509 3881 1696 3957 ticum,
1720 3882 1821 3950 qui
1864 3884 2105 3951 μήπως
2144 3893 2230 3937 est
2256 3899 2359 3936 usu
2388 3899 2573 3937 mem—
