2784 4452
274 339 373 391 116
443 356 456 365 ·

266 456 385 505 ideo
411 454 525 519 ipsa
555 461 634 502 est
662 466 756 518 per
780 453 971 502 Arcam
1002 452 1330 501 Testamenti

266 525 626 592 praefigurata,
684 522 741 572 in
790 538 897 589 qua
937 523 1140 573 inclusa
1182 533 1329 573 erant

264 600 422 665 Legis
450 597 715 648 mandata.
746 596 823 646 Ibi
854 596 1002 646 enim
1038 606 1188 646 erant
1211 597 1329 647 duae

262 672 472 732 tabulae,
514 670 571 720 in
616 669 817 736 quibus
849 670 1030 719 decem
1074 679 1329 735 praecepta

261 742 457 807 scripta
497 749 665 799 erant,
705 754 826 805 quae
851 739 1017 789 Maria
1045 733 1329 805 diligenter

261 812 593 863 observabat.
624 812 759 860 Arca
786 811 946 860 etiam
990 809 1191 860 librum
1223 811 1328 860 Le-

261 884 344 950 gis
385 881 712 941 continebat,
744 890 796 929 et
828 878 996 929 Maria
1032 879 1199 929 libros
1241 894 1328 929 sa-

262 971 362 1006 crae
397 954 683 1019 Scripturae
732 952 961 1001 libenter
1000 953 1223 1017 legebat.
1268 953 1326 1001 In

260 1041 378 1077 arca
419 1035 530 1076 erat
573 1024 720 1090 virga
748 1025 928 1074 Aaron
961 1039 1080 1090 quae
1127 1024 1325 1086 floruit,

260 1108 312 1148 et
338 1096 506 1147 Maria
528 1095 728 1154 floruit,
754 1103 806 1144 et
841 1095 1180 1145 benedictum
1208 1093 1326 1143 fru-

259 1179 409 1219 ctum
474 1165 677 1216 ventris
742 1164 825 1215 sui
893 1166 1132 1231 protulit.
1194 1167 1327 1214 Arca

259 1239 422 1288 etiam
466 1252 657 1287 urnam
709 1250 925 1286 auream
973 1252 1094 1286 cum
1133 1251 1327 1285 manna

260 1310 380 1361 coeli
427 1309 767 1369 continebat,
826 1318 878 1358 et
932 1309 1098 1358 Maria
1138 1324 1325 1359 verum

262 1398 460 1434 manna
505 1382 622 1433 coeli
676 1381 834 1432 nobis
880 1381 1146 1432 offerebat.
1195 1383 1327 1431 Arca

259 1455 326 1504 de
376 1453 526 1519 ligno
581 1451 784 1502 cethim
842 1452 1164 1517 imputribili
1218 1461 1328 1501 erat

258 1525 412 1584 facta,
455 1533 507 1574 et
542 1523 708 1573 Maria
750 1522 808 1572 in
852 1523 1211 1589 putredinem,
1244 1524 1325 1573 vel

260 1596 316 1645 in
357 1596 629 1661 pulverem
678 1611 790 1644 non
832 1604 913 1644 est
939 1595 1162 1643 redacta.
1192 1595 1327 1643 Arca

226 1691 232 1698 ·
258 1677 489 1733 quatuor
513 1666 741 1716 circulos
769 1680 961 1716 aureos
990 1665 1044 1715 in
1070 1665 1325 1714 lateribus

257 1742 506 1800 habebat,
551 1751 603 1791 et
642 1740 808 1790 Maria
835 1749 1064 1806 quatuor
1101 1739 1325 1789 virtutes

257 1811 579 1870 cardinales,
616 1825 736 1875 quae
772 1809 1022 1859 omnium
1062 1808 1323 1859 virtutum

258 1881 461 1932 radices
495 1891 546 1931 et
576 1880 732 1931 initia
755 1889 899 1939 sunt,
928 1880 984 1929 in
1010 1894 1066 1929 se
1091 1880 1321 1945 gerebat.

258 1954 393 2002 Arca
435 1951 666 2002 habebat
700 1951 837 2002 duos
882 1960 1088 2014 vectes,
1125 1951 1324 2017 quibus

260 2022 586 2088 portabatur,
629 2038 724 2089 per
762 2038 900 2088 quos
937 2022 1090 2082 du05‚
1129 2023 1324 2088 duplex

259 2092 490 2142 charitas
516 2092 572 2141 in
602 2092 768 2143 Maria
791 2092 1186 2158 designabatur.
1219 2095 1324 2142 Ar·-

257 2179 317 2218 ,ca
339 2173 449 2214 tam
479 2163 801 2214 intrinsecus
828 2179 992 2231 quam
1019 2164 1150 2215 foris
1173 2165 1325 2215 deau-

256 2243 368 2285 rata
422 2244 532 2285 erat
553 2273 567 2296 ,
633 2234 800 2285 Maria
868 2235 1015 2285 intus
1081 2246 1132 2285 et
1193 2235 1324 2287 foris

252 2304 545 2354 virtutibus
572 2305 957 2370 resplendebat.
992 2304 1325 2371 Quapropter

255 2374 371 2440 ipsa
415 2374 576 2424 etiam
624 2374 845 2440 pulchre
881 2374 1104 2441 figurata
1145 2387 1223 2426 est
1265 2376 1320 2428 in

253 2444 570 2494 candelabro
615 2459 794 2505 aure0,
829 2446 974 2510 quod
1014 2447 1222 2496 lucebat
1246 2448 1323 2497 Je-

254 2516 544 2581 rosolymis
575 2515 632 2565 in
661 2517 862 2581 templo
886 2517 1125 2577 Domini,
1161 2534 1321 2584 supra

251 2588 399 2653 quod
425 2597 629 2653 septem
656 2588 927 2652 lampades
949 2589 1194 2640 ardentes
1224 2601 1321 2642 sta-

251 2660 399 2719 bant,
427 2674 548 2725 quae
572 2669 776 2726 septem
804 2675 966 2726 opera
1010 2661 1318 2712 misericor-

250 2730 369 2789 diae,
404 2729 459 2779 id
485 2739 565 2780 est
601 2729 822 2780 Mariam
852 2729 1168 2796 figurabant,
1200 2749 1319 2798 quae

252 2803 453 2868 Regina
479 2802 885 2864 misericordiae,
917 2813 969 2854 et
1005 2805 1173 2854 Mater
1199 2806 1319 2871 pie-

249 2874 376 2924 tatis
399 2886 528 2926 erat.
555 2877 671 2926 Hoc
707 2876 1084 2927 candelabrum
1127 2888 1178 2927 et
1205 2879 1318 2942 ejus

247 2947 523 2997 candelam
576 2947 936 3009 honoramuS,
987 2949 1202 3014 quando
1260 2950 1315 2999 in

246 3017 383 3068 festo
437 3019 846 3080 PurificationiS,
885 3037 1133 3073 accensas
1186 3038 1316 3072 can-

245 3091 392 3141 delas
435 3093 752 3159 bajulamus·
796 3094 963 3145 Maria
1003 3095 1150 3146 enim
1186 3111 1317 3146 can-

245 3162 423 3212 delam
446 3163 683 3214 Domino
729 3164 784 3214 in
818 3180 914 3215 sua
948 3166 1317 3231 purificatione

243 3232 532 3294 offerebat,
598 3236 816 3301 quando
867 3236 1085 3287 Simeon
1142 3238 1314 3289 lumen

241 3305 317 3355 ad
356 3307 732 3359 revelationem
776 3308 1025 3360 Gentium
1066 3310 1324 3361 concine-⁴

242 3378 355 3442 bat;
389 3380 640 3431 Christus
677 3381 858 3432 Mariae
888 3382 1060 3434 Filius
1078 3394 1163 3433 est
1186 3399 1314 3434 can-

241 3453 359 3506 dela
400 3470 636 3517 accensa,
672 3467 888 3523 propter
930 3459 1031 3508 tria
1073 3473 1192 3524 quae
1222 3458 1313 3508 in-

236 3528 534 3580 veniuntur
594 3529 651 3580 in
690 3545 777 3591 ea,
813 3530 1016 3581 scilicet
1046 3547 1059 3580 ε
1089 3531 1310 3597 ligmen‚

236 3599 395 3666 igniS‚
434 3612 487 3653 et
533 3617 672 3666 cera;
720 3613 774 3655 et
819 3604 875 3654 in
925 3602 1142 3654 Christo
1186 3616 1313 3656 sunt

238 3670 358 3732 tria,
390 3672 591 3723 scilicet
624 3690 638 3724 ε
678 3689 816 3735 carc,
846 3673 1024 3724 anima
1057 3684 1108 3724 et
1146 3673 1313 3726 deitas

239 3756 381 3793 vera.
408 3743 534 3795 Haec
557 3744 796 3806 candela,
823 3761 920 3811 pro
945 3744 1187 3796 humano
1216 3761 1310 3812 ge-

238 3829 367 3865 nere
406 3812 637 3869 Domino
671 3828 752 3869 est
789 3819 983 3877 oblata,
1014 3833 1111 3885 per
1146 3834 1308 3885 quam

239 3899 348 3933 nox
386 3888 726 3939 tenebrarum
764 3898 1071 3940 nostrarum
1110 3901 1192 3941 est
1237 3890 1307 3940 il·-

238 3955 519 4010 luminata.
546 3959 764 4012 Oblatio
793 3961 958 4026 hujus
987 3961 1308 4015 beatissimae

973 336 1210 386 PRIMAE
1246 335 1493 386 PARTIS
1518 334 1751 385 CAPUT
1783 335 1895 385 X11.

1437 450 1666 499 candelae
1715 448 2046 514 praefigurata
2087 446 2187 497 fuit
2227 447 2282 497 in
2333 463 2501 513 puero

1435 523 1696 572 Samuele.
1738 523 1908 571 Annae
1947 520 2355 580 sterili,·contra
2391 536 2500 571 mo-

1436 611 1548 645 rem
1594 604 1794 645 naturae
1839 594 1983 644 Deus
2027 592 2200 643 filium
2238 593 2403 654 dedit,
2446 610 2500 647 et

1435 667 1615 718 Marioe
1663 667 1876 733 Virgini
1930 683 2088 733 supra
2137 682 2353 717 cursum
2399 683 2500 722 na,—

1432 749 1581 798 turae,
1617 737 1816 788 Filium
1848 737 2144 802 inspiravit.
2165 739 2322 787 Anna
2349 737 2502 787 obtu-

1433 808 1496 858 lit
1536 807 1740 868 filium,
1780 808 1875 874 qui
1907 808 2118 858 Judaeos
2151 817 2262 857 erat
2295 823 2499 874 propu-

1433 893 1717 948 gnaturus;
1750 883 1916 933 Maria
1938 880 2132 931 obtulit
2156 881 2376 941 Filium,
2403 882 2498 948 qui

1435 953 1700 1003 mundum
1754 962 1864 1002 erat
1905 961 2258 1018 protecturus,
2325 951 2498 1001 Filius

1432 1025 1599 1074 Annae
1641 1033 1822 1089 postea
1859 1038 1890 1073 a
1927 1021 2125 1072 Judaeis
2172 1032 2253 1073 est
2293 1022 2498 1073 refuta-

1433 1106 1542 1160 tus;
1579 1097 1620 1146 F
1625 1097 1730 1146 lius
1759 1096 1939 1146 Mariae
1968 1105 2048 1146 est
2084 1096 2150 1145 ab
2186 1093 2264 1146 eis
2288 1097 2499 1162 turpis-

1433 1167 1569 1218 sima
1614 1178 1783 1218 morte
1830 1168 2234 1218 condemnatus,
2273 1167 2389 1218 Hoc
2417 1179 2500 1218 est

1433 1239 1578 1304 quod
1633 1239 1850 1288 Simeon
1902 1238 2084 1288 Mariae
2131 1238 2498 1303 prophetando

1432 1309 1763 1375 praedicebat,
1786 1309 1929 1374 quod
1950 1308 2075 1358 Filii
2094 1308 2264 1373 ipsius
2290 1309 2502 1374 gladius

1430 1380 1667 1431 animam
1703 1395 1856 1431 suam
1897 1381 2217 1446 pertransire
2255 1381 2494 1431 debebat.

1495 1454 1527 1505 6
1561 1456 1699 1516 Qum
1731 1472 1829 1506 Nos
1859 1456 2121 1507 Cunisws
2148 1470 2235 1505 mc
2263 1456 2498 1506 noc-en?

1430 1558 1491 1568 -—
1550 1530 1704 1580 Ibant
1758 1530 1923 1595 igitur
1972 1539 2217 1595 parentes
2257 1530 2385 1580 Jesu
2443 1529 2498 1579 in

1428 1601 1740 1661 Jerusalem,
1758 1611 1818 1652 ut
1834 1601 1995 1666 Legis
2019 1600 2266 1654 mandata
2291 1599 2501 1665 perfice-

1431 1682 1566 1732 rent,
1594 1683 1645 1723 et
1663 1672 1911 1739 quamvis
1934 1672 2185 1724 timerent
2209 1671 2495 1731 Herodem,

1430 1755 1612 1795 tamen
1679 1762 1787 1795 non
1844 1754 1972 1796 sunt
2030 1744 2144 1795 ausi
2197 1744 2495 1810 transgredi

1430 1817 1624 1884 Legem
1649 1857 1662 1877 ‚
1725 1818 1859 1884 quin
1923 1818 1986 1868 ad
2040 1817 2303 1883 templum
2351 1817 2497 1868 Pue—

1430 1904 1552 1938 rum
1578 1887 1857 1939 deferrent.
1884 1888 1950 1938 Et
1968 1887 2100 1937 forte
2119 1887 2293 1938 adhuc
2316 1887 2497 1937 omnia

1431 1962 1611 2028 quieta
1650 1971 1817 2021 erant,
1843 1960 2019 2012 adhuc
2046 1961 2285 2011 Herodes
2311 1961 2496 2027 Magos

1431 2041 1709 2098 expectans
1752 2032 1994 2082 nondum
2038 2031 2122 2081 sui
2161 2030 2336 2081 cordis
2374 2046 2494 2081 ma·

1429 2103 1601 2153 litiam
1639 2104 1974 2154 revelaverat.
2011 2102 2278 2152 Dominus
2316 2101 2498 2168 itaque

1427 2177 1584 2228 ,lesus
1625 2176 1878 2228 Christus
1920 2191 2043 2226 cum
2087 2176 2272 2236 Matre,
2312 2174 2366 2224 in
2406 2175 2494 2225 his

1429 2259 1481 2298 et
1523 2248 1646 2299 aliis
1667 2248 1867 2313 Legem
1911 2247 2217 2308 observanS,
2262 2247 2498 2297 ostendit

1430 2336 1553 2371 cum
1597 2330 1797 2386 quanta
1848 2319 2210 2371 sollicitudine
2258 2329 2309 2369 et
2351 2320 2493 2386 vigi-

1427 2391 1588 2441 lantia
1622 2390 1883 2441 debemus
1910 2389 2191 2441 observare
2213 2389 2492 2456 Evangelii

1427 2471 1698 2527 praecepta,
1726 2460 1943 2527 quando
1974 2460 2087 2526 ipse
2116 2470 2376 2526 praecepta
2411 2461 2493 2510 le-

1427 2530 1581 2596 galia,
1604 2546 1725 2596 quae
1753 2546 1846 2596 per
1874 2546 2087 2581 servum
2108 2531 2339 2591 dederat,
2366 2546 2491 2581 cum

1426 2610 1571 2653 tanta
1599 2600 1902 2652 observavit
1925 2600 2224 2666 diligentia.

1489 2692 1521 2741 7
1561 2676 1673 2730 Cun
1702 2690 1971 2726 wuruaes
2012 2690 2115 2725 Aur
2151 2690 2351 2726 nmmos
2394 2690 2491 2726 co-

1424 2764 1708 2800 Lunmnuu
1768 2749 2079 2799 ort-anum?
2140 2749 2495 2800 Adduxerunt

1424 2835 1550 2887 ergo
1577 2820 1878 2871 Dominum
1906 2819 2093 2885 templi
2118 2819 2182 2869 ad
2204 2820 2488 2885 templum,

1425 2899 1483 2942 ut
1530 2893 1782 2958 facerent
1824 2890 2108 2942 secundum
2152 2892 2490 2942 consuetudi-

1425 2978 1540 3014 nem
1569 2963 1739 3030 Legis
1762 2977 1871 3029 pro
1894 2976 1973 3013 eo.
2002 2962 2252 3028 Cumque
2289 2961 2490 3012 intras—

1424 3047 1543 3088 sent
1589 3038 1874 3102 templum,
1911 3045 2158 3086 emerunt
2192 3035 2328 3085 duos
2368 3045 2488 3085 tur-

1424 3117 1587 3167 tures,
1610 3118 1702 3158 aut
1725 3108 1861 3157 duos
1895 3106 2071 3172 pullos
2093 3105 2488 3165 columbarum,

1423 3189 1482 3230 ut
1513 3195 1611 3246 pro
1644 3195 1707 3230 eo
1741 3176 2010 3249 offerrent,
2049 3176 2187 3227 sicut
2227 3192 2323 3242 pro
2355 3192 2488 3243 pau-

1423 3252 1642 3317 peribus
1694 3260 1806 3301 erat
1852 3259 2187 3300 consuetum.
2244 3248 2316 3298 Et
2360 3248 2489 3314 quia

1422 3320 1746 3387 pauperrimi
1796 3330 1977 3381 erant,
2036 3319 2362 3370 credendum
2407 3329 2489 3370 est

1421 3391 1595 3459 magis
1636 3390 1782 3457 quod
1826 3391 1890 3441 de
1923 3390 2087 3456 pullis
2113 3389 2487 3440 columbarum

1421 3473 1695 3523 emerunt,
1743 3462 1870 3530 quia
1908 3462 2122 3513 facilius
2159 3471 2209 3512 et
2238 3477 2333 3528 pro
2374 3460 2487 3511 mi-

1421 3534 1538 3585 nori
1570 3533 1743 3600 pretio
1784 3533 2151 3593 inveniuntur,
2187 3542 2241 3583 et
2277 3532 2397 3583 ideo
2427 3531 2485 3582 in

1417 3606 1577 3672 Lege,
1608 3605 1803 3655 ultimo
1827 3605 1947 3655 loco
1984 3611 2275 3670 ponuntur.
2302 3603 2368 3654 Et
2399 3612 2485 3653 ta-

1418 3687 1502 3727 cet
1545 3675 1884 3741 Evangelista
1920 3675 1986 3724 de
2026 3689 2184 3741 agno,
2216 3673 2343 3741 quia
2373 3683 2486 3725 erat

1416 3747 1645 3797 divitum
1670 3745 1888 3796 oblatio.
1914 3744 2052 3795 Vide
2078 3744 2206 3811 quia
2229 3755 2337 3796 tam
2361 3758 2484 3811 pau-

1416 3832 1566 3883 peres
1604 3826 1846 3884 parentes
1887 3814 2153 3866 Dominus
2181 3814 2357 3882 elegit,
2385 3814 2480 3880 qui

1414 3907 1522 3942 non
1546 3891 1808 3942 haberent
1838 3905 2060 3956 agnum,
2089 3903 2252 3955 quern
2282 3902 2379 3954 pro
2417 3901 2481 3937 eo

1414 3963 1697 4028 offerrent;
1754 3962 1846 4014 sed
1897 3971 2109 4014 tanturn
2162 3975 2258 4027 par
2302 3967 2482 4012 turtu-
