<?xml version="1.0" encoding="UTF-8"?>
<!DOCTYPE html PUBLIC "-//W3C//DTD XHTML 1.0 Transitional//EN"
    "http://www.w3.org/TR/xhtml1/DTD/xhtml1-transitional.dtd">
<html xmlns="http://www.w3.org/1999/xhtml" xml:lang="en" lang="en">
 <head>
  <title>
</title>
<meta http-equiv="Content-Type" content="text/html;charset=utf-8" />
  <meta name='ocr-system' content='tesseract 3.04.00' />
  <meta name='ocr-capabilities' content='ocr_page ocr_carea ocr_par ocr_line ocrx_word'/>
</head>
<body>
  <div class='ocr_page' id='page_1' title='image "./vitajesuchristi00sachgoog/vitajesuchristi00sachgoog_0193.png"; bbox 0 0 2784 4452; ppageno 0'>
   <div class='ocr_carea' id='block_1_1' title="bbox 641 210 2112 265">
    <p class='ocr_par' dir='ltr' id='par_1_1' title="bbox 641 210 2112 265">
     <span class='ocr_line' id='line_1_1' title="bbox 641 210 2112 265; baseline 0 -1"><span class='ocrx_word' id='word_1_1' title='bbox 641 213 735 264; x_wconf 86' lang='lat' dir='ltr'>DE</span> <span class='ocrx_word' id='word_1_2' title='bbox 765 213 858 265; x_wconf 90' lang='lat' dir='ltr'>OF</span> <span class='ocrx_word' id='word_1_3' title='bbox 861 213 1045 265; x_wconf 83' lang='lat' dir='ltr'>Flclo</span> <span class='ocrx_word' id='word_1_4' title='bbox 1081 212 1174 263; x_wconf 87' lang='lat' dir='ltr'>ET</span> <span class='ocrx_word' id='word_1_5' title='bbox 1204 210 1375 262; x_wconf 84' lang='lat' dir='ltr'><strong>VITA</strong></span> <span class='ocrx_word' id='word_1_6' title='bbox 1405 210 1698 262; x_wconf 86' lang='lat' dir='ltr'>JOANNIS</span> <span class='ocrx_word' id='word_1_7' title='bbox 1731 211 2112 264; x_wconf 80' lang='lat' dir='ltr'><strong>BAPTISTAE.</strong></span> 
     </span>
    </p>
   </div>
   <div class='ocr_carea' id='block_1_2' title="bbox 192 327 1324 3898">
    <p class='ocr_par' dir='ltr' id='par_1_2' title="bbox 192 327 1324 3114">
     <span class='ocr_line' id='line_1_2' title="bbox 254 327 1319 395; baseline -0.006 -13"><span class='ocrx_word' id='word_1_8' title='bbox 254 338 366 382; x_wconf 88' lang='lat' dir='ltr'>erat</span> <span class='ocrx_word' id='word_1_9' title='bbox 382 329 542 379; x_wconf 86' lang='lat' dir='ltr'>arbor</span> <span class='ocrx_word' id='word_1_10' title='bbox 570 327 919 387; x_wconf 82' lang='lat' dir='ltr'>infructuosa.</span> <span class='ocrx_word' id='word_1_11' title='bbox 950 327 1095 395; x_wconf 91' lang='lat' dir='ltr'>quod</span> <span class='ocrx_word' id='word_1_12' title='bbox 1124 342 1189 377; x_wconf 88' lang='lat' dir='ltr'>ex</span> <span class='ocrx_word' id='word_1_13' title='bbox 1219 327 1319 376; x_wconf 92' lang='lat' dir='ltr'>hoc</span> 
     </span>
     <span class='ocr_line' id='line_1_3' title="bbox 251 397 1321 468; baseline -0.005 -17"><span class='ocrx_word' id='word_1_14' title='bbox 251 410 412 468; x_wconf 91' lang='lat' dir='ltr'>patet,</span> <span class='ocrx_word' id='word_1_15' title='bbox 426 399 556 466; x_wconf 89' lang='lat' dir='ltr'>quia</span> <span class='ocrx_word' id='word_1_16' title='bbox 569 397 728 463; x_wconf 89' lang='lat' dir='ltr'>primi</span> <span class='ocrx_word' id='word_1_17' title='bbox 743 408 985 465; x_wconf 87' lang='lat' dir='ltr'>parentes</span> <span class='ocrx_word' id='word_1_18' title='bbox 999 398 1321 462; x_wconf 79' lang='lat' dir='ltr'>jubebantur</span> 
     </span>
     <span class='ocr_line' id='line_1_4' title="bbox 248 468 1319 536; baseline -0.005 -13"><span class='ocrx_word' id='word_1_19' title='bbox 248 471 530 523; x_wconf 87' lang='lat' dir='ltr'>comedere</span> <span class='ocrx_word' id='word_1_20' title='bbox 557 486 622 520; x_wconf 84' lang='lat' dir='ltr'>ex</span> <span class='ocrx_word' id='word_1_21' title='bbox 650 469 800 520; x_wconf 89' lang='lat' dir='ltr'>omni</span> <span class='ocrx_word' id='word_1_22' title='bbox 830 470 979 536; x_wconf 90' lang='lat' dir='ltr'>ligno</span> <span class='ocrx_word' id='word_1_23' title='bbox 1024 470 1081 519; x_wconf 94' lang='lat' dir='ltr'>in</span> <span class='ocrx_word' id='word_1_24' title='bbox 1108 468 1319 536; x_wconf 90' lang='lat' dir='ltr'>paradi-</span> 
     </span>
     <span class='ocr_line' id='line_1_5' title="bbox 250 540 1320 608; baseline -0.004 -14"><span class='ocrx_word' id='word_1_25' title='bbox 250 558 332 607; x_wconf 82' lang='lat' dir='ltr'>se,</span> <span class='ocrx_word' id='word_1_26' title='bbox 371 551 724 608; x_wconf 87' lang='lat' dir='ltr'>praeterquam</span> <span class='ocrx_word' id='word_1_27' title='bbox 766 541 832 591; x_wconf 93' lang='lat' dir='ltr'>de</span> <span class='ocrx_word' id='word_1_28' title='bbox 882 541 1028 607; x_wconf 88' lang='lat' dir='ltr'>ligno</span> <span class='ocrx_word' id='word_1_29' title='bbox 1084 540 1320 592; x_wconf 89' lang='lat' dir='ltr'>scientiae</span> 
     </span>
     <span class='ocr_line' id='line_1_6' title="bbox 251 610 1319 678; baseline -0.003 -15"><span class='ocrx_word' id='word_1_30' title='bbox 251 612 382 663; x_wconf 92' lang='lat' dir='ltr'>boni</span> <span class='ocrx_word' id='word_1_31' title='bbox 410 621 463 662; x_wconf 89' lang='lat' dir='ltr'>et</span> <span class='ocrx_word' id='word_1_32' title='bbox 503 610 649 662; x_wconf 82' lang='lat' dir='ltr'>mali.</span> <span class='ocrx_word' id='word_1_33' title='bbox 679 610 735 661; x_wconf 87' lang='lat' dir='ltr'>Si</span> <span class='ocrx_word' id='word_1_34' title='bbox 761 620 939 662; x_wconf 88' lang='lat' dir='ltr'>autem</span> <span class='ocrx_word' id='word_1_35' title='bbox 969 611 1058 661; x_wconf 86' lang='lat' dir='ltr'>ille</span> <span class='ocrx_word' id='word_1_36' title='bbox 1086 611 1182 678; x_wconf 89' lang='lat' dir='ltr'>qui</span> <span class='ocrx_word' id='word_1_37' title='bbox 1211 625 1319 660; x_wconf 91' lang='lat' dir='ltr'>non</span> 
     </span>
     <span class='ocr_line' id='line_1_7' title="bbox 248 681 1322 749; baseline -0.001 -15"><span class='ocrx_word' id='word_1_38' title='bbox 248 682 380 734; x_wconf 85' lang='lat' dir='ltr'>facit</span> <span class='ocrx_word' id='word_1_39' title='bbox 402 682 635 733; x_wconf 85' lang='lat' dir='ltr'>fructum</span> <span class='ocrx_word' id='word_1_40' title='bbox 668 681 872 732; x_wconf 90' lang='lat' dir='ltr'>bonum</span> <span class='ocrx_word' id='word_1_41' title='bbox 917 681 975 732; x_wconf 86' lang='lat' dir='ltr'>in</span> <span class='ocrx_word' id='word_1_42' title='bbox 1011 681 1192 749; x_wconf 85' lang='lat' dir='ltr'>ignem</span> <span class='ocrx_word' id='word_1_43' title='bbox 1242 691 1322 733; x_wconf 90' lang='lat' dir='ltr'>est</span> 
     </span>
     <span class='ocr_line' id='line_1_8' title="bbox 249 753 1324 820; baseline -0.001 -15"><span class='ocrx_word' id='word_1_44' title='bbox 249 753 567 815; x_wconf 89' lang='lat' dir='ltr'>mittendus,</span> <span class='ocrx_word' id='word_1_45' title='bbox 598 753 728 819; x_wconf 91' lang='lat' dir='ltr'>quid</span> <span class='ocrx_word' id='word_1_46' title='bbox 753 753 854 804; x_wconf 89' lang='lat' dir='ltr'>erit</span> <span class='ocrx_word' id='word_1_47' title='bbox 884 755 949 805; x_wconf 91' lang='lat' dir='ltr'>de</span> <span class='ocrx_word' id='word_1_48' title='bbox 973 753 1066 804; x_wconf 88' lang='lat' dir='ltr'>illo</span> <span class='ocrx_word' id='word_1_49' title='bbox 1090 753 1183 820; x_wconf 92' lang='lat' dir='ltr'>qui</span> <span class='ocrx_word' id='word_1_50' title='bbox 1216 768 1324 804; x_wconf 86' lang='lat' dir='ltr'>ma·</span> 
     </span>
     <span class='ocr_line' id='line_1_9' title="bbox 249 822 1322 891; baseline 0 -15"><span class='ocrx_word' id='word_1_51' title='bbox 249 825 367 876; x_wconf 89' lang='lat' dir='ltr'>lum</span> <span class='ocrx_word' id='word_1_52' title='bbox 391 822 552 875; x_wconf 84' lang='lat' dir='ltr'>fecit?</span> <span class='ocrx_word' id='word_1_53' title='bbox 582 825 758 875; x_wconf 88' lang='lat' dir='ltr'>Arbor</span> <span class='ocrx_word' id='word_1_54' title='bbox 787 824 888 875; x_wconf 90' lang='lat' dir='ltr'>ista</span> <span class='ocrx_word' id='word_1_55' title='bbox 917 834 997 876; x_wconf 91' lang='lat' dir='ltr'>est</span> <span class='ocrx_word' id='word_1_56' title='bbox 1023 840 1193 891; x_wconf 88' lang='lat' dir='ltr'>genus</span> <span class='ocrx_word' id='word_1_57' title='bbox 1221 825 1322 876; x_wconf 87' lang='lat' dir='ltr'>hu-</span> 
     </span>
     <span class='ocr_line' id='line_1_10' title="bbox 249 896 1320 963; baseline -0.001 -16"><span class='ocrx_word' id='word_1_58' title='bbox 249 912 496 958; x_wconf 89' lang='lat' dir='ltr'>manum,</span> <span class='ocrx_word' id='word_1_59' title='bbox 527 896 638 947; x_wconf 83' lang='lat' dir='ltr'>sive</span> <span class='ocrx_word' id='word_1_60' title='bbox 689 896 874 961; x_wconf 81' lang='lat' dir='ltr'>home,</span> <span class='ocrx_word' id='word_1_61' title='bbox 905 896 999 963; x_wconf 89' lang='lat' dir='ltr'>qui</span> <span class='ocrx_word' id='word_1_62' title='bbox 1045 907 1125 947; x_wconf 91' lang='lat' dir='ltr'>est</span> <span class='ocrx_word' id='word_1_63' title='bbox 1166 896 1320 963; x_wconf 85' lang='lat' dir='ltr'>quasi</span> 
     </span>
     <span class='ocr_line' id='line_1_11' title="bbox 247 969 1318 1029; baseline -0.001 -9"><span class='ocrx_word' id='word_1_64' title='bbox 247 969 409 1020; x_wconf 89' lang='lat' dir='ltr'>arbor</span> <span class='ocrx_word' id='word_1_65' title='bbox 449 984 719 1020; x_wconf 84' lang='lat' dir='ltr'>conversa.</span> <span class='ocrx_word' id='word_1_66' title='bbox 764 969 1017 1029; x_wconf 85' lang='lat' dir='ltr'>Quaedam</span> <span class='ocrx_word' id='word_1_67' title='bbox 1060 985 1186 1020; x_wconf 86' lang='lat' dir='ltr'>vero</span> <span class='ocrx_word' id='word_1_68' title='bbox 1229 985 1318 1019; x_wconf 88' lang='lat' dir='ltr'>ar-</span> 
     </span>
     <span class='ocr_line' id='line_1_12' title="bbox 249 1040 1319 1092; baseline -0.001 -1"><span class='ocrx_word' id='word_1_69' title='bbox 249 1042 409 1092; x_wconf 91' lang='lat' dir='ltr'>bores</span> <span class='ocrx_word' id='word_1_70' title='bbox 436 1040 663 1092; x_wconf 86' lang='lat' dir='ltr'>omnino</span> <span class='ocrx_word' id='word_1_71' title='bbox 712 1050 839 1092; x_wconf 91' lang='lat' dir='ltr'>sunt</span> <span class='ocrx_word' id='word_1_72' title='bbox 863 1040 1027 1092; x_wconf 84' lang='lat' dir='ltr'>aridae</span> <span class='ocrx_word' id='word_1_73' title='bbox 1068 1050 1121 1092; x_wconf 90' lang='lat' dir='ltr'>et</span> <span class='ocrx_word' id='word_1_74' title='bbox 1160 1040 1319 1091; x_wconf 88' lang='lat' dir='ltr'>steri-</span> 
     </span>
     <span class='ocr_line' id='line_1_13' title="bbox 245 1110 1318 1178; baseline -0.001 -15"><span class='ocrx_word' id='word_1_75' title='bbox 245 1112 346 1173; x_wconf 77' lang='lat' dir='ltr'>leS,</span> <span class='ocrx_word' id='word_1_76' title='bbox 391 1119 451 1163; x_wconf 91' lang='lat' dir='ltr'>ut</span> <span class='ocrx_word' id='word_1_77' title='bbox 508 1110 696 1178; x_wconf 88' lang='lat' dir='ltr'>pagani</span> <span class='ocrx_word' id='word_1_78' title='bbox 733 1121 786 1162; x_wconf 93' lang='lat' dir='ltr'>et</span> <span class='ocrx_word' id='word_1_79' title='bbox 826 1111 1104 1162; x_wconf 87' lang='lat' dir='ltr'>increduli.</span> <span class='ocrx_word' id='word_1_80' title='bbox 1151 1111 1318 1171; x_wconf 83' lang='lat' dir='ltr'>Quae-</span> 
     </span>
     <span class='ocr_line' id='line_1_14' title="bbox 248 1182 1320 1245; baseline -0.002 -12"><span class='ocrx_word' id='word_1_81' title='bbox 248 1183 373 1233; x_wconf 90' lang='lat' dir='ltr'>dam</span> <span class='ocrx_word' id='word_1_82' title='bbox 421 1182 640 1243; x_wconf 87' lang='lat' dir='ltr'>virides,</span> <span class='ocrx_word' id='word_1_83' title='bbox 666 1192 728 1233; x_wconf 91' lang='lat' dir='ltr'>ut</span> <span class='ocrx_word' id='word_1_84' title='bbox 759 1182 1069 1245; x_wconf 84' lang='lat' dir='ltr'>Christiani,</span> <span class='ocrx_word' id='word_1_85' title='bbox 1097 1191 1149 1232; x_wconf 91' lang='lat' dir='ltr'>et</span> <span class='ocrx_word' id='word_1_86' title='bbox 1179 1182 1320 1232; x_wconf 89' lang='lat' dir='ltr'>inter</span> 
     </span>
     <span class='ocr_line' id='line_1_15' title="bbox 245 1252 1318 1319; baseline -0.002 -15"><span class='ocrx_word' id='word_1_87' title='bbox 245 1253 346 1304; x_wconf 87' lang='lat' dir='ltr'>has</span> <span class='ocrx_word' id='word_1_88' title='bbox 394 1252 592 1304; x_wconf 85' lang='lat' dir='ltr'>virides</span> <span class='ocrx_word' id='word_1_89' title='bbox 631 1269 645 1303; x_wconf 73' lang='grc' dir='ltr'><strong>ε</strong></span> <span class='ocrx_word' id='word_1_90' title='bbox 683 1252 931 1319; x_wconf 86' lang='lat' dir='ltr'>quaedam</span> <span class='ocrx_word' id='word_1_91' title='bbox 972 1252 1318 1303; x_wconf 89' lang='lat' dir='ltr'>infructuosae</span> 
     </span>
     <span class='ocr_line' id='line_1_16' title="bbox 192 1322 1316 1388; baseline -0.004 -12"><span class='ocrx_word' id='word_1_92' title='bbox 192 1324 203 1332; x_wconf 85' lang='lat'><strong><em>&#39;</em></strong></span> <span class='ocrx_word' id='word_1_93' title='bbox 246 1334 395 1388; x_wconf 86' lang='lat' dir='ltr'>sunt,</span> <span class='ocrx_word' id='word_1_94' title='bbox 450 1335 502 1375; x_wconf 89' lang='lat' dir='ltr'>et</span> <span class='ocrx_word' id='word_1_95' title='bbox 558 1325 768 1374; x_wconf 92' lang='lat' dir='ltr'>nullum</span> <span class='ocrx_word' id='word_1_96' title='bbox 808 1324 1042 1375; x_wconf 89' lang='lat' dir='ltr'>fructum</span> <span class='ocrx_word' id='word_1_97' title='bbox 1096 1322 1316 1386; x_wconf 89' lang='lat' dir='ltr'>faciunt,</span> 
     </span>
     <span class='ocr_line' id='line_1_17' title="bbox 246 1396 1318 1468; baseline -0.003 -20"><span class='ocrx_word' id='word_1_98' title='bbox 246 1407 309 1448; x_wconf 92' lang='lat' dir='ltr'>ut</span> <span class='ocrx_word' id='word_1_99' title='bbox 334 1397 513 1459; x_wconf 87' lang='lat' dir='ltr'>otiosi,</span> <span class='ocrx_word' id='word_1_100' title='bbox 538 1397 809 1460; x_wconf 82' lang='lat' dir='ltr'>accidiosi3</span> <span class='ocrx_word' id='word_1_101' title='bbox 841 1397 1084 1468; x_wconf 86' lang='lat' dir='ltr'>quaedam</span> <span class='ocrx_word' id='word_1_102' title='bbox 1114 1396 1318 1446; x_wconf 89' lang='lat' dir='ltr'>faciunt</span> 
     </span>
     <span class='ocr_line' id='line_1_18' title="bbox 244 1470 1317 1534; baseline -0.002 -12"><span class='ocrx_word' id='word_1_103' title='bbox 244 1471 505 1531; x_wconf 82' lang='lat' dir='ltr'>fructum,</span> <span class='ocrx_word' id='word_1_104' title='bbox 537 1472 630 1522; x_wconf 91' lang='lat' dir='ltr'>sed</span> <span class='ocrx_word' id='word_1_105' title='bbox 679 1471 948 1534; x_wconf 89' lang='lat' dir='ltr'>inutilem,</span> <span class='ocrx_word' id='word_1_106' title='bbox 978 1480 1030 1520; x_wconf 93' lang='lat' dir='ltr'>et</span> <span class='ocrx_word' id='word_1_107' title='bbox 1077 1487 1188 1520; x_wconf 88' lang='lat' dir='ltr'>non</span> <span class='ocrx_word' id='word_1_108' title='bbox 1213 1470 1317 1520; x_wconf 93' lang='lat' dir='ltr'>bo-</span> 
     </span>
     <span class='ocr_line' id='line_1_19' title="bbox 246 1541 1319 1607; baseline -0.002 -15"><span class='ocrx_word' id='word_1_109' title='bbox 246 1557 383 1592; x_wconf 91' lang='lat' dir='ltr'>num</span> <span class='ocrx_word' id='word_1_110' title='bbox 413 1556 509 1592; x_wconf 89' lang='lat' dir='ltr'>seu</span> <span class='ocrx_word' id='word_1_111' title='bbox 551 1541 908 1602; x_wconf 90' lang='lat' dir='ltr'>meritorium,</span> <span class='ocrx_word' id='word_1_112' title='bbox 961 1552 1022 1591; x_wconf 92' lang='lat' dir='ltr'>ut</span> <span class='ocrx_word' id='word_1_113' title='bbox 1073 1541 1319 1607; x_wconf 89' lang='lat' dir='ltr'>hypocri-</span> 
     </span>
     <span class='ocr_line' id='line_1_20' title="bbox 244 1611 1318 1678; baseline -0.003 -15"><span class='ocrx_word' id='word_1_114' title='bbox 244 1622 342 1674; x_wconf 83' lang='lat' dir='ltr'>tae3</span> <span class='ocrx_word' id='word_1_115' title='bbox 410 1613 657 1678; x_wconf 76' lang='lat' dir='ltr'>quaedam</span> <span class='ocrx_word' id='word_1_116' title='bbox 695 1611 897 1663; x_wconf 82' lang='lat' dir='ltr'>faciunt</span> <span class='ocrx_word' id='word_1_117' title='bbox 924 1611 1177 1672; x_wconf 91' lang='lat' dir='ltr'>fructum,</span> <span class='ocrx_word' id='word_1_118' title='bbox 1210 1627 1318 1661; x_wconf 89' lang='lat' dir='ltr'>non</span> 
     </span>
     <span class='ocr_line' id='line_1_21' title="bbox 248 1684 1319 1746; baseline -0.001 -11"><span class='ocrx_word' id='word_1_119' title='bbox 248 1694 465 1735; x_wconf 85' lang='lat' dir='ltr'>tantum</span> <span class='ocrx_word' id='word_1_120' title='bbox 516 1684 786 1746; x_wconf 90' lang='lat' dir='ltr'>inutilem,</span> <span class='ocrx_word' id='word_1_121' title='bbox 845 1684 937 1734; x_wconf 91' lang='lat' dir='ltr'>sed</span> <span class='ocrx_word' id='word_1_122' title='bbox 995 1686 1217 1745; x_wconf 90' lang='lat' dir='ltr'>malum,</span> <span class='ocrx_word' id='word_1_123' title='bbox 1268 1694 1319 1734; x_wconf 91' lang='lat' dir='ltr'>et</span> 
     </span>
     <span class='ocr_line' id='line_1_22' title="bbox 243 1755 1320 1821; baseline -0.001 -15"><span class='ocrx_word' id='word_1_124' title='bbox 243 1772 600 1817; x_wconf 81' lang='lat' dir='ltr'>venenosum,</span> <span class='ocrx_word' id='word_1_125' title='bbox 657 1766 717 1806; x_wconf 93' lang='lat' dir='ltr'>ut</span> <span class='ocrx_word' id='word_1_126' title='bbox 760 1755 1014 1816; x_wconf 83' lang='lat' dir='ltr'>haeretici,</span> <span class='ocrx_word' id='word_1_127' title='bbox 1054 1755 1146 1821; x_wconf 92' lang='lat' dir='ltr'>qui</span> <span class='ocrx_word' id='word_1_128' title='bbox 1179 1771 1320 1821; x_wconf 86' lang='lat' dir='ltr'>prae-</span> 
     </span>
     <span class='ocr_line' id='line_1_23' title="bbox 245 1827 1318 1894; baseline 0.001 -17"><span class='ocrx_word' id='word_1_129' title='bbox 245 1827 479 1878; x_wconf 90' lang='lat' dir='ltr'>dicando</span> <span class='ocrx_word' id='word_1_130' title='bbox 517 1827 750 1878; x_wconf 89' lang='lat' dir='ltr'>fructum</span> <span class='ocrx_word' id='word_1_131' title='bbox 792 1827 1025 1894; x_wconf 90' lang='lat' dir='ltr'>pariunt,</span> <span class='ocrx_word' id='word_1_132' title='bbox 1055 1828 1147 1877; x_wconf 92' lang='lat' dir='ltr'>sed</span> <span class='ocrx_word' id='word_1_133' title='bbox 1170 1843 1318 1878; x_wconf 89' lang='lat' dir='ltr'>mor-</span> 
     </span>
     <span class='ocr_line' id='line_1_24' title="bbox 244 1897 1318 1963; baseline -0.001 -14"><span class='ocrx_word' id='word_1_134' title='bbox 244 1897 467 1949; x_wconf 88' lang='lat' dir='ltr'>tiferum</span> <span class='ocrx_word' id='word_1_135' title='bbox 484 1915 497 1948; x_wconf 73' lang='grc' dir='ltr'>ε</span> <span class='ocrx_word' id='word_1_136' title='bbox 514 1908 566 1948; x_wconf 89' lang='lat' dir='ltr'>et</span> <span class='ocrx_word' id='word_1_137' title='bbox 588 1898 672 1948; x_wconf 88' lang='lat' dir='ltr'>hae</span> <span class='ocrx_word' id='word_1_138' title='bbox 687 1913 877 1948; x_wconf 92' lang='lat' dir='ltr'>omnes</span> <span class='ocrx_word' id='word_1_139' title='bbox 905 1897 1155 1948; x_wconf 91' lang='lat' dir='ltr'>incendio</span> <span class='ocrx_word' id='word_1_140' title='bbox 1183 1908 1318 1963; x_wconf 89' lang='lat' dir='ltr'>aptae</span> 
     </span>
     <span class='ocr_line' id='line_1_25' title="bbox 246 1967 1316 2035; baseline -0.002 -16"><span class='ocrx_word' id='word_1_141' title='bbox 246 1978 377 2019; x_wconf 90' lang='lat' dir='ltr'>sunt</span> <span class='ocrx_word' id='word_1_142' title='bbox 418 1977 471 2019; x_wconf 90' lang='lat' dir='ltr'>et</span> <span class='ocrx_word' id='word_1_143' title='bbox 507 1967 864 2031; x_wconf 90' lang='lat' dir='ltr'>damnabiles;</span> <span class='ocrx_word' id='word_1_144' title='bbox 901 1968 1146 2035; x_wconf 89' lang='lat' dir='ltr'>quaedam</span> <span class='ocrx_word' id='word_1_145' title='bbox 1189 1983 1316 2017; x_wconf 89' lang='lat' dir='ltr'>vero</span> 
     </span>
     <span class='ocr_line' id='line_1_26' title="bbox 243 2036 1317 2098; baseline -0.002 -9"><span class='ocrx_word' id='word_1_146' title='bbox 243 2039 456 2089; x_wconf 91' lang='lat' dir='ltr'>bonum</span> <span class='ocrx_word' id='word_1_147' title='bbox 507 2036 742 2089; x_wconf 89' lang='lat' dir='ltr'>fructum</span> <span class='ocrx_word' id='word_1_148' title='bbox 792 2037 1024 2098; x_wconf 88' lang='lat' dir='ltr'>faciunt,</span> <span class='ocrx_word' id='word_1_149' title='bbox 1073 2046 1133 2087; x_wconf 91' lang='lat' dir='ltr'>ut</span> <span class='ocrx_word' id='word_1_150' title='bbox 1186 2037 1317 2088; x_wconf 91' lang='lat' dir='ltr'>boni</span> 
     </span>
     <span class='ocr_line' id='line_1_27' title="bbox 245 2112 1317 2177; baseline -0.001 -13"><span class='ocrx_word' id='word_1_151' title='bbox 245 2112 545 2177; x_wconf 88' lang='lat' dir='ltr'>Catholici,</span> <span class='ocrx_word' id='word_1_152' title='bbox 604 2113 914 2163; x_wconf 88' lang='lat' dir='ltr'>obedientes</span> <span class='ocrx_word' id='word_1_153' title='bbox 967 2112 1131 2163; x_wconf 88' lang='lat' dir='ltr'>verbo</span> <span class='ocrx_word' id='word_1_154' title='bbox 1202 2112 1317 2163; x_wconf 90' lang='lat' dir='ltr'>Dei.</span> 
     </span>
     <span class='ocr_line' id='line_1_28' title="bbox 244 2183 1318 2251; baseline -0.002 -14"><span class='ocrx_word' id='word_1_155' title='bbox 244 2185 474 2237; x_wconf 87' lang='lat' dir='ltr'>Radices</span> <span class='ocrx_word' id='word_1_156' title='bbox 525 2185 733 2237; x_wconf 89' lang='lat' dir='ltr'>arboris</span> <span class='ocrx_word' id='word_1_157' title='bbox 794 2195 921 2237; x_wconf 90' lang='lat' dir='ltr'>sunt</span> <span class='ocrx_word' id='word_1_158' title='bbox 968 2183 1318 2251; x_wconf 88' lang='lat' dir='ltr'>cogitationes</span> 
     </span>
     <span class='ocr_line' id='line_1_29' title="bbox 243 2259 1317 2326; baseline -0.002 -16"><span class='ocrx_word' id='word_1_159' title='bbox 243 2260 448 2326; x_wconf 89' lang='lat' dir='ltr'>quibus</span> <span class='ocrx_word' id='word_1_160' title='bbox 495 2261 732 2326; x_wconf 89' lang='lat' dir='ltr'>plantati,</span> <span class='ocrx_word' id='word_1_161' title='bbox 788 2261 872 2311; x_wconf 87' lang='lat' dir='ltr'>vel</span> <span class='ocrx_word' id='word_1_162' title='bbox 917 2275 1133 2310; x_wconf 89' lang='lat' dir='ltr'>sursum</span> <span class='ocrx_word' id='word_1_163' title='bbox 1181 2259 1317 2310; x_wconf 91' lang='lat' dir='ltr'>coelo</span> 
     </span>
     <span class='ocr_line' id='line_1_30' title="bbox 242 2328 1316 2395; baseline -0.002 -14"><span class='ocrx_word' id='word_1_164' title='bbox 242 2331 640 2395; x_wconf 90' lang='lat' dir='ltr'>sustolluntur,</span> <span class='ocrx_word' id='word_1_165' title='bbox 710 2332 794 2382; x_wconf 85' lang='lat' dir='ltr'>vel</span> <span class='ocrx_word' id='word_1_166' title='bbox 836 2331 902 2381; x_wconf 89' lang='lat' dir='ltr'>ad</span> <span class='ocrx_word' id='word_1_167' title='bbox 960 2330 1068 2382; x_wconf 88' lang='lat' dir='ltr'>ima</span> <span class='ocrx_word' id='word_1_168' title='bbox 1121 2328 1316 2379; x_wconf 88' lang='lat' dir='ltr'>inferni</span> 
     </span>
     <span class='ocr_line' id='line_1_31' title="bbox 242 2403 1318 2467; baseline -0.001 -14"><span class='ocrx_word' id='word_1_169' title='bbox 242 2403 563 2467; x_wconf 75' lang='lat' dir='ltr'>mittuntur5</span> <span class='ocrx_word' id='word_1_170' title='bbox 586 2404 667 2455; x_wconf 88' lang='lat' dir='ltr'>vel</span> <span class='ocrx_word' id='word_1_171' title='bbox 687 2403 890 2454; x_wconf 89' lang='lat' dir='ltr'>radices</span> <span class='ocrx_word' id='word_1_172' title='bbox 913 2413 1043 2454; x_wconf 92' lang='lat' dir='ltr'>sunt</span> <span class='ocrx_word' id='word_1_173' title='bbox 1069 2403 1318 2453; x_wconf 86' lang='lat' dir='ltr'>voluntas</span> 
     </span>
     <span class='ocr_line' id='line_1_32' title="bbox 241 2474 1319 2540; baseline -0.001 -17"><span class='ocrx_word' id='word_1_174' title='bbox 241 2474 389 2524; x_wconf 91' lang='lat' dir='ltr'>bona</span> <span class='ocrx_word' id='word_1_175' title='bbox 415 2484 468 2524; x_wconf 94' lang='lat' dir='ltr'>et</span> <span class='ocrx_word' id='word_1_176' title='bbox 515 2475 672 2537; x_wconf 88' lang='lat' dir='ltr'>mala,</span> <span class='ocrx_word' id='word_1_177' title='bbox 714 2490 779 2524; x_wconf 84' lang='lat' dir='ltr'>ex</span> <span class='ocrx_word' id='word_1_178' title='bbox 817 2489 924 2540; x_wconf 89' lang='lat' dir='ltr'>qua</span> <span class='ocrx_word' id='word_1_179' title='bbox 969 2474 1109 2524; x_wconf 90' lang='lat' dir='ltr'>sicut</span> <span class='ocrx_word' id='word_1_180' title='bbox 1137 2488 1200 2522; x_wconf 84' lang='lat' dir='ltr'>ex</span> <span class='ocrx_word' id='word_1_181' title='bbox 1230 2488 1319 2522; x_wconf 87' lang='lat' dir='ltr'>ra-</span> 
     </span>
     <span class='ocr_line' id='line_1_33' title="bbox 241 2544 1317 2613; baseline 0 -18"><span class='ocrx_word' id='word_1_182' title='bbox 241 2546 361 2596; x_wconf 90' lang='lat' dir='ltr'>dice</span> <span class='ocrx_word' id='word_1_183' title='bbox 417 2546 683 2612; x_wconf 90' lang='lat' dir='ltr'>prodeunt</span> <span class='ocrx_word' id='word_1_184' title='bbox 745 2557 1002 2613; x_wconf 90' lang='lat' dir='ltr'>tanquam</span> <span class='ocrx_word' id='word_1_185' title='bbox 1071 2544 1280 2596; x_wconf 89' lang='lat' dir='ltr'>fructus</span> <span class='ocrx_word' id='word_1_186' title='bbox 1303 2584 1317 2606; x_wconf 93' lang='lat'>,</span> 
     </span>
     <span class='ocr_line' id='line_1_34' title="bbox 244 2618 1319 2685; baseline -0.002 -17"><span class='ocrx_word' id='word_1_187' title='bbox 244 2619 389 2668; x_wconf 93' lang='lat' dir='ltr'>bona</span> <span class='ocrx_word' id='word_1_188' title='bbox 430 2628 481 2668; x_wconf 89' lang='lat' dir='ltr'>et</span> <span class='ocrx_word' id='word_1_189' title='bbox 524 2618 661 2668; x_wconf 87' lang='lat' dir='ltr'>mala</span> <span class='ocrx_word' id='word_1_190' title='bbox 718 2618 880 2669; x_wconf 87' lang='lat' dir='ltr'>verba</span> <span class='ocrx_word' id='word_1_191' title='bbox 913 2628 964 2669; x_wconf 94' lang='lat' dir='ltr'>et</span> <span class='ocrx_word' id='word_1_192' title='bbox 991 2633 1151 2685; x_wconf 91' lang='lat' dir='ltr'>opera</span> <span class='ocrx_word' id='word_1_193' title='bbox 1196 2632 1319 2682; x_wconf 89' lang='lat' dir='ltr'>quae</span> 
     </span>
     <span class='ocr_line' id='line_1_35' title="bbox 239 2688 1317 2755; baseline 0 -18"><span class='ocrx_word' id='word_1_194' title='bbox 239 2688 534 2739; x_wconf 87' lang='lat' dir='ltr'>voluntatis</span> <span class='ocrx_word' id='word_1_195' title='bbox 582 2698 710 2739; x_wconf 89' lang='lat' dir='ltr'>sunt</span> <span class='ocrx_word' id='word_1_196' title='bbox 757 2689 1086 2740; x_wconf 88' lang='lat' dir='ltr'>testimonia.</span> <span class='ocrx_word' id='word_1_197' title='bbox 1134 2688 1317 2755; x_wconf 84' lang='lat' dir='ltr'>Igitur,</span> 
     </span>
     <span class='ocr_line' id='line_1_36' title="bbox 245 2761 1318 2814; baseline -0.001 -2"><span class='ocrx_word' id='word_1_198' title='bbox 245 2769 308 2812; x_wconf 91' lang='lat' dir='ltr'>ut</span> <span class='ocrx_word' id='word_1_199' title='bbox 349 2761 476 2811; x_wconf 90' lang='lat' dir='ltr'>dicit</span> <span class='ocrx_word' id='word_1_200' title='bbox 516 2763 837 2813; x_wconf 84' lang='lat' dir='ltr'>Ambrosius</span> <span class='ocrx_word' id='word_1_201' title='bbox 867 2781 886 2814; x_wconf 82' lang='lat'>.-</span> <span class='ocrx_word' id='word_1_202' title='bbox 915 2782 943 2810; x_wconf 70' lang='grc' dir='ltr'>ιι</span> <span class='ocrx_word' id='word_1_203' title='bbox 969 2762 1147 2813; x_wconf 88' lang='lat' dir='ltr'>Faciat</span> <span class='ocrx_word' id='word_1_204' title='bbox 1199 2761 1318 2813; x_wconf 89' lang='lat' dir='ltr'>fru-</span> 
     </span>
     <span class='ocr_line' id='line_1_37' title="bbox 244 2831 1319 2900; baseline -0.002 -17"><span class='ocrx_word' id='word_1_205' title='bbox 244 2842 391 2883; x_wconf 88' lang='lat' dir='ltr'>ctum</span> <span class='ocrx_word' id='word_1_206' title='bbox 431 2832 527 2899; x_wconf 89' lang='lat' dir='ltr'>qui</span> <span class='ocrx_word' id='word_1_207' title='bbox 575 2843 746 2898; x_wconf 89' lang='lat' dir='ltr'>potest</span> <span class='ocrx_word' id='word_1_208' title='bbox 775 2833 976 2900; x_wconf 83' lang='lat' dir='ltr'>gratiae,</span> <span class='ocrx_word' id='word_1_209' title='bbox 1021 2832 1116 2899; x_wconf 89' lang='lat' dir='ltr'>qui</span> <span class='ocrx_word' id='word_1_210' title='bbox 1163 2831 1319 2882; x_wconf 89' lang='lat' dir='ltr'>debet</span> 
     </span>
     <span class='ocr_line' id='line_1_38' title="bbox 245 2905 1318 2971; baseline 0.001 -17"><span class='ocrx_word' id='word_1_211' title='bbox 245 2906 600 2971; x_wconf 82' lang='lat' dir='ltr'>poenitentiae3</span> <span class='ocrx_word' id='word_1_212' title='bbox 676 2907 824 2957; x_wconf 91' lang='lat' dir='ltr'>adest</span> <span class='ocrx_word' id='word_1_213' title='bbox 886 2906 1155 2956; x_wconf 88' lang='lat' dir='ltr'>Dominus</span> <span class='ocrx_word' id='word_1_214' title='bbox 1223 2905 1318 2971; x_wconf 88' lang='lat' dir='ltr'>qui</span> 
     </span>
     <span class='ocr_line' id='line_1_39' title="bbox 247 2976 1318 3043; baseline 0 -17"><span class='ocrx_word' id='word_1_215' title='bbox 247 2976 484 3027; x_wconf 86' lang='lat' dir='ltr'>fructum</span> <span class='ocrx_word' id='word_1_216' title='bbox 518 2977 785 3043; x_wconf 87' lang='lat' dir='ltr'>requirat,</span> <span class='ocrx_word' id='word_1_217' title='bbox 836 2976 1091 3028; x_wconf 58' lang='lat' dir='ltr'>fecundos</span> <span class='ocrx_word' id='word_1_218' title='bbox 1137 2976 1318 3027; x_wconf 82' lang='lat' dir='ltr'>vivili-</span> 
     </span>
     <span class='ocr_line' id='line_1_40' title="bbox 246 3047 1043 3114; baseline -0.003 -16"><span class='ocrx_word' id='word_1_219' title='bbox 246 3057 347 3112; x_wconf 90' lang='lat' dir='ltr'>cet,</span> <span class='ocrx_word' id='word_1_220' title='bbox 374 3047 582 3098; x_wconf 89' lang='lat' dir='ltr'>steriles</span> <span class='ocrx_word' id='word_1_221' title='bbox 612 3048 984 3114; x_wconf 88' lang='lat' dir='ltr'>reprehendat.</span> <span class='ocrx_word' id='word_1_222' title='bbox 1016 3067 1043 3095; x_wconf 69' lang='grc' dir='ltr'>ι»</span> 
     </span>
    </p>

    <p class='ocr_par' dir='ltr' id='par_1_3' title="bbox 234 3117 1322 3898">
     <span class='ocr_line' id='line_1_41' title="bbox 318 3117 1316 3169; baseline -0.001 -1"><span class='ocrx_word' id='word_1_223' title='bbox 318 3117 379 3168; x_wconf 89' lang='lat'>15</span> <span class='ocrx_word' id='word_1_224' title='bbox 437 3118 802 3169; x_wconf 69' lang='lat' dir='ltr'>ELssExoerAE</span> <span class='ocrx_word' id='word_1_225' title='bbox 844 3133 1114 3168; x_wconf 60' lang='lat' dir='ltr'>rami-:nnat</span> <span class='ocrx_word' id='word_1_226' title='bbox 1169 3133 1316 3168; x_wconf 66' lang='lat' dir='ltr'>1³11AE-</span> 
     </span>
     <span class='ocr_line' id='line_1_42' title="bbox 245 3191 1319 3243; baseline 0.001 -2"><span class='ocrx_word' id='word_1_227' title='bbox 245 3207 475 3243; x_wconf 71' lang='lat' dir='ltr'>cnpruu.</span> <span class='ocrx_word' id='word_1_228' title='bbox 509 3219 571 3229; x_wconf 92' lang='lat'><em>-</em></span> <span class='ocrx_word' id='word_1_229' title='bbox 612 3191 813 3242; x_wconf 84' lang='lat' dir='ltr'>Turbae</span> <span class='ocrx_word' id='word_1_230' title='bbox 840 3207 966 3243; x_wconf 87' lang='lat' dir='ltr'>vero</span> <span class='ocrx_word' id='word_1_231' title='bbox 1013 3191 1319 3242; x_wconf 88' lang='lat' dir='ltr'>commina-</span> 
     </span>
     <span class='ocr_line' id='line_1_43' title="bbox 249 3261 1319 3328; baseline -0.001 -16"><span class='ocrx_word' id='word_1_232' title='bbox 249 3261 458 3313; x_wconf 85' lang='lat' dir='ltr'>tionem</span> <span class='ocrx_word' id='word_1_233' title='bbox 541 3262 804 3328; x_wconf 85' lang='lat' dir='ltr'>gehennae</span> <span class='ocrx_word' id='word_1_234' title='bbox 887 3277 985 3328; x_wconf 92' lang='lat' dir='ltr'>pro</span> <span class='ocrx_word' id='word_1_235' title='bbox 1064 3262 1319 3327; x_wconf 89' lang='lat' dir='ltr'>operibus</span> 
     </span>
     <span class='ocr_line' id='line_1_44' title="bbox 249 3333 1320 3394; baseline 0.002 -12"><span class='ocrx_word' id='word_1_236' title='bbox 249 3333 428 3394; x_wconf 83' lang='lat' dir='ltr'>malis,</span> <span class='ocrx_word' id='word_1_237' title='bbox 469 3342 522 3384; x_wconf 91' lang='lat' dir='ltr'>et</span> <span class='ocrx_word' id='word_1_238' title='bbox 572 3334 869 3384; x_wconf 91' lang='lat' dir='ltr'>omissione</span> <span class='ocrx_word' id='word_1_239' title='bbox 906 3334 1174 3384; x_wconf 90' lang='lat' dir='ltr'>bonorum</span> <span class='ocrx_word' id='word_1_240' title='bbox 1217 3349 1320 3384; x_wconf 90' lang='lat' dir='ltr'>au-</span> 
     </span>
     <span class='ocr_line' id='line_1_45' title="bbox 247 3406 1319 3474; baseline 0.002 -18"><span class='ocrx_word' id='word_1_241' title='bbox 247 3406 458 3460; x_wconf 89' lang='lat' dir='ltr'>dientes</span> <span class='ocrx_word' id='word_1_242' title='bbox 503 3407 676 3459; x_wconf 87' lang='lat' dir='ltr'>territi</span> <span class='ocrx_word' id='word_1_243' title='bbox 718 3408 1129 3474; x_wconf 82' lang='lat' dir='ltr'>interrogabant</span> <span class='ocrx_word' id='word_1_244' title='bbox 1155 3409 1319 3458; x_wconf 87' lang='lat' dir='ltr'>Joan-</span> 
     </span>
     <span class='ocr_line' id='line_1_46' title="bbox 248 3478 1322 3545; baseline 0.001 -17"><span class='ocrx_word' id='word_1_245' title='bbox 248 3494 394 3542; x_wconf 90' lang='lat' dir='ltr'>nem,</span> <span class='ocrx_word' id='word_1_246' title='bbox 427 3479 661 3530; x_wconf 85' lang='lat' dir='ltr'>dicentes</span> <span class='ocrx_word' id='word_1_247' title='bbox 690 3496 707 3530; x_wconf 90' lang='lat'>.·</span> <span class='ocrx_word' id='word_1_248' title='bbox 741 3479 889 3539; x_wconf 82' lang='lat' dir='ltr'>Quid</span> <span class='ocrx_word' id='word_1_249' title='bbox 907 3493 1060 3545; x_wconf 79' lang='lat' dir='ltr'>ergn,</span> <span class='ocrx_word' id='word_1_250' title='bbox 1093 3495 1162 3529; x_wconf 91' lang='lat' dir='ltr'>ne</span> <span class='ocrx_word' id='word_1_251' title='bbox 1187 3478 1322 3529; x_wconf 84' lang='lat' dir='ltr'>exci-</span> 
     </span>
     <span class='ocr_line' id='line_1_47' title="bbox 246 3548 1318 3616; baseline 0 -17"><span class='ocrx_word' id='word_1_252' title='bbox 246 3549 475 3610; x_wconf 87' lang='lat' dir='ltr'>damur,</span> <span class='ocrx_word' id='word_1_253' title='bbox 539 3559 591 3599; x_wconf 89' lang='lat' dir='ltr'>et</span> <span class='ocrx_word' id='word_1_254' title='bbox 652 3548 707 3599; x_wconf 91' lang='lat' dir='ltr'>in</span> <span class='ocrx_word' id='word_1_255' title='bbox 765 3549 948 3616; x_wconf 84' lang='lat' dir='ltr'>ignem</span> <span class='ocrx_word' id='word_1_256' title='bbox 1003 3549 1318 3611; x_wconf 87' lang='lat' dir='ltr'>mittamur,</span> 
     </span>
     <span class='ocr_line' id='line_1_48' title="bbox 234 3621 1321 3688; baseline -0.001 -16"><span class='ocrx_word' id='word_1_257' title='bbox 234 3621 514 3687; x_wconf 87' lang='lat' dir='ltr'>faciemus</span> <span class='ocrx_word' id='word_1_258' title='bbox 544 3632 596 3672; x_wconf 89' lang='lat' dir='ltr'>et</span> <span class='ocrx_word' id='word_1_259' title='bbox 633 3621 1008 3688; x_wconf 78' lang='lat' dir='ltr'>operabimur?</span> <span class='ocrx_word' id='word_1_260' title='bbox 1036 3622 1202 3682; x_wconf 87' lang='lat' dir='ltr'>Quasi</span> <span class='ocrx_word' id='word_1_261' title='bbox 1231 3622 1321 3671; x_wconf 91' lang='lat' dir='ltr'>di-</span> 
     </span>
     <span class='ocr_line' id='line_1_49' title="bbox 246 3693 1322 3760; baseline 0.001 -18"><span class='ocrx_word' id='word_1_262' title='bbox 246 3703 447 3753; x_wconf 90' lang='lat' dir='ltr'>cerent,</span> <span class='ocrx_word' id='word_1_263' title='bbox 472 3693 640 3743; x_wconf 89' lang='lat' dir='ltr'>vitam</span> <span class='ocrx_word' id='word_1_264' title='bbox 676 3704 914 3744; x_wconf 87' lang='lat' dir='ltr'>nostram</span> <span class='ocrx_word' id='word_1_265' title='bbox 947 3694 1211 3760; x_wconf 89' lang='lat' dir='ltr'>corrigere</span> <span class='ocrx_word' id='word_1_266' title='bbox 1238 3709 1322 3760; x_wconf 87' lang='lat' dir='ltr'>pa·</span> 
     </span>
     <span class='ocr_line' id='line_1_50' title="bbox 243 3763 1322 3829; baseline 0.001 -16"><span class='ocrx_word' id='word_1_267' title='bbox 243 3764 346 3813; x_wconf 88' lang='lat' dir='ltr'>rati</span> <span class='ocrx_word' id='word_1_268' title='bbox 373 3778 582 3815; x_wconf 90' lang='lat' dir='ltr'>sumus.</span> <span class='ocrx_word' id='word_1_269' title='bbox 630 3763 695 3813; x_wconf 89' lang='lat' dir='ltr'>Et</span> <span class='ocrx_word' id='word_1_270' title='bbox 736 3764 1062 3829; x_wconf 83' lang='lat' dir='ltr'>respondens</span> <span class='ocrx_word' id='word_1_271' title='bbox 1113 3764 1322 3814; x_wconf 84' lang='lat' dir='ltr'>dicebat</span> 
     </span>
     <span class='ocr_line' id='line_1_51' title="bbox 241 3835 1319 3898; baseline 0 -13"><span class='ocrx_word' id='word_1_272' title='bbox 241 3835 423 3892; x_wconf 76' lang='lat' dir='ltr'>turbis</span> <span class='ocrx_word' id='word_1_273' title='bbox 450 3851 463 3883; x_wconf 78' lang='lat'>2</span> <span class='ocrx_word' id='word_1_274' title='bbox 495 3835 607 3895; x_wconf 82' lang='lat' dir='ltr'>Qui</span> <span class='ocrx_word' id='word_1_275' title='bbox 641 3835 797 3886; x_wconf 87' lang='lat' dir='ltr'>habet</span> <span class='ocrx_word' id='word_1_276' title='bbox 836 3835 973 3886; x_wconf 84' lang='lat' dir='ltr'>duas</span> <span class='ocrx_word' id='word_1_277' title='bbox 1004 3835 1231 3898; x_wconf 76' lang='lat' dir='ltr'>tunicaS,</span> <span class='ocrx_word' id='word_1_278' title='bbox 1265 3835 1319 3886; x_wconf 91' lang='lat' dir='ltr'>id</span> 
     </span>
    </p>
   </div>
   <div class='ocr_carea' id='block_1_3' title="bbox 371 3953 1208 4017">
    <p class='ocr_par' dir='ltr' id='par_1_4' title="bbox 371 3953 1208 4017">
     <span class='ocr_line' id='line_1_52' title="bbox 371 3953 1208 4017; baseline 0.002 -12"><span class='ocrx_word' id='word_1_279' title='bbox 371 3953 511 4005; x_wconf 69' lang='lat' dir='ltr'>VrrA</span> <span class='ocrx_word' id='word_1_280' title='bbox 538 3954 665 4006; x_wconf 68' lang='lat' dir='ltr'>Jnsu</span> <span class='ocrx_word' id='word_1_281' title='bbox 695 3955 932 4017; x_wconf 68' lang='lat' dir='ltr'>Caium,</span> <span class='ocrx_word' id='word_1_282' title='bbox 962 3969 1134 4007; x_wconf 71' lang='lat' dir='ltr'>ronus</span> <span class='ocrx_word' id='word_1_283' title='bbox 1167 3954 1208 4007; x_wconf 88' lang='lat'>1.</span> 
     </span>
    </p>
   </div>
   <div class='ocr_carea' id='block_1_4' title="bbox 2385 228 2483 281">
    <p class='ocr_par' dir='ltr' id='par_1_5' title="bbox 2385 228 2483 281">
     <span class='ocr_line' id='line_1_53' title="bbox 2385 228 2483 281; baseline 0.01 -1"><span class='ocrx_word' id='word_1_284' title='bbox 2385 228 2483 281; x_wconf 86' lang='lat'>¹77</span> 
     </span>
    </p>
   </div>
   <div class='ocr_carea' id='block_1_5' title="bbox 1413 326 2491 606">
    <p class='ocr_par' dir='ltr' id='par_1_6' title="bbox 1413 326 2491 606">
     <span class='ocr_line' id='line_1_54' title="bbox 1423 326 2488 394; baseline 0.006 -18"><span class='ocrx_word' id='word_1_285' title='bbox 1423 336 1519 385; x_wconf 92' lang='lat' dir='ltr'>est,</span> <span class='ocrx_word' id='word_1_286' title='bbox 1563 326 1945 377; x_wconf 86' lang='lat' dir='ltr'>vestimentum</span> <span class='ocrx_word' id='word_1_287' title='bbox 1997 327 2351 394; x_wconf 89' lang='lat' dir='ltr'>superfluum,</span> <span class='ocrx_word' id='word_1_288' title='bbox 2397 331 2488 382; x_wconf 82' lang='lat' dir='ltr'>det</span> 
     </span>
     <span class='ocr_line' id='line_1_55' title="bbox 1423 396 2491 463; baseline 0.007 -18"><span class='ocrx_word' id='word_1_289' title='bbox 1423 396 1569 462; x_wconf 89' lang='lat' dir='ltr'>quod</span> <span class='ocrx_word' id='word_1_290' title='bbox 1601 397 2000 462; x_wconf 87' lang='lat' dir='ltr'>superabundat</span> <span class='ocrx_word' id='word_1_291' title='bbox 2046 413 2146 449; x_wconf 88' lang='lat' dir='ltr'>non</span> <span class='ocrx_word' id='word_1_292' title='bbox 2166 399 2379 451; x_wconf 83' lang='lat' dir='ltr'>habenti</span> <span class='ocrx_word' id='word_1_293' title='bbox 2393 418 2414 463; x_wconf 87' lang='lat'>,·</span> <span class='ocrx_word' id='word_1_294' title='bbox 2438 408 2491 452; x_wconf 84' lang='lat' dir='ltr'>et</span> 
     </span>
     <span class='ocr_line' id='line_1_56' title="bbox 1423 468 2490 535; baseline 0.005 -17"><span class='ocrx_word' id='word_1_295' title='bbox 1423 468 1513 535; x_wconf 85' lang='lat' dir='ltr'>qui</span> <span class='ocrx_word' id='word_1_296' title='bbox 1536 468 1690 518; x_wconf 80' lang='lat' dir='ltr'>habet</span> <span class='ocrx_word' id='word_1_297' title='bbox 1722 482 1876 519; x_wconf 90' lang='lat' dir='ltr'>escas</span> <span class='ocrx_word' id='word_1_298' title='bbox 1917 468 2213 534; x_wconf 88' lang='lat' dir='ltr'>superfluas</span> <span class='ocrx_word' id='word_1_299' title='bbox 2240 471 2490 523; x_wconf 85' lang='lat' dir='ltr'>similiter</span> 
     </span>
     <span class='ocr_line' id='line_1_57' title="bbox 1413 538 2489 606; baseline 0.005 -17"><span class='ocrx_word' id='word_1_300' title='bbox 1413 538 1615 605; x_wconf 88' lang='lat' dir='ltr'>saciat‚·</span> <span class='ocrx_word' id='word_1_301' title='bbox 1653 548 1705 590; x_wconf 91' lang='lat' dir='ltr'>et</span> <span class='ocrx_word' id='word_1_302' title='bbox 1737 538 1810 590; x_wconf 90' lang='lat' dir='ltr'>ita</span> <span class='ocrx_word' id='word_1_303' title='bbox 1850 539 2263 606; x_wconf 90' lang='lat' dir='ltr'>intelligendum</span> <span class='ocrx_word' id='word_1_304' title='bbox 2305 552 2387 592; x_wconf 92' lang='lat' dir='ltr'>est</span> <span class='ocrx_word' id='word_1_305' title='bbox 2421 544 2489 594; x_wconf 90' lang='lat' dir='ltr'>de</span> 
     </span>
    </p>
   </div>
   <div class='ocr_carea' id='block_1_6' title="bbox 1404 611 2486 680">
    <p class='ocr_par' dir='ltr' id='par_1_7' title="bbox 1404 611 2486 680">
     <span class='ocr_line' id='line_1_58' title="bbox 1404 611 2486 680; baseline 0.003 -18"><span class='ocrx_word' id='word_1_306' title='bbox 1404 611 1545 662; x_wconf 49' lang='lat' dir='ltr'>*aliis</span> <span class='ocrx_word' id='word_1_307' title='bbox 1577 611 1739 661; x_wconf 87' lang='lat' dir='ltr'>rebus</span> <span class='ocrx_word' id='word_1_308' title='bbox 1775 611 2209 679; x_wconf 87' lang='lat' dir='ltr'>quibuscumque</span> <span class='ocrx_word' id='word_1_309' title='bbox 2231 629 2351 680; x_wconf 89' lang='lat' dir='ltr'>quae</span> <span class='ocrx_word' id='word_1_310' title='bbox 2388 630 2486 665; x_wconf 88' lang='lat' dir='ltr'>su-</span> 
     </span>
    </p>
   </div>
   <div class='ocr_carea' id='block_1_7' title="bbox 1421 683 2493 3893">
    <p class='ocr_par' dir='ltr' id='par_1_8' title="bbox 1421 683 2493 3893">
     <span class='ocr_line' id='line_1_59' title="bbox 1424 683 2486 750; baseline 0.004 -15"><span class='ocrx_word' id='word_1_311' title='bbox 1424 683 1726 750; x_wconf 89' lang='lat' dir='ltr'>perfluunt,</span> <span class='ocrx_word' id='word_1_312' title='bbox 1772 685 2103 736; x_wconf 87' lang='lat' dir='ltr'>considerata</span> <span class='ocrx_word' id='word_1_313' title='bbox 2149 687 2486 739; x_wconf 86' lang='lat' dir='ltr'>convenienti</span> 
     </span>
     <span class='ocr_line' id='line_1_60' title="bbox 1425 758 2491 824; baseline 0.004 -17"><span class='ocrx_word' id='word_1_314' title='bbox 1425 758 1736 809; x_wconf 83' lang='lat' dir='ltr'>necessitate</span> <span class='ocrx_word' id='word_1_315' title='bbox 1786 767 1955 809; x_wconf 88' lang='lat' dir='ltr'>status</span> <span class='ocrx_word' id='word_1_316' title='bbox 2028 773 2286 824; x_wconf 88' lang='lat' dir='ltr'>personae.</span> <span class='ocrx_word' id='word_1_317' title='bbox 2335 759 2491 812; x_wconf 91' lang='lat' dir='ltr'>Unde</span> 
     </span>
     <span class='ocr_line' id='line_1_61' title="bbox 1424 830 2488 896; baseline 0.003 -17"><span class='ocrx_word' id='word_1_318' title='bbox 1424 830 1668 880; x_wconf 80' lang='lat' dir='ltr'>Basilius</span> <span class='ocrx_word' id='word_1_319' title='bbox 1695 847 1714 882; x_wconf 89' lang='lat'>.·</span> <span class='ocrx_word' id='word_1_320' title='bbox 1746 849 1773 877; x_wconf 88' lang='lat'>«</span> <span class='ocrx_word' id='word_1_321' title='bbox 1802 830 1944 881; x_wconf 87' lang='lat' dir='ltr'>Hinc</span> <span class='ocrx_word' id='word_1_322' title='bbox 1980 840 2159 881; x_wconf 91' lang='lat' dir='ltr'>autem</span> <span class='ocrx_word' id='word_1_323' title='bbox 2206 831 2488 896; x_wconf 84' lang='lat' dir='ltr'>docemur,</span> 
     </span>
     <span class='ocr_line' id='line_1_62' title="bbox 1423 901 2491 969; baseline 0.005 -19"><span class='ocrx_word' id='word_1_324' title='bbox 1423 901 1552 966; x_wconf 88' lang='lat' dir='ltr'>quia</span> <span class='ocrx_word' id='word_1_325' title='bbox 1579 915 1643 951; x_wconf 86' lang='lat' dir='ltr'>ex</span> <span class='ocrx_word' id='word_1_326' title='bbox 1668 901 1819 951; x_wconf 91' lang='lat' dir='ltr'>omni</span> <span class='ocrx_word' id='word_1_327' title='bbox 1848 917 1911 952; x_wconf 93' lang='lat' dir='ltr'>eo</span> <span class='ocrx_word' id='word_1_328' title='bbox 1940 901 2088 967; x_wconf 91' lang='lat' dir='ltr'>quod</span> <span class='ocrx_word' id='word_1_329' title='bbox 2115 901 2287 952; x_wconf 88' lang='lat' dir='ltr'>affluit</span> <span class='ocrx_word' id='word_1_330' title='bbox 2329 910 2491 969; x_wconf 81' lang='lat' dir='ltr'>supra</span> 
     </span>
     <span class='ocr_line' id='line_1_63' title="bbox 1424 970 2487 1037; baseline 0.004 -17"><span class='ocrx_word' id='word_1_331' title='bbox 1424 971 1627 1037; x_wconf 89' lang='lat' dir='ltr'>proprii</span> <span class='ocrx_word' id='word_1_332' title='bbox 1670 971 1842 1022; x_wconf 88' lang='lat' dir='ltr'>victus</span> <span class='ocrx_word' id='word_1_333' title='bbox 1891 970 2281 1034; x_wconf 83' lang='lat' dir='ltr'>necessitatem,</span> <span class='ocrx_word' id='word_1_334' title='bbox 2331 983 2487 1024; x_wconf 89' lang='lat' dir='ltr'>tene-</span> 
     </span>
     <span class='ocr_line' id='line_1_64' title="bbox 1424 1043 2488 1111; baseline 0.005 -19"><span class='ocrx_word' id='word_1_335' title='bbox 1424 1058 1547 1093; x_wconf 91' lang='lat' dir='ltr'>mur</span> <span class='ocrx_word' id='word_1_336' title='bbox 1594 1058 1811 1110; x_wconf 90' lang='lat' dir='ltr'>erogare</span> <span class='ocrx_word' id='word_1_337' title='bbox 1860 1043 1938 1095; x_wconf 92' lang='lat' dir='ltr'>illi</span> <span class='ocrx_word' id='word_1_338' title='bbox 1997 1044 2092 1111; x_wconf 89' lang='lat' dir='ltr'>qui</span> <span class='ocrx_word' id='word_1_339' title='bbox 2140 1061 2253 1097; x_wconf 86' lang='lat' dir='ltr'>non</span> <span class='ocrx_word' id='word_1_340' title='bbox 2308 1045 2488 1106; x_wconf 90' lang='lat' dir='ltr'>habet,</span> 
     </span>
     <span class='ocr_line' id='line_1_65' title="bbox 1423 1116 2492 1184; baseline 0.004 -20"><span class='ocrx_word' id='word_1_341' title='bbox 1423 1126 1639 1182; x_wconf 90' lang='lat' dir='ltr'>propter</span> <span class='ocrx_word' id='word_1_342' title='bbox 1697 1116 1869 1167; x_wconf 89' lang='lat' dir='ltr'>Deum</span> <span class='ocrx_word' id='word_1_343' title='bbox 1889 1156 1903 1178; x_wconf 92' lang='lat'>,</span> <span class='ocrx_word' id='word_1_344' title='bbox 1976 1117 2070 1184; x_wconf 86' lang='lat' dir='ltr'>qui</span> <span class='ocrx_word' id='word_1_345' title='bbox 2136 1133 2492 1184; x_wconf 87' lang='lat' dir='ltr'>quaecumque</span> 
     </span>
     <span class='ocr_line' id='line_1_66' title="bbox 1423 1186 2490 1253; baseline 0.004 -17"><span class='ocrx_word' id='word_1_346' title='bbox 1423 1186 1763 1252; x_wconf 90' lang='lat' dir='ltr'>possidemus</span> <span class='ocrx_word' id='word_1_347' title='bbox 1792 1187 2017 1253; x_wconf 89' lang='lat' dir='ltr'>largitus</span> <span class='ocrx_word' id='word_1_348' title='bbox 2057 1197 2153 1239; x_wconf 89' lang='lat' dir='ltr'>est.</span> <span class='ocrx_word' id='word_1_349' title='bbox 2185 1206 2213 1234; x_wconf 70' lang='lat' dir='ltr'>n</span> <span class='ocrx_word' id='word_1_350' title='bbox 2240 1188 2394 1238; x_wconf 92' lang='lat' dir='ltr'>Unde</span> <span class='ocrx_word' id='word_1_351' title='bbox 2435 1198 2490 1240; x_wconf 90' lang='lat' dir='ltr'>et</span> 
     </span>
     <span class='ocr_line' id='line_1_67' title="bbox 1424 1257 2486 1324; baseline 0.002 -17"><span class='ocrx_word' id='word_1_352' title='bbox 1424 1257 1728 1323; x_wconf 80' lang='lat' dir='ltr'>Gregorius</span> <span class='ocrx_word' id='word_1_353' title='bbox 1756 1274 1773 1308; x_wconf 91' lang='lat'>.·</span> <span class='ocrx_word' id='word_1_354' title='bbox 1805 1275 1832 1303; x_wconf 80' lang='grc' dir='ltr'>α</span> <span class='ocrx_word' id='word_1_355' title='bbox 1867 1257 2007 1317; x_wconf 90' lang='lat' dir='ltr'>Quia</span> <span class='ocrx_word' id='word_1_356' title='bbox 2057 1257 2203 1307; x_wconf 91' lang='lat' dir='ltr'>enim</span> <span class='ocrx_word' id='word_1_357' title='bbox 2234 1257 2291 1307; x_wconf 90' lang='lat' dir='ltr'>in</span> <span class='ocrx_word' id='word_1_358' title='bbox 2344 1258 2486 1324; x_wconf 87' lang='lat' dir='ltr'>Lege</span> 
     </span>
     <span class='ocr_line' id='line_1_68' title="bbox 1421 1329 2489 1397; baseline 0.002 -17"><span class='ocrx_word' id='word_1_359' title='bbox 1421 1330 1680 1396; x_wconf 90' lang='lat' dir='ltr'>scriptum</span> <span class='ocrx_word' id='word_1_360' title='bbox 1740 1340 1820 1381; x_wconf 91' lang='lat' dir='ltr'>est</span> <span class='ocrx_word' id='word_1_361' title='bbox 1862 1347 1875 1381; x_wconf 91' lang='lat'>:</span> <span class='ocrx_word' id='word_1_362' title='bbox 1923 1329 2142 1396; x_wconf 80' lang='lat' dir='ltr'>Diliges</span> <span class='ocrx_word' id='word_1_363' title='bbox 2171 1330 2489 1397; x_wconf 80' lang='lat' dir='ltr'>proximum</span> 
     </span>
     <span class='ocr_line' id='line_1_69' title="bbox 1424 1401 2491 1467; baseline 0 -15"><span class='ocrx_word' id='word_1_364' title='bbox 1424 1408 1567 1452; x_wconf 88' lang='lat' dir='ltr'>tuum</span> <span class='ocrx_word' id='word_1_365' title='bbox 1621 1402 1760 1453; x_wconf 90' lang='lat' dir='ltr'>sicut</span> <span class='ocrx_word' id='word_1_366' title='bbox 1798 1401 2038 1466; x_wconf 82' lang='lat' dir='ltr'>teipsum,</span> <span class='ocrx_word' id='word_1_367' title='bbox 2080 1401 2264 1452; x_wconf 89' lang='lat' dir='ltr'>minus</span> <span class='ocrx_word' id='word_1_368' title='bbox 2303 1402 2491 1467; x_wconf 88' lang='lat' dir='ltr'>proxi-</span> 
     </span>
     <span class='ocr_line' id='line_1_70' title="bbox 1424 1470 2491 1538; baseline 0.001 -16"><span class='ocrx_word' id='word_1_369' title='bbox 1424 1488 1576 1522; x_wconf 92' lang='lat' dir='ltr'>mum</span> <span class='ocrx_word' id='word_1_370' title='bbox 1617 1486 1796 1522; x_wconf 84' lang='lat' dir='ltr'>amare</span> <span class='ocrx_word' id='word_1_371' title='bbox 1847 1470 2205 1531; x_wconf 84' lang='lat' dir='ltr'>convincitur,</span> <span class='ocrx_word' id='word_1_372' title='bbox 2254 1472 2491 1538; x_wconf 90' lang='lat' dir='ltr'>quinon</span> 
     </span>
     <span class='ocr_line' id='line_1_71' title="bbox 1422 1541 2491 1594; baseline 0 0"><span class='ocrx_word' id='word_1_373' title='bbox 1422 1559 1546 1594; x_wconf 90' lang='lat' dir='ltr'>cum</span> <span class='ocrx_word' id='word_1_374' title='bbox 1589 1559 1653 1594; x_wconf 90' lang='lat' dir='ltr'>eo</span> <span class='ocrx_word' id='word_1_375' title='bbox 1683 1544 1738 1594; x_wconf 89' lang='lat' dir='ltr'>in</span> <span class='ocrx_word' id='word_1_376' title='bbox 1786 1542 2096 1593; x_wconf 90' lang='lat' dir='ltr'>necessitate</span> <span class='ocrx_word' id='word_1_377' title='bbox 2134 1541 2284 1593; x_wconf 91' lang='lat' dir='ltr'>illius</span> <span class='ocrx_word' id='word_1_378' title='bbox 2326 1543 2491 1594; x_wconf 89' lang='lat' dir='ltr'>etiam</span> 
     </span>
     <span class='ocr_line' id='line_1_72' title="bbox 1424 1610 2492 1682; baseline -0.001 -15"><span class='ocrx_word' id='word_1_379' title='bbox 1424 1632 1485 1667; x_wconf 87' lang='lat' dir='ltr'>ea</span> <span class='ocrx_word' id='word_1_380' title='bbox 1516 1614 1637 1682; x_wconf 62' lang='lat' dir='ltr'>qu‘ae</span> <span class='ocrx_word' id='word_1_381' title='bbox 1670 1615 1774 1667; x_wconf 90' lang='lat' dir='ltr'>sibi</span> <span class='ocrx_word' id='word_1_382' title='bbox 1807 1610 1934 1667; x_wconf 74' lang='lat' dir='ltr'>sunt</span> <span class='ocrx_word' id='word_1_383' title='bbox 1979 1615 2272 1666; x_wconf 88' lang='lat' dir='ltr'>necessaria</span> <span class='ocrx_word' id='word_1_384' title='bbox 2319 1615 2492 1681; x_wconf 84' lang='lat' dir='ltr'>parti-</span> 
     </span>
     <span class='ocr_line' id='line_1_73' title="bbox 1421 1685 2491 1753; baseline -0.001 -15"><span class='ocrx_word' id='word_1_385' title='bbox 1421 1698 1528 1738; x_wconf 91' lang='lat' dir='ltr'>tur.</span> <span class='ocrx_word' id='word_1_386' title='bbox 1572 1707 1600 1735; x_wconf 76' lang='lat'>»</span> <span class='ocrx_word' id='word_1_387' title='bbox 1647 1687 1751 1738; x_wconf 90' lang='lat' dir='ltr'>Ubi</span> <span class='ocrx_word' id='word_1_388' title='bbox 1795 1687 2108 1748; x_wconf 90' lang='lat' dir='ltr'>sciendum,</span> <span class='ocrx_word' id='word_1_389' title='bbox 2165 1686 2311 1753; x_wconf 90' lang='lat' dir='ltr'>quod</span> <span class='ocrx_word' id='word_1_390' title='bbox 2356 1685 2491 1738; x_wconf 88' lang='lat' dir='ltr'>duas</span> 
     </span>
     <span class='ocr_line' id='line_1_74' title="bbox 1423 1758 2491 1819; baseline -0.001 -10"><span class='ocrx_word' id='word_1_391' title='bbox 1423 1759 1636 1810; x_wconf 85' lang='lat' dir='ltr'>tunicas</span> <span class='ocrx_word' id='word_1_392' title='bbox 1671 1759 1885 1819; x_wconf 90' lang='lat' dir='ltr'>habere,</span> <span class='ocrx_word' id='word_1_393' title='bbox 1907 1768 1987 1809; x_wconf 90' lang='lat' dir='ltr'>est</span> <span class='ocrx_word' id='word_1_394' title='bbox 2021 1758 2162 1808; x_wconf 87' lang='lat' dir='ltr'>ultra</span> <span class='ocrx_word' id='word_1_395' title='bbox 2199 1758 2491 1810; x_wconf 88' lang='lat' dir='ltr'>necessita-</span> 
     </span>
     <span class='ocr_line' id='line_1_75' title="bbox 1423 1828 2486 1895; baseline 0 -16"><span class='ocrx_word' id='word_1_396' title='bbox 1423 1838 1531 1880; x_wconf 90' lang='lat' dir='ltr'>tem</span> <span class='ocrx_word' id='word_1_397' title='bbox 1582 1829 1790 1895; x_wconf 88' lang='lat' dir='ltr'>aliquid</span> <span class='ocrx_word' id='word_1_398' title='bbox 1858 1828 2190 1895; x_wconf 87' lang='lat' dir='ltr'>superfluum</span> <span class='ocrx_word' id='word_1_399' title='bbox 2261 1829 2486 1892; x_wconf 89' lang='lat' dir='ltr'>habere;</span> 
     </span>
     <span class='ocr_line' id='line_1_76' title="bbox 1424 1900 2484 1967; baseline -0.002 -14"><span class='ocrx_word' id='word_1_400' title='bbox 1424 1919 1535 1953; x_wconf 91' lang='lat' dir='ltr'>non</span> <span class='ocrx_word' id='word_1_401' title='bbox 1578 1903 1782 1953; x_wconf 89' lang='lat' dir='ltr'>habens</span> <span class='ocrx_word' id='word_1_402' title='bbox 1818 1912 2015 1961; x_wconf 88' lang='lat' dir='ltr'>autem,</span> <span class='ocrx_word' id='word_1_403' title='bbox 2055 1911 2229 1967; x_wconf 92' lang='lat' dir='ltr'>potest</span> <span class='ocrx_word' id='word_1_404' title='bbox 2255 1900 2484 1966; x_wconf 87' lang='lat' dir='ltr'>intelligi</span> 
     </span>
     <span class='ocr_line' id='line_1_77' title="bbox 1422 1972 2490 2030; baseline -0.001 -7"><span class='ocrx_word' id='word_1_405' title='bbox 1422 1973 1657 2024; x_wconf 86' lang='lat' dir='ltr'>existens</span> <span class='ocrx_word' id='word_1_406' title='bbox 1694 1973 1751 2022; x_wconf 91' lang='lat' dir='ltr'>in</span> <span class='ocrx_word' id='word_1_407' title='bbox 1782 1972 2090 2022; x_wconf 88' lang='lat' dir='ltr'>necessitate</span> <span class='ocrx_word' id='word_1_408' title='bbox 2122 1980 2376 2030; x_wconf 88' lang='lat' dir='ltr'>extrema,</span> <span class='ocrx_word' id='word_1_409' title='bbox 2407 1973 2490 2022; x_wconf 89' lang='lat' dir='ltr'>vel</span> 
     </span>
     <span class='ocr_line' id='line_1_78' title="bbox 1424 2041 2490 2106; baseline -0.001 -13"><span class='ocrx_word' id='word_1_410' title='bbox 1424 2043 1553 2093; x_wconf 89' lang='lat' dir='ltr'>citra</span> <span class='ocrx_word' id='word_1_411' title='bbox 1583 2042 1975 2105; x_wconf 89' lang='lat' dir='ltr'>necessitatem,</span> <span class='ocrx_word' id='word_1_412' title='bbox 2009 2055 2129 2106; x_wconf 88' lang='lat' dir='ltr'>quae</span> <span class='ocrx_word' id='word_1_413' title='bbox 2168 2041 2320 2091; x_wconf 89' lang='lat' dir='ltr'>aliter</span> <span class='ocrx_word' id='word_1_414' title='bbox 2360 2041 2490 2092; x_wconf 88' lang='lat' dir='ltr'>abs-</span> 
     </span>
     <span class='ocr_line' id='line_1_79' title="bbox 1424 2110 2491 2179; baseline -0.003 -15"><span class='ocrx_word' id='word_1_415' title='bbox 1424 2129 1529 2179; x_wconf 90' lang='lat' dir='ltr'>que</span> <span class='ocrx_word' id='word_1_416' title='bbox 1596 2112 1833 2179; x_wconf 91' lang='lat' dir='ltr'>periculo</span> <span class='ocrx_word' id='word_1_417' title='bbox 1902 2120 2076 2177; x_wconf 90' lang='lat' dir='ltr'>potest</span> <span class='ocrx_word' id='word_1_418' title='bbox 2141 2110 2491 2176; x_wconf 88' lang='lat' dir='ltr'>probabiliter</span> 
     </span>
     <span class='ocr_line' id='line_1_80' title="bbox 1423 2181 2492 2247; baseline -0.002 -14"><span class='ocrx_word' id='word_1_419' title='bbox 1423 2183 1657 2235; x_wconf 89' lang='lat' dir='ltr'>transiri.</span> <span class='ocrx_word' id='word_1_420' title='bbox 1695 2183 1851 2233; x_wconf 87' lang='lat' dir='ltr'>Tunc</span> <span class='ocrx_word' id='word_1_421' title='bbox 1878 2181 2164 2233; x_wconf 86' lang='lat' dir='ltr'>dicendum</span> <span class='ocrx_word' id='word_1_422' title='bbox 2208 2181 2353 2247; x_wconf 91' lang='lat' dir='ltr'>quod</span> <span class='ocrx_word' id='word_1_423' title='bbox 2397 2181 2492 2231; x_wconf 86' lang='lat' dir='ltr'>ha-</span> 
     </span>
     <span class='ocr_line' id='line_1_81' title="bbox 1424 2254 2492 2322; baseline -0.002 -16"><span class='ocrx_word' id='word_1_424' title='bbox 1424 2256 1559 2307; x_wconf 90' lang='lat' dir='ltr'>bens</span> <span class='ocrx_word' id='word_1_425' title='bbox 1601 2256 1678 2307; x_wconf 91' lang='lat' dir='ltr'>sic</span> <span class='ocrx_word' id='word_1_426' title='bbox 1707 2254 1996 2322; x_wconf 88' lang='lat' dir='ltr'>superflua,</span> <span class='ocrx_word' id='word_1_427' title='bbox 2034 2254 2180 2319; x_wconf 91' lang='lat' dir='ltr'>quod</span> <span class='ocrx_word' id='word_1_428' title='bbox 2221 2254 2360 2304; x_wconf 84' lang='lat' dir='ltr'>ultra</span> <span class='ocrx_word' id='word_1_429' title='bbox 2388 2269 2492 2304; x_wconf 86' lang='lat' dir='ltr'>ne-</span> 
     </span>
     <span class='ocr_line' id='line_1_82' title="bbox 1423 2328 2488 2400; baseline -0.004 -19"><span class='ocrx_word' id='word_1_430' title='bbox 1423 2329 1720 2382; x_wconf 89' lang='lat' dir='ltr'>cessitatem</span> <span class='ocrx_word' id='word_1_431' title='bbox 1755 2328 1840 2379; x_wconf 92' lang='lat' dir='ltr'>sui</span> <span class='ocrx_word' id='word_1_432' title='bbox 1869 2336 1921 2378; x_wconf 92' lang='lat' dir='ltr'>et</span> <span class='ocrx_word' id='word_1_433' title='bbox 1951 2341 2176 2400; x_wconf 77' lang='lat' dir='ltr'>suorum</span> <span class='ocrx_word' id='word_1_434' title='bbox 2198 2364 2212 2387; x_wconf 98' lang='lat'>,</span> <span class='ocrx_word' id='word_1_435' title='bbox 2254 2341 2488 2392; x_wconf 90' lang='lat' dir='ltr'>quorum</span> 
     </span>
     <span class='ocr_line' id='line_1_83' title="bbox 1422 2396 2490 2463; baseline -0.003 -12"><span class='ocrx_word' id='word_1_436' title='bbox 1422 2416 1547 2451; x_wconf 90' lang='lat' dir='ltr'>cura</span> <span class='ocrx_word' id='word_1_437' title='bbox 1581 2410 1633 2450; x_wconf 84' lang='lat' dir='ltr'>et</span> <span class='ocrx_word' id='word_1_438' title='bbox 1680 2414 1849 2450; x_wconf 86' lang='lat' dir='ltr'>nexus</span> <span class='ocrx_word' id='word_1_439' title='bbox 1906 2398 2077 2463; x_wconf 81' lang='lat' dir='ltr'>major</span> <span class='ocrx_word' id='word_1_440' title='bbox 2121 2412 2184 2448; x_wconf 86' lang='lat' dir='ltr'>ex</span> <span class='ocrx_word' id='word_1_441' title='bbox 2234 2396 2490 2448; x_wconf 86' lang='lat' dir='ltr'>charitate</span> 
     </span>
     <span class='ocr_line' id='line_1_84' title="bbox 1422 2468 2491 2535; baseline -0.003 -12"><span class='ocrx_word' id='word_1_442' title='bbox 1422 2473 1527 2523; x_wconf 91' lang='lat' dir='ltr'>sibi</span> <span class='ocrx_word' id='word_1_443' title='bbox 1559 2471 1843 2534; x_wconf 88' lang='lat' dir='ltr'>incumbit,</span> <span class='ocrx_word' id='word_1_444' title='bbox 1871 2485 1932 2521; x_wconf 90' lang='lat' dir='ltr'>ea</span> <span class='ocrx_word' id='word_1_445' title='bbox 1974 2469 2154 2529; x_wconf 88' lang='lat' dir='ltr'>habet,</span> <span class='ocrx_word' id='word_1_446' title='bbox 2194 2478 2260 2519; x_wconf 89' lang='lat' dir='ltr'>et.</span> <span class='ocrx_word' id='word_1_447' title='bbox 2285 2468 2491 2535; x_wconf 90' lang='lat' dir='ltr'>absque</span> 
     </span>
     <span class='ocr_line' id='line_1_85' title="bbox 1424 2543 2490 2611; baseline -0.004 -16"><span class='ocrx_word' id='word_1_448' title='bbox 1424 2545 1532 2595; x_wconf 90' lang='lat' dir='ltr'>illis</span> <span class='ocrx_word' id='word_1_449' title='bbox 1579 2553 1751 2611; x_wconf 90' lang='lat' dir='ltr'>potest</span> <span class='ocrx_word' id='word_1_450' title='bbox 1799 2543 2025 2594; x_wconf 89' lang='lat' dir='ltr'>transire</span> <span class='ocrx_word' id='word_1_451' title='bbox 2051 2581 2066 2603; x_wconf 94' lang='lat'>,</span> <span class='ocrx_word' id='word_1_452' title='bbox 2115 2557 2179 2593; x_wconf 88' lang='lat' dir='ltr'>ex</span> <span class='ocrx_word' id='word_1_453' title='bbox 2230 2552 2490 2608; x_wconf 84' lang='lat' dir='ltr'>praecepto</span> 
     </span>
     <span class='ocr_line' id='line_1_86' title="bbox 1423 2611 2490 2673; baseline -0.004 -7"><span class='ocrx_word' id='word_1_454' title='bbox 1423 2626 1633 2666; x_wconf 89' lang='lat' dir='ltr'>tenetur</span> <span class='ocrx_word' id='word_1_455' title='bbox 1677 2630 1786 2665; x_wconf 90' lang='lat' dir='ltr'>non</span> <span class='ocrx_word' id='word_1_456' title='bbox 1834 2613 2054 2665; x_wconf 88' lang='lat' dir='ltr'>habenti</span> <span class='ocrx_word' id='word_1_457' title='bbox 2079 2651 2094 2673; x_wconf 94' lang='lat'>,</span> <span class='ocrx_word' id='word_1_458' title='bbox 2139 2611 2390 2663; x_wconf 84' lang='lat' dir='ltr'>existenti</span> <span class='ocrx_word' id='word_1_459' title='bbox 2433 2612 2490 2663; x_wconf 89' lang='lat' dir='ltr'>in</span> 
     </span>
     <span class='ocr_line' id='line_1_87' title="bbox 1422 2684 2487 2748; baseline -0.005 -9"><span class='ocrx_word' id='word_1_460' title='bbox 1422 2698 1659 2739; x_wconf 85' lang='lat' dir='ltr'>extrema</span> <span class='ocrx_word' id='word_1_461' title='bbox 1688 2687 1996 2738; x_wconf 88' lang='lat' dir='ltr'>necessitate</span> <span class='ocrx_word' id='word_1_462' title='bbox 2029 2685 2181 2748; x_wconf 82' lang='lat' dir='ltr'>dare3</span> <span class='ocrx_word' id='word_1_463' title='bbox 2214 2684 2364 2735; x_wconf 90' lang='lat' dir='ltr'>aliter</span> <span class='ocrx_word' id='word_1_464' title='bbox 2381 2684 2487 2735; x_wconf 91' lang='lat' dir='ltr'>sibi</span> 
     </span>
     <span class='ocr_line' id='line_1_88' title="bbox 1422 2755 2485 2818; baseline -0.005 -9"><span class='ocrx_word' id='word_1_465' title='bbox 1422 2774 1582 2809; x_wconf 90' lang='lat' dir='ltr'>suum</span> <span class='ocrx_word' id='word_1_466' title='bbox 1611 2757 1800 2818; x_wconf 89' lang='lat' dir='ltr'>aufert,</span> <span class='ocrx_word' id='word_1_467' title='bbox 1830 2767 1882 2807; x_wconf 91' lang='lat' dir='ltr'>et</span> <span class='ocrx_word' id='word_1_468' title='bbox 1908 2756 2072 2806; x_wconf 85' lang='lat' dir='ltr'>vitam</span> <span class='ocrx_word' id='word_1_469' title='bbox 2091 2793 2105 2814; x_wconf 89' lang='lat'>,</span> <span class='ocrx_word' id='word_1_470' title='bbox 2148 2771 2271 2805; x_wconf 91' lang='lat' dir='ltr'>cum</span> <span class='ocrx_word' id='word_1_471' title='bbox 2308 2755 2366 2804; x_wconf 91' lang='lat' dir='ltr'>in</span> <span class='ocrx_word' id='word_1_472' title='bbox 2393 2756 2485 2805; x_wconf 90' lang='lat' dir='ltr'>tali</span> 
     </span>
     <span class='ocr_line' id='line_1_89' title="bbox 1423 2825 2488 2893; baseline -0.007 -11"><span class='ocrx_word' id='word_1_473' title='bbox 1423 2831 1736 2882; x_wconf 87' lang='lat' dir='ltr'>necessitate</span> <span class='ocrx_word' id='word_1_474' title='bbox 1782 2829 1859 2880; x_wconf 91' lang='lat' dir='ltr'>sic</span> <span class='ocrx_word' id='word_1_475' title='bbox 1916 2826 2184 2893; x_wconf 89' lang='lat' dir='ltr'>superflua</span> <span class='ocrx_word' id='word_1_476' title='bbox 2245 2826 2323 2877; x_wconf 89' lang='lat' dir='ltr'>illi</span> <span class='ocrx_word' id='word_1_477' title='bbox 2376 2825 2488 2876; x_wconf 90' lang='lat' dir='ltr'>sint</span> 
     </span>
     <span class='ocr_line' id='line_1_90' title="bbox 1421 2896 2488 2969; baseline -0.007 -16"><span class='ocrx_word' id='word_1_478' title='bbox 1421 2913 1678 2969; x_wconf 89' lang='lat' dir='ltr'>tanquam</span> <span class='ocrx_word' id='word_1_479' title='bbox 1733 2900 1913 2951; x_wconf 89' lang='lat' dir='ltr'>debita</span> <span class='ocrx_word' id='word_1_480' title='bbox 1958 2913 2071 2958; x_wconf 86' lang='lat' dir='ltr'>sua,</span> <span class='ocrx_word' id='word_1_481' title='bbox 2111 2906 2375 2964; x_wconf 90' lang='lat' dir='ltr'>quantum</span> <span class='ocrx_word' id='word_1_482' title='bbox 2421 2896 2488 2947; x_wconf 89' lang='lat' dir='ltr'>ad</span> 
     </span>
     <span class='ocr_line' id='line_1_91' title="bbox 1422 2967 2488 3039; baseline -0.007 -16"><span class='ocrx_word' id='word_1_483' title='bbox 1422 2973 1593 3039; x_wconf 87' lang='lat' dir='ltr'>ipsius</span> <span class='ocrx_word' id='word_1_484' title='bbox 1615 2970 1986 3022; x_wconf 89' lang='lat' dir='ltr'>necessitatem</span> <span class='ocrx_word' id='word_1_485' title='bbox 2013 2968 2257 3034; x_wconf 90' lang='lat' dir='ltr'>pertinet.</span> <span class='ocrx_word' id='word_1_486' title='bbox 2283 2967 2338 3017; x_wconf 92' lang='lat' dir='ltr'>Si</span> <span class='ocrx_word' id='word_1_487' title='bbox 2362 2981 2488 3017; x_wconf 89' lang='lat' dir='ltr'>vero</span> 
     </span>
     <span class='ocr_line' id='line_1_92' title="bbox 1423 3040 2488 3095; baseline -0.008 0"><span class='ocrx_word' id='word_1_488' title='bbox 1423 3060 1533 3095; x_wconf 88' lang='lat' dir='ltr'>non</span> <span class='ocrx_word' id='word_1_489' title='bbox 1581 3043 1784 3094; x_wconf 88' lang='lat' dir='ltr'>habens</span> <span class='ocrx_word' id='word_1_490' title='bbox 1808 3042 1878 3091; x_wconf 91' lang='lat' dir='ltr'>sit</span> <span class='ocrx_word' id='word_1_491' title='bbox 1906 3040 2037 3090; x_wconf 90' lang='lat' dir='ltr'>citra</span> <span class='ocrx_word' id='word_1_492' title='bbox 2071 3049 2362 3090; x_wconf 85' lang='lat' dir='ltr'>extremam</span> <span class='ocrx_word' id='word_1_493' title='bbox 2392 3052 2488 3088; x_wconf 90' lang='lat' dir='ltr'>ne-</span> 
     </span>
     <span class='ocr_line' id='line_1_93' title="bbox 1426 3108 2490 3174; baseline -0.008 -8"><span class='ocrx_word' id='word_1_494' title='bbox 1426 3114 1752 3174; x_wconf 89' lang='lat' dir='ltr'>cessitatem,</span> <span class='ocrx_word' id='word_1_495' title='bbox 1784 3123 1911 3163; x_wconf 91' lang='lat' dir='ltr'>tunc</span> <span class='ocrx_word' id='word_1_496' title='bbox 1937 3111 2064 3161; x_wconf 87' lang='lat' dir='ltr'>dare</span> <span class='ocrx_word' id='word_1_497' title='bbox 2087 3126 2197 3161; x_wconf 91' lang='lat' dir='ltr'>non</span> <span class='ocrx_word' id='word_1_498' title='bbox 2224 3108 2366 3160; x_wconf 90' lang='lat' dir='ltr'>cadit</span> <span class='ocrx_word' id='word_1_499' title='bbox 2388 3108 2490 3158; x_wconf 93' lang='lat' dir='ltr'>sub</span> 
     </span>
     <span class='ocr_line' id='line_1_94' title="bbox 1422 3179 2488 3252; baseline -0.008 -15"><span class='ocrx_word' id='word_1_500' title='bbox 1422 3195 1684 3252; x_wconf 85' lang='lat' dir='ltr'>praecepto</span> <span class='ocrx_word' id='word_1_501' title='bbox 1717 3184 1810 3234; x_wconf 91' lang='lat' dir='ltr'>sed</span> <span class='ocrx_word' id='word_1_502' title='bbox 1839 3182 1941 3233; x_wconf 91' lang='lat' dir='ltr'>sub</span> <span class='ocrx_word' id='word_1_503' title='bbox 1961 3181 2202 3232; x_wconf 79' lang='lat' dir='ltr'>consilio,</span> <span class='ocrx_word' id='word_1_504' title='bbox 2236 3179 2338 3230; x_wconf 88' lang='lat' dir='ltr'>Hic</span> <span class='ocrx_word' id='word_1_505' title='bbox 2357 3194 2488 3245; x_wconf 89' lang='lat' dir='ltr'>pro-</span> 
     </span>
     <span class='ocr_line' id='line_1_95' title="bbox 1422 3253 2489 3322; baseline -0.009 -13"><span class='ocrx_word' id='word_1_506' title='bbox 1422 3260 1577 3309; x_wconf 88' lang='lat' dir='ltr'>batur</span> <span class='ocrx_word' id='word_1_507' title='bbox 1630 3257 1822 3317; x_wconf 89' lang='lat' dir='ltr'>hom0,</span> <span class='ocrx_word' id='word_1_508' title='bbox 1875 3266 1927 3306; x_wconf 89' lang='lat' dir='ltr'>et</span> <span class='ocrx_word' id='word_1_509' title='bbox 1972 3264 2187 3322; x_wconf 84' lang='lat' dir='ltr'>apparet</span> <span class='ocrx_word' id='word_1_510' title='bbox 2234 3253 2290 3303; x_wconf 90' lang='lat' dir='ltr'>in</span> <span class='ocrx_word' id='word_1_511' title='bbox 2325 3266 2489 3318; x_wconf 84' lang='lat' dir='ltr'>parvo</span> 
     </span>
     <span class='ocr_line' id='line_1_96' title="bbox 1422 3320 2490 3396; baseline -0.008 -16"><span class='ocrx_word' id='word_1_512' title='bbox 1422 3328 1554 3396; x_wconf 91' lang='lat' dir='ltr'>quid</span> <span class='ocrx_word' id='word_1_513' title='bbox 1577 3328 1815 3379; x_wconf 90' lang='lat' dir='ltr'>facturus</span> <span class='ocrx_word' id='word_1_514' title='bbox 1839 3335 1979 3377; x_wconf 90' lang='lat' dir='ltr'>esset</span> <span class='ocrx_word' id='word_1_515' title='bbox 2008 3326 2064 3375; x_wconf 90' lang='lat' dir='ltr'>in</span> <span class='ocrx_word' id='word_1_516' title='bbox 2090 3337 2303 3389; x_wconf 77' lang='lat' dir='ltr'>magno,</span> <span class='ocrx_word' id='word_1_517' title='bbox 2336 3320 2490 3373; x_wconf 88' lang='lat' dir='ltr'>Unde</span> 
     </span>
     <span class='ocr_line' id='line_1_97' title="bbox 1422 3392 2490 3465; baseline -0.009 -15"><span class='ocrx_word' id='word_1_518' title='bbox 1422 3401 1564 3451; x_wconf 92' lang='lat' dir='ltr'>idem</span> <span class='ocrx_word' id='word_1_519' title='bbox 1592 3398 1898 3465; x_wconf 80' lang='lat' dir='ltr'>Gregorius</span> <span class='ocrx_word' id='word_1_520' title='bbox 1921 3415 1938 3448; x_wconf 90' lang='lat'>.·</span> <span class='ocrx_word' id='word_1_521' title='bbox 1966 3415 1993 3444; x_wconf 73' lang='grc' dir='ltr'>α</span> <span class='ocrx_word' id='word_1_522' title='bbox 2023 3394 2132 3457; x_wconf 88' lang='lat' dir='ltr'>Qui</span> <span class='ocrx_word' id='word_1_523' title='bbox 2175 3392 2490 3459; x_wconf 89' lang='lat' dir='ltr'>tranquilli-</span> 
     </span>
     <span class='ocr_line' id='line_1_98' title="bbox 1423 3465 2493 3537; baseline -0.009 -14"><span class='ocrx_word' id='word_1_524' title='bbox 1423 3472 1547 3523; x_wconf 89' lang='lat' dir='ltr'>tatis</span> <span class='ocrx_word' id='word_1_525' title='bbox 1592 3481 1831 3537; x_wconf 92' lang='lat' dir='ltr'>tempore</span> <span class='ocrx_word' id='word_1_526' title='bbox 1873 3485 1982 3519; x_wconf 90' lang='lat' dir='ltr'>non</span> <span class='ocrx_word' id='word_1_527' title='bbox 2015 3469 2103 3517; x_wconf 90' lang='lat' dir='ltr'>dat</span> <span class='ocrx_word' id='word_1_528' title='bbox 2138 3480 2234 3532; x_wconf 93' lang='lat' dir='ltr'>pro</span> <span class='ocrx_word' id='word_1_529' title='bbox 2271 3465 2384 3515; x_wconf 92' lang='lat' dir='ltr'>Deo</span> <span class='ocrx_word' id='word_1_530' title='bbox 2413 3474 2493 3514; x_wconf 90' lang='lat' dir='ltr'>tu-</span> 
     </span>
     <span class='ocr_line' id='line_1_99' title="bbox 1425 3538 2489 3609; baseline -0.008 -13"><span class='ocrx_word' id='word_1_531' title='bbox 1425 3546 1599 3596; x_wconf 89' lang='lat' dir='ltr'>nicam</span> <span class='ocrx_word' id='word_1_532' title='bbox 1637 3560 1810 3604; x_wconf 90' lang='lat' dir='ltr'>suam,</span> <span class='ocrx_word' id='word_1_533' title='bbox 1850 3540 2123 3609; x_wconf 89' lang='lat' dir='ltr'>quomodo</span> <span class='ocrx_word' id='word_1_534' title='bbox 2158 3538 2215 3588; x_wconf 89' lang='lat' dir='ltr'>in</span> <span class='ocrx_word' id='word_1_535' title='bbox 2248 3553 2489 3603; x_wconf 89' lang='lat' dir='ltr'>persecu-</span> 
     </span>
     <span class='ocr_line' id='line_1_100' title="bbox 1423 3607 2491 3666; baseline -0.01 1"><span class='ocrx_word' id='word_1_536' title='bbox 1423 3616 1570 3666; x_wconf 90' lang='lat' dir='ltr'>tione</span> <span class='ocrx_word' id='word_1_537' title='bbox 1620 3616 1841 3666; x_wconf 89' lang='lat' dir='ltr'>daturus</span> <span class='ocrx_word' id='word_1_538' title='bbox 1885 3612 1986 3664; x_wconf 89' lang='lat' dir='ltr'>erit</span> <span class='ocrx_word' id='word_1_539' title='bbox 2026 3609 2263 3661; x_wconf 90' lang='lat' dir='ltr'>animam</span> <span class='ocrx_word' id='word_1_540' title='bbox 2301 3607 2491 3658; x_wconf 86' lang='lat' dir='ltr'>suam?</span> 
     </span>
     <span class='ocr_line' id='line_1_101' title="bbox 1422 3678 2490 3753; baseline -0.011 -13"><span class='ocrx_word' id='word_1_541' title='bbox 1422 3688 1609 3740; x_wconf 82' lang='lat' dir='ltr'>Virtus</span> <span class='ocrx_word' id='word_1_542' title='bbox 1637 3703 1762 3753; x_wconf 91' lang='lat' dir='ltr'>ergo</span> <span class='ocrx_word' id='word_1_543' title='bbox 1788 3682 2079 3742; x_wconf 88' lang='lat' dir='ltr'>charitatis,</span> <span class='ocrx_word' id='word_1_544' title='bbox 2105 3690 2166 3732; x_wconf 92' lang='lat' dir='ltr'>ut</span> <span class='ocrx_word' id='word_1_545' title='bbox 2193 3679 2390 3730; x_wconf 86' lang='lat' dir='ltr'>invicta</span> <span class='ocrx_word' id='word_1_546' title='bbox 2418 3678 2490 3730; x_wconf 85' lang='lat' dir='ltr'>sit</span> 
     </span>
     <span class='ocr_line' id='line_1_102' title="bbox 1424 3750 2489 3827; baseline -0.011 -15"><span class='ocrx_word' id='word_1_547' title='bbox 1424 3761 1482 3826; x_wconf 73' lang='lat' dir='ltr'>in</span> <span class='ocrx_word' id='word_1_548' title='bbox 1512 3759 1925 3827; x_wconf 87' lang='lat' dir='ltr'>perturbatione,</span> <span class='ocrx_word' id='word_1_549' title='bbox 1956 3754 2222 3805; x_wconf 88' lang='lat' dir='ltr'>nutriatur</span> <span class='ocrx_word' id='word_1_550' title='bbox 2247 3768 2341 3819; x_wconf 85' lang='lat' dir='ltr'>per</span> <span class='ocrx_word' id='word_1_551' title='bbox 2377 3750 2489 3801; x_wconf 80' lang='lat' dir='ltr'>mi-</span> 
     </span>
     <span class='ocr_line' id='line_1_103' title="bbox 1424 3824 2487 3893; baseline -0.01 -8"><span class='ocrx_word' id='word_1_552' title='bbox 1424 3832 1766 3885; x_wconf 89' lang='lat' dir='ltr'>sericordiam</span> <span class='ocrx_word' id='word_1_553' title='bbox 1799 3830 1857 3881; x_wconf 88' lang='lat' dir='ltr'>in</span> <span class='ocrx_word' id='word_1_554' title='bbox 1895 3824 2313 3893; x_wconf 89' lang='lat' dir='ltr'>tranquillitate;</span> <span class='ocrx_word' id='word_1_555' title='bbox 2363 3837 2487 3891; x_wconf 88' lang='lat' dir='ltr'>qua·</span> 
     </span>
    </p>
   </div>
   <div class='ocr_carea' id='block_1_8' title="bbox 2235 3958 2297 3997">
    <p class='ocr_par' dir='ltr' id='par_1_9' title="bbox 2235 3958 2297 3997">
     <span class='ocr_line' id='line_1_104' title="bbox 2235 3958 2297 3997; baseline -0.032 0"><span class='ocrx_word' id='word_1_556' title='bbox 2235 3958 2297 3997; x_wconf 84' lang='lat'>12</span> 
     </span>
    </p>
   </div>
  </div>
 </body>
</html>
