2784 4452
332 218 427 269 DE
457 215 782 267 SECUNDA
813 214 906 267 m
939 213 1204 267 ’ream
1233 173 1652 265 vom-10⁸2
1675 209 2219 264 msclPULORUM.
2286 208 2397 276 287

165 335 398 386 Joannes
445 329 748 396 composuit
805 339 858 380 et
908 326 1229 396 praedicavit.

172 405 303 455 Item
331 402 610 453 sciendum
647 410 726 451 est
756 401 864 460 hic,
897 399 1024 466 quia
1053 398 1231 466 primo

169 483 387 526 vocatur
420 471 574 530 acti0,
608 470 803 521 deinde
833 467 1230 536 contemplatiO.

171 548 306 607 Quae
347 545 495 596 enim
537 543 671 594 circa
705 545 941 624 Petrum,
970 540 1234 593 actionem

171 615 502 684 significant3
525 629 783 680 quaerero
800 613 939 664 circa
954 612 1235 672 loannem,

172 685 698 752 contemplationem.
767 684 954 735 Petrus
1001 697 1239 748 namque
1277 703 1282 706 ·

171 755 566 808 fervidissimus
625 762 683 804 et
738 754 913 821 magis
975 751 1240 803 sollicitus

172 827 330 890 aiiis3
352 827 584 876 ,Ioannes
607 839 733 875 vero
751 824 1037 891 theologus
1061 822 1240 875 acel-

173 897 514 950 lentissimus
538 895 659 946 fuit.

243 986 307 1021 10
351 970 758 1019 stc1ruLonuu
800 973 1139 1019 cemma·
1177 994 1241 1007 —

175 1040 471 1093 Considera
512 1054 657 1090 nunc
696 1048 897 1104 quanta
927 1036 1094 1088 fuerit
1135 1037 1244 1087 ho-

174 1128 297 1163 rum
318 1120 550 1178 quatuor
562 1109 837 1159 beatorum
854 1107 1243 1190 discipulorum

178 1179 502 1239 obedientia,
546 1178 642 1245 qui
684 1179 750 1229 ad
781 1179 945 1229 unius
988 1177 1245 1261 jussionis

176 1270 380 1313 vocem,
391 1251 573 1303 statim
591 1251 1063 1315 relictisomnibuS,
1084 1250 1244 1301 etiam

179 1325 452 1375 voluntate
525 1331 578 1372 et
660 1322 937 1388 proposito
991 1320 1243 1381 habendi,

181 1394 460 1445 Christum
490 1392 788 1445 Dominum
822 1397 947 1442 sunt
977 1392 1146 1443 secuti
1187 1391 1244 1441 in

181 1481 308 1532 qu0,
348 1473 410 1515 ut
446 1463 523 1514 ait
560 1463 999 1529 Chrysostomus,
1039 1477 1097 1512 se
1135 1462 1245 1512 veri

179 1535 412 1586 Abrahae
433 1533 574 1584 filios
597 1534 1098 1600 comprobaverunt,
1121 1531 1249 1600 quia

182 1606 352 1659 simili
378 1606 642 1672 exemp10‚
673 1604 854 1655 audita
878 1603 974 1653 Dei
999 1618 1145 1664 voce,
1171 1617 1259 1655 se·-

181 1679 291 1730 cuti
338 1689 466 1731 sunt
516 1679 861 1729 Salvatorem.
913 1676 1250 1727 Dimiserunt

184 1767 420 1818 namque
460 1751 641 1802 statim
683 1759 950 1817 quaestum
997 1764 1250 1816 corpora-

182 1824 312 1883 lem,
334 1832 396 1872 ut
433 1831 629 1872 aeterna
662 1822 810 1872 lucra
836 1820 1247 1887 conquirerent3

173 1892 521 1959 ‘reliquerunt
583 1900 791 1957 patrem
852 1901 1144 1952 terrenum,
1191 1900 1252 1942 ut

188 1972 394 2029 patrem
441 1960 707 2012 coelestem
760 1961 1017 2012 haberent
1049 1978 1065 2012 ι
1108 1960 1252 2012 unde

189 2051 301 2086 non
349 2033 620 2084 immerito
660 2043 713 2083 et
756 2033 883 2100 eligi
922 2044 1250 2086 meruerunt.

189 2108 258 2158 Et
271 2107 465 2157 iterum
487 2123 500 2156 ε
521 2124 548 2152 «
577 2106 845 2171 Perpende
865 2116 925 2156 tu
947 2121 1073 2157 vero
1092 2105 1252 2156 fidem

189 2188 243 2231 et
270 2177 630 2230 obedientiam
655 2185 999 2242 vocatorum3
1032 2177 1254 2229 noscitis

190 2262 372 2303 autem
432 2251 664 2317 qualiter
719 2249 936 2300 avidum
994 2250 1126 2316 quid
1175 2260 1256 2300 est

192 2321 436 2389 piscatio,
465 2321 747 2388 Siquidem
784 2321 842 2371 in
876 2321 1056 2372 medio
1085 2320 1256 2388 ipsius

192 2392 374 2459 operis
408 2391 705 2455 constituti,
745 2407 869 2442 cum
899 2391 1057 2442 illum
1083 2391 1257 2443 vidis-

194 2472 316 2514 sent
362 2461 656 2527 jubentem,
715 2460 855 2511 nihil
914 2461 1256 2524 distulerunt,

194 2534 336 2585 nihil
383 2531 611 2583 omnino
665 2531 894 2583 cunctati
946 2542 1092 2594 sunt,
1147 2548 1258 2582 non

192 2606 449 2657 dixerunt
475 2622 490 2656 ε
523 2606 874 2656 Revertamur
897 2605 1144 2667 domum,
1185 2606 1262 2656 10-

192 2692 429 2744 quamur
485 2676 847 2744 propinquis3
912 2677 1005 2728 sed
1074 2685 1263 2728 cuncta

196 2747 343 2798 illico
391 2747 777 2814 relinquentes,
825 2746 1071 2799 fecerunt
1116 2746 1262 2814 quod

197 2819 426 2871 Elisaus
483 2834 703 2885 quoque
753 2819 859 2870 sub
904 2819 1021 2870 Elia
1065 2819 1264 2887 legitur

197 2889 469 2954 implesse.
480 2889 668 2939 Talem
682 2888 883 2955 quippe
898 2888 1263 2940 obedientiam

196 2978 230 3013 a
259 2961 420 3013 nobis
442 2961 695 3013 Christus
718 2962 988 3028 efflagitat,
1008 2971 1070 3012 ut
1091 2976 1266 3028 neque

199 3045 464 3101 punctum
493 3036 755 3101 temporis
782 3034 1110 3095 differamus,
1139 3045 1194 3085 et
1218 3036 1265 3086 si

201 3121 306 3156 nos
336 3106 541 3172 aliquid
572 3105 933 3156 necessarium
959 3120 1151 3172 urgere
1177 3106 1266 3157 vi-

201 3179 391 3229 deatur
405 3194 427 3242 3
489 3188 707 3244 propter
761 3178 912 3245 quod
983 3188 1038 3230 et
1098 3179 1265 3231 alium

204 3265 368 3316 quem
418 3251 794 3301 accendentem
846 3266 906 3302 ac
964 3266 1023 3303 se
1066 3267 1267 3319 rogan-

202 3330 315 3371 tem
347 3358 361 3382 ,
416 3331 481 3372 ut
521 3322 587 3371 ad
647 3321 1019 3388 sepeliendum
1063 3333 1267 3390 patrem

205 3391 456 3453 rediret,
534 3407 603 3443 ne
686 3391 741 3442 id
816 3392 1038 3476 quidem
1101 3392 1270 3445 facere

204 3463 468 3529 permisit,
516 3463 805 3515 ostendens
846 3465 976 3531 quia
1015 3465 1270 3517 Christus

206 3534 413 3585 cunctis
461 3534 535 3586 sit
586 3534 747 3585 etiam
791 3535 1272 3586 necessitudinibus

206 3606 611 3672 praeferendus·
598 3644 612 3657 .
635 3625 662 3653 a·
688 3606 803 3657 haec
831 3607 1269 3677 Chryses-tomus.

211 3677 369 3731 Unde
393 3688 450 3730 et
471 3678 779 3746 Gregorius
804 3694 823 3730 .·
853 3696 884 3727 α
908 3679 1123 3732 Audisti
1146 3680 1274 3750 quia

1336 327 1402 376 ad
1455 324 1618 376 unius
1679 324 1936 391 jussionis
1991 340 2177 376 vocem
2238 322 2403 375 secuti

1338 407 1468 450 sunt
1529 398 1959 462 Redemptorem,
2006 406 2059 446 et
2107 396 2174 446 ad
2231 412 2406 448 unum

1338 468 1559 520 Domini
1593 477 1932 535 praeceptum,
1961 468 2064 518 hoc
2098 467 2244 535 quod
2276 482 2407 533 pos-

1340 540 1513 591 sidere
1536 539 1856 591 videbantur
1898 538 2050 588 obliti
2083 548 2251 589 sunt·
2276 538 2409 604 quid

1341 628 1470 680 ergo
1500 610 1560 662 in
1587 610 1785 677 judicio
1813 610 1930 675 ejus
1957 609 2150 659 dicturi
2199 624 2408 671 sumuS,

1341 683 1439 749 qui
1480 690 1763 732 vocantem
1805 680 1960 747 sequi
1991 679 2410 740 contemnimus,

1341 763 1397 804 et
1416 754 1489 804 ob
1513 767 1753 803 amoeem
1798 751 2078 818 praesentis
2099 750 2284 810 seculi,
2305 765 2411 801 nec

1339 824 1622 892 praeceptis
1649 822 1931 883 flectimur,
1962 838 2061 873 nec
2098 821 2414 872 verberibus

1279 921 1284 926 ¹
1344 894 1727 946 emendamur?
1756 912 1784 940 n
1818 894 1932 944 haec
1962 892 2285 959 Gregorius.
2309 892 2415 942 Se·-

1344 966 1455 1019 cuti
1480 976 1659 1018 autem
1686 974 1817 1016 sunt
1837 964 2152 1024 Dominum,
2170 964 2287 1028 ejus
2319 978 2415 1014 ve·-

1345 1037 1503 1105 stigia
1517 1035 1809 1103 sequendo,
1827 1036 1944 1100 ejus
1959 1050 2120 1102 opera
2131 1034 2416 1094 imitando,

1341 1109 1462 1174 ejus
1483 1107 1708 1159 virtutes
1743 1107 1994 1157 tenendo.
2034 1107 2151 1157 Hoc
2186 1119 2421 1172 namque

1347 1189 1429 1231 oet
1453 1189 1576 1245 post
1599 1177 1874 1230 Christum
1907 1178 2013 1241 ire3
2042 1178 2149 1228 hoc
2168 1187 2249 1228 est
2266 1176 2420 1228 Chri·

1350 1260 1494 1301 stum
1549 1248 1722 1315 sequi.
1773 1248 1959 1313 Neque
2028 1247 2172 1298 enim
2215 1246 2415 1298 sufficit

1352 1323 1512 1373 nobis
1543 1322 1769 1388 pedibus
1814 1329 2022 1371 tantum
2067 1320 2146 1372 ire
2182 1330 2303 1386 post
2327 1320 2419 1370 Je-

1350 1413 1491 1458 sum,
1519 1395 1625 1446 nisi
1658 1404 1710 1445 et
1738 1402 1918 1445 mente
1946 1403 1998 1444 et
2023 1393 2306 1456 dilectione
2330 1407 2420 1442 se-

1351 1484 1584 1536 quamur
1605 1483 1749 1518 eum.
1770 1468 1832 1518 In
1845 1466 1934 1516 his
1943 1481 2088 1532 erg0,
2114 1465 2413 1516 secundum

1351 1540 1652 1600 Hilarium,
1705 1539 1960 1588 docemur
2008 1536 2288 1587 Christum
2330 1550 2417 1585 se-

1352 1610 1471 1677 qui,
1499 1619 1552 1661 et
1586 1608 1840 1661 secularis
1875 1607 1997 1658 vitae
2038 1605 2422 1665 sollicitudine,

1353 1697 1413 1732 ac
1433 1691 1666 1748 paternae
1688 1680 1884 1730 domus
1909 1677 2295 1729 consuetudine
2314 1691 2423 1726 non

1354 1753 1548 1806 teneri.
1577 1755 1642 1804 Et
1671 1753 1717 1804 si
1741 1768 1907 1820 pauca
1947 1752 2006 1802 hi
2036 1750 2285 1817 discipuli
2320 1749 2425 1799 ha-

1357 1826 1607 1910 buerunt,
1650 1824 1819 1873 multa
1853 1833 2033 1873 tamen
2076 1821 2425 1886 reliquerunt,

1355 1899 1488 1966 quia
1515 1899 1574 1950 in
1594 1898 1699 1950 hoc
1720 1898 1904 1948 seculo
1930 1895 2070 1947 nihil
2092 1895 2320 1946 retinere
2342 1892 2427 1942 vel

1359 1984 1539 2022 amare
1590 1967 1930 2019 studuerunt.
1988 1966 2141 2017 Unde
2204 1964 2428 2029 Grego-

1358 2042 1530 2094 rius:
1568 2059 1598 2088 ι
1626 2040 1733 2091 Sed
1783 2039 1845 2090 in
1895 2038 1996 2088 hac
2059 2052 2114 2087 re
2179 2034 2427 2086 affectum

1357 2115 1621 2165 debemus
1654 2112 1834 2178 potius
1864 2124 2103 2178 pensare,
2128 2123 2293 2191 quam
2316 2121 2431 2156 sen-

1359 2202 1513 2251 sum3
1529 2186 1769 2237 multum
1795 2182 2032 2249 reliquit,
2062 2182 2157 2248 qui
2191 2178 2430 2246 quamli-

1359 2259 1448 2308 bet
1467 2271 1677 2322 parum,
1703 2264 1878 2305 totum
1911 2252 2170 2315 deseruit3
2193 2250 2429 2301 multum

1361 2325 1601 2393 reliquit,
1616 2325 1713 2391 qui
1727 2323 1832 2375 sibi
1858 2322 1999 2374 nihil
2026 2322 2273 2383 retinuit;
2299 2320 2433 2370 mul·

1361 2408 1479 2449 tum
1520 2395 1746 2459 dimisit,
1771 2395 1865 2462 qui
1903 2391 2163 2445 desideria
2197 2390 2429 2442 habendi

1362 2467 1673 2535 dereliquit,
1695 2467 1933 2518 multum
1954 2463 2179 2523 dimisit,
2193 2462 2433 2529 quicum

1362 2555 1422 2590 re
1467 2553 1715 2605 possessa
1771 2537 1933 2590 etiam
1978 2532 2433 2601 concupiscentiis

1365 2609 1709 2661 renuntiavit.
1773 2612 1824 2661 A
1899 2607 2249 2676 sequenfibus
2302 2620 2436 2671 ergo

1366 2684 1571 2735 scilicet
1644 2683 1927 2735 Christum
1997 2689 2143 2733 unta
2209 2679 2435 2730 dimissa

1366 2763 1498 2806 sunt
1513 2793 1528 2816 ,
1582 2763 1780 2820 quanta
1833 2769 1865 2804 a
1919 2768 2030 2804 non
2088 2749 2437 2817 sequentibus

1295 2870 1300 2874 .
1365 2824 1674 2891 concupisci
1719 2832 2029 2890 potuerunt.
2054 2822 2167 2874 Gor
2204 2834 2439 2886 namque

1367 2905 1424 2947 et
1458 2911 1571 2946 non
1610 2894 1962 2946 substantiam
2004 2893 2274 2944 Dominus
2298 2907 2439 2957 pen-

1370 2975 1470 3027 sat
1498 2981 1596 3017 nec
1637 2964 1921 3032 perpendit
1945 2974 2211 3030 quantum
2240 2964 2295 3013 in
2324 2963 2441 3028 ejus

1325 3092 1328 3093 ⁷
1369 3035 1655 3104 sacrificio,
1704 3035 1799 3086 sed
1844 3049 1909 3085 ex
1950 3044 2157 3100 quanto

1369 3120 1479 3161 tur.
1525 3107 1964 3160 AEstimationem
2029 3107 2230 3176 quippe
2285 3105 2439 3171 pretii

1370 3197 1481 3232 non
1509 3180 1689 3242 habet,
1716 3179 1815 3230 sed
1841 3189 2022 3230 tamen
2064 3192 2297 3244 regnum
2341 3175 2439 3228 Dei

1371 3262 1584 3304 tantum
1620 3252 1761 3303 valet
1801 3261 2069 3318 quntum
2093 3249 2280 3299 habes.
2303 3249 2443 3298 Ante

1372 3323 1470 3375 Dei
1522 3338 1757 3389 namque
1800 3324 1997 3374 oculos
2034 3334 2315 3385 nunquam
2359 3327 2443 3370 est

1371 3412 1537 3448 vacua
1569 3411 1761 3447 manus
1786 3411 1818 3446 a
1845 3410 2086 3455 munere,
2112 3392 2159 3442 si
2183 3406 2301 3441 arca
2322 3405 2443 3441 oon-

1372 3469 1461 3519 dis
1485 3471 1685 3535 repleta
1726 3478 1809 3519 est
1847 3454 1999 3519 'bona
2022 3466 2313 3516 voluntate.
2338 3461 2443 3514 Ni·

1374 3542 1458 3593 hil
1501 3543 1703 3611 quippe
1749 3541 1970 3592 offertur
2009 3540 2121 3589 Deo
2148 3536 2315 3588 ditius
2342 3551 2442 3588 vo-

1376 3615 1577 3669 luntate
1623 3616 1809 3668 bona:
1840 3633 1869 3662 n
1892 3613 2006 3665 haec
2028 3608 2357 3678 Gregorius.
