2784 4452
353 355 465 408 -332

356 475 721 540 juramentum
773 474 891 526 sine
932 475 1281 539 necessitate3
1336 477 1421 527 vel

357 548 561 597 malum
598 563 781 613 poenae,
833 547 962 614 quia
1003 563 1068 598 ex
1111 547 1423 598 infirmitate

355 617 612 677 humana,
660 633 782 683 quae
828 628 909 668 est
959 619 1204 684 quaedam
1262 634 1421 684 poena

354 692 533 757 generi
582 692 821 742 humano
871 691 1099 752 inflicta,
1160 692 1416 758 procedit,

352 764 499 828 quod
544 763 796 813 homines
851 778 962 812 non
1026 764 1244 813 credunt
1309 764 1416 815 sibi

353 848 545 888 mutuo
583 838 813 904 simplici
835 838 1020 897 verbe,
1044 837 1247 905 'absque
1266 840 1416 904 jura-

350 922 557 962 mento,
616 913 818 962 Verum
865 911 1031 978 igitur
1091 912 1377 979 loquamur
1399 953 1414 974 ,

352 998 528 1049 neque
562 983 614 1032 id
650 983 1011 1047 jurationibus
1050 984 1279 1045 crebriS‚
1321 987 1414 1035 sed

349 1069 566 1105 morum
622 1053 884 1120 probitate
956 1056 1413 1106 commendemus.

348 1125 414 1175 Et
439 1125 494 1174 in
523 1125 795 1189 loquendo
822 1140 913 1175 ore
943 1135 1154 1175 tantum
1177 1135 1412 1188 utamur,

344 1197 473 1264 quia
500 1196 645 1263 quod
684 1213 776 1248 ore
826 1198 1058 1263 amplius
1090 1206 1187 1258 est,
1214 1199 1414 1250 scilicet

345 1269 507 1318 etiam
533 1269 721 1319 ceteris
748 1269 953 1320 artibus
974 1270 1073 1329 uti,
1098 1285 1128 1320 a
1150 1271 1291 1320 malo
1311 1282 1409 1322 est.

347 1339 420 1390 Ut
469 1340 615 1389 enim
671 1340 728 1389 in
788 1340 1093 1391 Proverbiis
1146 1341 1342 1391 dicitur
1394 1360 1408 1394 t

342 1409 523 1460 Homo
568 1415 820 1475 apostata
871 1410 956 1461 vir
992 1410 1201 1461 inutilis
1232 1412 1409 1478 digito

979 358 1218 409 PRIMAE
1251 358 1501 409 PARTIS
1532 359 1769 426 CAPUT
1796 361 2010 412 XXXV.

1533 477 1785 543 loquitur.
1803 478 2009 527 Stultus
2036 492 2163 542 ergo
2186 485 2285 535 est,
2316 475 2410 541 qui
2434 475 2605 526 talem

1531 547 1792 608 imitatur,
1842 558 1895 598 et
1938 548 2189 598 similiter
2218 547 2394 613 digito
2420 546 2607 611 loqui-

1532 625 1617 669 tur
1627 636 1648 682 ;
1674 620 1767 670 sed
1791 620 1964 686 magis
1991 621 2188 670 stultus
2214 629 2293 669 est
2311 657 2324 678 ,
2356 617 2401 668 si
2431 617 2604 668 etiam

1531 709 1714 754 manu,
1767 693 1824 743 in
1854 709 1961 760 qua
1996 695 2176 760 plures
2238 691 2393 757 digiti
2442 701 2603 751 sunt,

1527 765 1812 846 loquatur;
1864 775 1916 816 et
1939 781 2033 830 per
2061 778 2410 830 consequens,
2449 762 2603 812 stul-

1526 834 1770 886 tissimus
1788 844 1884 897 est,
1906 836 1952 886 si
1978 836 2137 885 etiam
2168 833 2398 885 brachiis
2422 842 2474 883 et
2495 833 2605 883 hu-

1525 906 1707 966 meriS,
1762 906 1819 957 in
1859 908 2128 972 loquendo
2165 915 2361 956 utatur.
2396 904 2453 954 Si
2488 919 2603 955 au-

1523 986 1633 1026 tem
1662 978 1727 1026 ad
1747 986 1955 1027 motum
1973 977 2338 1027 membrorum
2355 976 2594 1025 istorum

1523 1043 1720 1101 accedit
1745 1061 1797 1101 et
1825 1051 1993 1101 motio
2018 1051 2225 1116 capitis,
2250 1051 2355 1115 jam
2379 1048 2603 1099 videtur

1523 1123 1677 1188 quasi
1708 1122 1899 1173 insano
1930 1121 2147 1172 similis·
2197 1120 2422 1187 Expedit
2461 1133 2600 1185 ergo

1456 1205 1461 1216 ’
1521 1193 1707 1244 omnia
1733 1194 1974 1244 membra
1996 1232 2011 1254 ,
2061 1201 2252 1259 praeter
2293 1208 2374 1255 os,
2408 1191 2463 1240 in
2501 1191 2601 1240 lo-

1521 1265 1738 1331 quendo
1772 1264 2060 1323 continere,
2097 1280 2165 1314 ne
2198 1263 2326 1313 inde
2360 1262 2599 1313 scanda-

1520 1341 1636 1390 lum
1687 1340 1753 1389 ad
1802 1337 1935 1388 alios
1973 1336 2142 1402 possit
2175 1334 2597 1403 quomodolibet

1519 1411 1774 1462 derivare.

1334 1608 1607 1659 ORATIO

403 1773 637 1824 Domine
665 1775 789 1826 Jesu
816 1775 1050 1837 Christe,
1079 1777 1173 1843 qui
1203 1775 1444 1842 antiquis
1484 1774 1833 1842 temporalia,
1884 1774 2041 1824 nobis
2068 1789 2194 1824 vero
2241 1783 2437 1824 aeterna
2454 1785 2592 1854 pro·

339 1844 555 1905 misisti,
599 1856 660 1895 ut
705 1857 887 1897 nostra
933 1848 1328 1913 superabundet
1377 1847 1598 1912 justitia,
1647 1847 1714 1897 da
1743 1845 1879 1896 mihi
1934 1861 2112 1897 coram
2143 1855 2195 1895 te
2231 1855 2284 1895 et
2316 1841 2591 1909 proximis

338 1930 585 1966 sermone
626 1926 676 1966 et
705 1933 863 1983 opere
890 1918 1084 1980 lucere,
1116 1934 1174 1968 ac
1205 1919 1402 1984 Legem
1432 1928 1581 1968 tuam
1613 1934 1723 1968 non
1756 1918 1981 1977 solvere,
2010 1917 2104 1967 sed
2132 1914 2587 1981 superabundan-

335 1997 418 2038 ter
445 1987 683 2054 implere.
729 1988 950 2039 Custodi
981 2004 1068 2038 me
1117 1988 1226 2039 ab
1215 2005 1293 2039 ira
1323 1998 1374 2039 et
1405 1988 1704 2039 offensione
1731 1988 1983 2055 proximi,
2032 1998 2093 2037 ut
2134 2001 2335 2036 munus
2381 1983 2584 2042 cordis,

334 2058 464 2119 oriS,
498 2060 583 2109 vel
613 2059 739 2110 boni
789 2059 985 2125 operis,
1016 2061 1163 2125 quod
1192 2059 1290 2109 tibi
1316 2061 1581 2125 obtuler0,
1612 2071 1890 2143 acceptum
1933 2060 2004 2109 sit
2046 2058 2103 2108 in
2148 2068 2435 2123 conspectu
2460 2065 2585 2106 tu0.

333 2133 578 2183 Concede
606 2132 763 2192 mihi,
794 2132 1213 2183 clementissime
1245 2134 1407 2193 DeuS,
1454 2149 1484 2184 a
1526 2132 1973 2199 concupiscentiis
2006 2142 2058 2182 et
2089 2132 2391 2197 aspectibus
2416 2129 2584 2180 malis

328 2217 528 2264 cavere,
552 2218 716 2254 omne
746 2203 1104 2268 juramentum
1129 2204 1413 2269 declinare,
1442 2214 1502 2255 ut
1531 2204 1670 2255 sicut
1700 2220 1731 2255 a
1756 2203 2011 2271 proximi,
2044 2203 2122 2255 sic
2141 2212 2192 2255 et
2210 2219 2241 2254 a
2265 2211 2358 2254 tua
2382 2199 2584 2268 injuria

328 2275 531 2326 valeam
559 2275 843 2338 abstinere,
867 2284 919 2325 et
938 2274 1038 2325 tibi
1068 2275 1126 2325 in
1150 2275 1406 2326 omnibus
1432 2291 1641 2342 semper
1668 2277 1892 2342 placere.
1923 2277 2118 2327 Amen.

1112 2681 1449 2752 CAPUT
1493 2683 1762 2752 XXXV

319 2924 683 2994 Sermonis
730 2927 802 2996 in
834 2939 1065 2998 monte
1091 2932 1531 3001 continuatio
1563 2958 1585 3000 .·
1614 2934 1722 3002 De
1736 2932 2091 3026 patientia
2125 2942 2194 3000 et
2217 2931 2575 3026 largitate

894 3043 1088 3114 circa
1117 3046 1531 3138 proximum
1580 3047 1980 3117 exhibenda.

1159 3294 1447 3358 Matthaei
1490 3317 1623 3380 cap.
1678 3299 1735 3360 5.

376 3545 396 3579 1
432 3531 540 3581 Lex
570 3549 816 3586 TALroms
861 3551 1003 3585 Arm>
1041 3536 1274 3587 JunAEOS.
1311 3566 1373 3576 —

301 3600 593 3668 Postquam
656 3620 783 3671 ergo
846 3607 1116 3657 Dominus
1189 3609 1373 3659 docuit

299 3688 412 3724 non
439 3691 554 3726 esse
590 3677 919 3729 inferendam
963 3681 1215 3745 injuriam
1253 3698 1372 3738 nro-

295 3744 466 3807 ximo,
484 3762 578 3796 nec
599 3748 997 3801 irreverentiam
1021 3751 1160 3813 Deo;
1186 3767 1369 3802 conse-

296 3827 527 3879 quenter
561 3819 713 3869 docet
758 3821 986 3886 qualiter
1029 3788 1368 3873 Christianus

296 3897 356 3933 se
392 3885 589 3937 habere
613 3889 768 3939 debet
805 3890 870 3940 ad
899 3906 990 3941 eos
1026 3891 1121 3959 qui
1152 3892 1257 3943 sibi
1290 3892 1367 3941 in-

295 3953 490 4018 juriam
507 3958 762 4022 inferunt,
782 3977 987 4026 ponens
1001 3979 1168 4030 pauca
1185 3965 1365 4030 verba,

1484 3553 1604 3605 quae
1630 3539 1886 3590 omnibus
1914 3540 2233 3591 hominibus
2272 3540 2340 3590 ad
2374 3538 2564 3605 perfe-

1485 3611 1720 3662 ctionem
1753 3612 2049 3675 sufficiunt,
2078 3612 2349 3680 inquibus
2372 3613 2563 3664 omnis

1484 3682 1756 3749 patientiae
1788 3693 1839 3734 et
1871 3684 2128 3750 largitatis
2163 3684 2335 3735 virtus
2371 3694 2562 3749 aperte

1482 3756 1895 3819 commendatur
1917 3765 1969 3805 et
1997 3757 2267 3805 suadetur.
2281 3755 2347 3804 Et
2371 3754 2560 3819 primo

1479 3824 1629 3890 ponit
1656 3825 1983 3875 intellectum
2009 3825 2282 3890 cujusdam
2298 3825 2557 3890 praecepti

1475 3895 1771 3960 judicialiS,
1808 3896 1902 3946 ubi
1945 3896 2191 3946 errabant
2215 3894 2407 3954 Judaei,
2437 3908 2560 3944 cre-

1475 3968 1678 4028 dentes,
1708 3968 1855 4035 quod
1885 3966 2120 4018 vindicta
2162 3976 2300 4018 esset
2328 3975 2556 4033 propter
