2784 4452
352 285 463 351 426

358 413 583 469 possunt
610 403 770 453 latere
800 412 850 453 et
877 403 1179 469 quiescere;
1211 420 1308 470 ego
1334 419 1421 454 au-

353 486 462 526 tem
492 491 613 525 sum
636 475 708 525 ita
732 490 931 541 pauper
951 477 1094 542 quod
1123 493 1229 526 non
1250 476 1420 527 habeo

352 546 708 611 hospitiolum
756 547 1055 612 proprium,
1098 547 1192 597 ubi
1241 546 1417 612 perci-

357 616 554 681 piendo
586 616 825 682 quietem
867 627 1022 682 caput
1062 616 1340 678 reclinem,
1368 627 1421 666 et

358 689 477 739 ideo
505 689 699 740 frustra
715 691 866 740 venis
888 691 954 740 ad
979 706 1064 741 me
1089 700 1304 757 propter
1327 690 1419 740 lu-

353 776 505 810 crum
548 762 852 827 temporale.
890 762 1044 812 Unde
1084 763 1419 829 Chrysosto-

356 846 474 882 mus
504 849 521 881 .·
553 852 577 878 ιι
625 832 816 898 Aspice
860 832 1087 898 qualiter
1133 843 1419 897 pauperta-

355 914 484 961 tem,
513 918 676 969 quam
706 903 974 953 Dominus
1013 903 1289 963 docuerat,
1326 918 1421 969 per

353 989 516 1039 opera
549 976 874 1024 demonstrat
897 990 910 1023 ε
933 989 1042 1022 non
1066 984 1177 1024 erat
1206 973 1255 1024 ei
1273 989 1421 1024 men·

360 1060 442 1105 sa,
478 1061 584 1094 non
616 1044 1016 1104 candelabrum,
1060 1060 1156 1095 nec
1190 1044 1418 1104 domus,

357 1132 452 1166 nec
480 1116 776 1182 quidquam
808 1116 997 1166 talium
1019 1132 1031 1166 ε
1055 1135 1082 1163 n
1105 1116 1221 1166 haec
1245 1116 1421 1182 Chry·

353 1192 639 1237 Sostomus.
671 1185 1036 1250 Hospitiolum
1063 1186 1282 1252 quidem
1314 1186 1420 1236 ha-

361 1258 479 1307 buit
496 1256 739 1323 Virginis
760 1268 991 1317 uterum‚
1018 1257 1417 1308 reclinatorium

355 1330 565 1390 habuit,
607 1332 928 1397 praesepium
974 1347 1083 1382 non
1122 1331 1417 1397 proprium,

359 1412 411 1451 et
459 1402 629 1452 crucis
688 1403 987 1468 patibulum
1007 1442 1020 1463 ,
1073 1404 1418 1470 sepulchrum

361 1473 570 1534 habuit,
598 1474 689 1524 sed
717 1473 971 1525 alienum.
991 1475 1091 1524 Hic
1115 1490 1239 1541 ergo
1253 1489 1421 1524 remo-

351 1555 508 1594 vetur
533 1545 796 1611 cupiditas
822 1556 1155 1596 terrenorum
1185 1562 1215 1596 a
1243 1546 1421 1595 volen-

354 1616 502 1667 tibus
550 1616 704 1683 sequi
738 1617 1038 1668 Christum.
1079 1617 1279 1668 Audita
1317 1633 1419 1667 au-

354 1700 464 1738 tem
495 1689 697 1740 Christi
733 1700 1041 1755 paupertate
1071 1706 1179 1739 non
1221 1689 1420 1739 institit

348 1762 587 1827 amplius
610 1771 671 1812 ut
695 1772 1022 1827 sequeretur.
1054 1763 1207 1814 Unde
1247 1761 1421 1828 Chry-

360 1840 626 1884 sostomus
645 1850 662 1884 .·
688 1852 716 1881 a
741 1834 860 1884 Non
898 1845 1077 1885 autem
1104 1836 1417 1900 respondet,

353 1921 553 1971 sequar
579 1917 633 1956 te
658 1922 964 1972 pauperem,
997 1907 1101 1956 hoc
1128 1906 1273 1957 enim
1305 1908 1422 1957 Do-

355 1977 542 2027 minus
584 1976 806 2027 forsitan
846 1977 1210 2028 concessisset.
1253 1997 1279 2023 »
1319 1978 1421 2028 Hic

356 2064 452 2115 per
487 2048 694 2115 vulpeS,
729 2049 984 2099 dolositas
1027 2060 1080 2100 et
1115 2049 1418 2113 simulati03

358 2134 452 2185 per
478 2118 736 2182 volucres,
764 2119 943 2170 inanis
975 2120 1221 2186 jactantia
1249 2130 1300 2170 et
1323 2121 1422 2171 ela-

351 2190 431 2241 tio
467 2190 727 2258 signatur.
772 2190 941 2252 Quasi
988 2192 1186 2243 diceret
1231 2192 1423 2242 Domi-

357 2278 461 2312 nus
496 2278 510 2312 :
543 2262 813 2312 Dolositas
859 2273 911 2313 et
946 2262 1104 2313 elatio
1155 2263 1317 2313 latent
1360 2263 1417 2313 in

355 2333 513 2382 corde
543 2342 656 2392 tu0,
690 2332 820 2398 quia
848 2333 1049 2384 scilicet
1073 2348 1232 2384 causa
1262 2333 1421 2399 cupi-

356 2405 537 2455 ditatis
562 2415 615 2455 et
639 2420 789 2456 vanae
818 2406 999 2472 gloriae
1029 2407 1113 2457 vis
1136 2422 1224 2457 me
1245 2407 1418 2473 sequi,

356 2486 410 2524 et
446 2474 566 2525 ideo
592 2485 646 2525 te
672 2474 732 2524 in
761 2476 1067 2527 societatem
1105 2492 1280 2527 meam
1308 2494 1420 2528 non

353 2545 580 2611 recipi03
618 2544 744 2612 quia
792 2545 964 2597 Filius
1003 2547 1244 2598 hominis
1280 2547 1421 2597 sim-

353 2618 477 2683 plex
536 2629 718 2669 contra
770 2619 1110 2671 dolositatem
1134 2659 1147 2680 ,
1192 2620 1421 2670 humilis

353 2700 539 2740 contra
577 2690 902 2756 superbiam,
944 2708 1053 2742 non
1090 2693 1251 2743 habet
1281 2692 1339 2742 in
1368 2702 1421 2743 te

354 2760 449 2809 ubi
520 2771 676 2826 caput
741 2762 977 2812 reclinet.
1035 2763 1211 2828 Caput
1269 2762 1419 2812 enim

352 2830 559 2881 Christi
584 2831 727 2882 Deus
753 2842 853 2892 est,
883 2833 1028 2882 Deus
1049 2842 1227 2883 autem
1259 2832 1421 2883 habi-

353 2915 432 2954 tat
456 2904 513 2953 in
539 2904 735 2954 humili
756 2916 808 2956 et
835 2905 1063 2971 simplici
1095 2916 1148 2956 et
1177 2914 1421 2956 tremen—

355 2985 408 3024 te
439 2989 714 3024 sermones
743 2975 855 3039 ejus
873 3014 887 3034 ,
920 2987 972 3026 et
1001 2975 1117 3041 ipsa
1145 2977 1422 3027 reclinatio

350 3044 561 3110 eapitis,
599 3060 708 3093 non
740 3044 934 3094 erectio
961 3045 1287 3097 humilitatis
1313 3063 1423 3097 ma·

350 3114 522 3179 gistra
543 3125 641 3175 est,
675 3129 797 3180 quae
818 3115 873 3164 in
897 3115 991 3165 illo
1012 3116 1192 3166 locum
1210 3134 1318 3167 non
1333 3118 1424 3167 ha-

357 3185 502 3234 bent.
530 3186 589 3235 In
609 3186 783 3235 tribus
804 3201 930 3251 ergo
952 3187 1051 3237 iste
1071 3188 1422 3253 reprehendi-

355 3265 446 3304 tur
464 3270 496 3305 a
513 3255 765 3316 Domino,
787 3255 985 3308 scilicet
999 3274 1015 3307 t
1035 3257 1093 3307 in
1119 3258 1419 3318 dolositate,

355 3325 485 3390 quia
534 3325 656 3376 ficto
705 3327 891 3377 animo
936 3336 987 3377 et
1031 3345 1141 3378 non
1186 3329 1423 3394 simplici

356 3397 509 3462 sequi
537 3398 777 3462 volebat3
807 3409 858 3449 et
880 3400 937 3450 in
962 3401 1271 3466 cupiditate,
1292 3400 1424 3468 quia

357 3483 482 3517 eum
507 3484 604 3533 pro
632 3480 870 3535 quaestus
898 3471 1052 3538 sequi
1081 3470 1419 3536 intendebat;

351 3547 409 3588 et
432 3538 489 3586 in
514 3538 771 3599 elatione,
806 3541 933 3606 quia
961 3550 1179 3607 propter
1203 3541 1421 3592 inanem

353 3607 586 3672 gloriam
605 3609 654 3659 ei
675 3610 945 3661 adhaerere
968 3612 1214 3676 cupiebat
1235 3628 1252 3661 ε
1282 3613 1423 3662 sicut

357 3678 542 3743 vulpes
584 3689 665 3729 est
713 3680 914 3731 animal
968 3681 1123 3732 fallax
1145 3721 1158 3741 ‚
1205 3682 1422 3734 insidiis

355 3748 650 3813 intentum,
686 3762 739 3801 et
771 3751 977 3817 rapinis
1006 3755 1257 3819 plenum;
1300 3755 1444 3805 avis.

356 3834 481 3869 vero
521 3823 626 3871 alta
660 3833 845 3887 petens
874 3834 928 3875 et
966 3826 1257 3875 ascendens
1293 3841 1421 3877 sur-

353 3905 498 3941 sum.
551 3893 652 3944 Hic
695 3910 821 3960 ergo
863 3897 1017 3963 sequi
1050 3898 1260 3949 volebat
1298 3899 1420 3949 Ma-

1062 285 1297 337 PRIMA-3
1326 284 1575 336 PARTIS
1605 285 1838 338 CAPUT
1864 289 2025 340 XLV.

1527 404 1781 470 gistrum,
1816 421 1926 455 non
1965 415 2028 456 ut
2068 405 2293 457 virtutes
2329 406 2587 468 disceret,

1528 491 1638 524 non
1667 484 1728 525 ut
1754 485 2113 541 paupertatem
2142 486 2193 527 et
2223 477 2590 529 humilitatem

1527 546 1767 613 Magistri
1818 547 2148 610 imitaretur,
2192 549 2284 599 sed
2325 558 2387 599 ut
2430 548 2591 599 fictus

1522 617 1826 683 discipulus
1862 617 2149 683 deciperet,
2183 629 2235 669 et
2269 619 2372 669 sub
2411 618 2591 684 Magi-

1527 698 1636 737 stro
1666 687 2005 748 humilitatiS,
2034 698 2088 739 et
2115 688 2465 754 paupertatis),
2495 689 2592 739 ho·

1528 775 1722 810 norum
1767 760 2054 826 dignitates
2101 762 2328 811 ambiret
2360 770 2413 811 et
2444 760 2589 811 divi-

1526 833 1627 882 tias
1655 843 2012 900 congregaret.

1590 901 1618 952 3
1644 903 1751 963 Qut
1775 919 1891 954 snu-
1910 920 2035 954 nme
2059 905 2260 955 Senum
2289 920 2498 955 sunm-:s
2512 904 2592 954 2-

1526 976 1597 1026 Et
1635 976 1783 1026 hunc
1820 976 2090 1026 ambitiosi
2133 988 2183 1027 et
2224 976 2506 1026 simoniaci
2538 976 2594 1025 in

1529 1045 1760 1096 Ecclesia
1798 1045 2094 1106 imitantur,
2137 1046 2230 1112 qui
2270 1046 2499 1111 cupiunt
2527 1045 2593 1096 ad

1526 1119 1629 1167 alta
1675 1117 1927 1179 subvehi,
1975 1115 2271 1184 quc'erentes
2316 1132 2436 1183 quoe
2491 1131 2595 1167 sua

1529 1196 1670 1252 sunt,
1701 1204 1802 1241 non
1835 1204 1954 1255 quoe
1981 1190 2113 1240 Jesu
2141 1189 2362 1251 Christi,
2396 1204 2509 1239 non
2534 1197 2595 1237 ut

1530 1260 1854 1321 ministrent,
1892 1261 1984 1311 sed
2014 1270 2073 1310 ut
2103 1260 2497 1320 ministrentur,
2543 1269 2596 1309 et

1527 1331 1646 1381 ideo
1669 1333 1816 1398 vulpi
1844 1333 2061 1392 dolosae,
2086 1342 2138 1382 et
2161 1331 2358 1382 volanti
2385 1331 2466 1381 avi
2486 1346 2597 1381 me-

1527 1401 1630 1451 rito
1673 1412 2064 1469 comparantur.
2107 1402 2208 1452 Per
2252 1402 2397 1451 hunc
2428 1401 2597 1451 etiam

1525 1471 1893 1537 significantur
1919 1482 2217 1537 quaerentes
2246 1471 2445 1520 intrare
2468 1470 2597 1520 reli-

1526 1544 1769 1610 gionem,
1815 1544 1900 1594 vel
1940 1543 2329 1594 monasterium
2374 1542 2597 1592 divitias

1526 1614 1873 1675 habentium,
1917 1614 2025 1664 noti
2054 1629 2118 1664 ex
2156 1613 2463 1673 devotione,
2498 1613 2595 1663 sed

1526 1694 1586 1734 ut
1613 1700 1678 1734 cx
1706 1684 2029 1750 pauperibus
2056 1684 2267 1744 diviteS,
2296 1694 2351 1734 et
2376 1699 2444 1733 ex
2469 1698 2598 1733 con-

1527 1754 1920 1821 temptibilibus
1975 1755 2225 1805 honorati
2266 1753 2415 1804 fiant.
2469 1754 2596 1803 Ideo

1527 1825 1724 1874 talibus
1750 1824 1991 1875 dicitur:
2033 1825 2229 1889 Vulpes
2254 1825 2454 1889 foveas
2488 1824 2596 1875 ha·-

1527 1897 1661 1959 bent,
1693 1901 1747 1946 et
1781 1896 2024 1947 volucres
2062 1895 2185 1947 ooeli
2212 1896 2392 1959 nidos,
2434 1895 2489 1944 id
2515 1904 2600 1945 est

1523 1967 1800 2017 daemones
1842 1968 2013 2018 dolosi
2049 1978 2100 2018 et
2136 1968 2353 2034 superbi
2394 1966 2599 2017 habent

1526 2040 1585 2090 in
1642 2039 1798 2090 vobis
1863 2039 2230 2091 habitaculum
2253 2080 2267 2101 ,
2320 2040 2413 2090 sed
2480 2054 2598 2088 non

1527 2112 1795 2164 Christus.
1825 2110 2007 2162 Potest
2034 2113 2255 2178 insuper
2286 2112 2412 2172 dici,
2445 2112 2597 2178 quod

1526 2183 1709 2250 vulpes
1751 2182 1950 2249 foveas
2002 2184 2208 2247 habent,
2259 2183 2316 2233 id
2371 2193 2450 2234 est
2487 2182 2597 2234 do-

1528 2255 1628 2305 losi
1664 2255 1860 2305 habent
1889 2257 2140 2317 cautelas,
2168 2257 2233 2305 ad
2271 2271 2406 2322 quas
2440 2253 2596 2305 refu-—

1527 2326 1699 2391 giunt,
1730 2341 1799 2375 ne
1823 2326 1881 2376 in
1906 2327 2019 2377 suis
2038 2328 2315 2394 capiantur
2340 2324 2595 2386 malitiis;

1527 2404 1580 2448 et
1618 2397 1860 2448 volucres
1900 2398 2024 2448 coeli
2062 2399 2240 2462 nidos,
2283 2398 2338 2448 id
2375 2406 2456 2448 est
2496 2412 2600 2447 su-

1526 2467 1675 2533 perbi
1704 2478 1954 2534 qua-‚runt
1989 2469 2180 2519 elevari
2213 2469 2271 2518 in
2307 2469 2455 2534 altis;
2489 2468 2599 2518 Fi-

1527 2538 1636 2587 lius
1681 2544 1856 2588 autem
1895 2537 2122 2588 hominis
2163 2553 2264 2589 non
2303 2539 2458 2589 habet
2508 2538 2601 2588 ubi

1529 2617 1690 2676 eaput
1725 2625 1878 2661 suum
1902 2612 2138 2673 reclinet,
2176 2611 2234 2661 in
2272 2612 2500 2676 talibus,
2542 2610 2600 2661 id

1527 2691 1609 2731 est
1672 2682 1765 2732 ille
1825 2681 1921 2749 qui
1971 2682 2267 2732 secundum
2328 2682 2600 2731 dictamen

1525 2753 1754 2804 rationis
1813 2753 1978 2813 vivit,
2028 2755 2158 2805 talia
2218 2771 2330 2804 non
2379 2754 2599 2820 quaerit.

1528 2826 1600 2876 Ut
1630 2840 1761 2891 ergo
1785 2824 1918 2875 dicit
1941 2825 2382 2893 ChrysostomuS,
2412 2827 2603 2876 Scriba

1528 2895 1636 2956 hic,
1666 2911 1779 2945 non
1806 2896 1987 2946 animo
2021 2897 2286 2955 credendi,
2317 2897 2411 2947 sed
2431 2897 2602 2946 simu-

1529 2970 1631 3018 lata
1677 2977 1858 3019 mente
1904 2968 2120 3019 accessit
2164 2969 2229 3018 ad
2267 2969 2597 3028 Dominum,

1529 3039 1673 3090 unde
1714 3039 1982 3104 inspector
2012 3039 2253 3089 cordium
2281 3049 2336 3089 et
2360 3049 2600 3090 secreto-

1529 3127 1651 3162 rum
1692 3111 1937 3178 cognitor
1985 3111 2158 3172 DeuS‚
2202 3121 2499 3162 tentantem
2541 3126 2603 3162 se

1530 3183 1731 3250 potius„
1770 3199 1933 3250 quam
1971 3199 2096 3234 vere
2135 3200 2195 3234 ac
2235 3184 2461 3234 fideliter
2506 3200 2602 3235 se—

1529 3255 1622 3320 qui
1642 3255 1930 3316 volentem,
1952 3255 2062 3304 non
2092 3255 2366 3305 immerito
2393 3254 2604 3306 refuta-

1528 3323 1623 3375 vit.
1654 3325 1812 3379 Nam.
1839 3335 1903 3375 ut
1932 3325 2009 3376 ait
2034 3326 2378 3392 Augustinus
2403 3345 2422 3377 .-
2447 3345 2475 3373 α
2497 3327 2602 3377 Vi-

1527 3395 1685 3445 debat
1773 3410 1900 3445 eum
1973 3396 2162 3446 dolosa
2251 3396 2606 3447 simulatione

1527 3465 1874 3515 tenebrosum
1896 3504 1911 3527 ,
1981 3476 2034 3517 et
2092 3475 2317 3517 ventosa
2370 3466 2606 3517 elatione

1528 3540 1796 3604 jactatum,
1829 3555 1940 3588 non
1966 3539 2163 3591 habere
2183 3540 2363 3590 locum
2379 3539 2605 3591 humili—

1529 3613 1680 3675 tatiS‚
1719 3613 1816 3663 ubi
1855 3615 2131 3665 doctorem
2160 3632 2217 3666 se
2246 3616 2602 3666 inclinantem

1529 3687 1809 3753 exciperet,
1842 3687 1969 3754 quia
1998 3688 2053 3737 in
2080 3689 2405 3754 discipulatu
2430 3688 2605 3738 Chri-

1528 3757 1596 3807 sti
1649 3773 1758 3808 non
1806 3757 1954 3809 illius
1994 3758 2250 3824 gratiam,
2296 3760 2392 3809 sed
2442 3773 2602 3810 suam

1529 3828 1756 3894 gloriam
1790 3828 2113 3896 requirebat.
2138 3848 2166 3876 n

1591 3915 1629 3964 4
1657 3900 1736 3949 DE
1760 3915 1983 3960 Λιτειιο,
2009 3915 2099 3958 Qut
2126 3915 2409 3957 Ani-mnam
2441 3900 2604 3952 Cum-
