2784 4452
388 354 426 404 6
867 346 1269 399 PROOEMIUM
1302 344 1372 395 IN
1395 341 1634 394 ἸῪἸΤΑΜ
1666 341 1829 394 JESU
1862 343 2158 394 CHRISTI.

388 469 486 520 tiat
514 484 529 517 ε
559 477 622 518 ut
656 475 798 532 patet
841 464 897 516 in
932 462 1274 529 martyribus.
1311 452 1496 512 Unde
1571 458 1709 509 Nam
1733 460 2071 524 paupertatis,
2094 458 2430 523 humilitatiS,
2463 458 2648 509 chari-

391 539 710 592 Bernardus
732 555 750 588 ε
781 555 809 585 «t
830 535 1037 587 Idcirco
1071 532 1303 599 denique
1323 528 1471 581 audit

388 613 632 665 columba
658 625 776 661 mea
805 609 860 660 in
885 607 1254 674 foraminibus
1274 610 1465 671 petrae,

386 685 536 750 quod
565 683 620 732 in
649 680 847 732 Christi
887 677 1202 731 vulneribus
1226 684 1336 727 tota
1374 675 1471 725 de-

388 755 605 805 votione
621 761 879 815 versetur,
910 760 960 800 et
987 749 1099 815 jugi
1127 746 1472 799 meditatione

388 827 705 876 demorer-ur
782 821 838 871 in
893 820 1018 870 illis.
1074 821 1203 871 Inde
1253 817 1475 882 martyri

390 895 701 957 tolerantia3
770 893 895 942 inde
961 890 1039 941 illi
1094 888 1293 941 fiducia
1356 904 1474 940 ma-

389 982 494 1033 gna
513 967 653 1032 apud
680 963 1034 1015 Altissimum.
1063 960 1196 1013 Vult
1214 960 1477 1026 benignus

388 1039 503 1088 dux
528 1035 705 1087 devoti
734 1034 924 1085 militis
961 1033 1175 1084 vultum
1204 1042 1256 1082 et
1287 1031 1475 1081 oculos

388 1113 448 1162 in
476 1122 573 1158 sua
609 1105 821 1156 sustolli
856 1104 1114 1156 vulnera:
1138 1112 1201 1153 ut
1237 1101 1383 1152 illius
1410 1115 1476 1151 ex

386 1181 497 1230 hoc
525 1179 765 1230 animum
795 1178 978 1244 erigat,
1009 1187 1060 1227 et
1094 1177 1340 1242 exemplo
1388 1176 1475 1227 sui

390 1254 575 1303 reddat
643 1253 708 1303 ad
771 1252 1108 1301 tolerandum
1175 1248 1473 1300 fortiorem.

384 1325 684 1376 Enimvero
745 1340 852 1373 non
911 1323 1104 1373 sentiet
1159 1337 1290 1386 sua,
1343 1324 1474 1373 dum

391 1397 539 1452 illius
579 1398 802 1448 vulnera
837 1395 1157 1447 intuebitur.
1188 1396 1303 1446 Stat
1338 1410 1479 1446 mar-

388 1477 475 1533 tyr
513 1467 810 1534 tripudians
857 1477 911 1517 et
948 1467 1320 1533 triumphans,
1361 1475 1476 1516 toto

390 1538 517 1599 licet
539 1539 764 1589 lacerato
794 1552 1037 1603 corpore,
1071 1548 1124 1587 et
1150 1536 1375 1588 rimante
1404 1537 1481 1586 la-

393 1620 506 1661 tera
540 1611 678 1661 ferro
712 1627 729 1660 2
761 1626 859 1660 nec
897 1611 1058 1660 modo
1096 1609 1304 1661 fortiter
1324 1647 1340 1674 ,
1384 1610 1477 1660 sed

392 1685 634 1737 hilariter
687 1700 899 1735 sacrum
945 1698 975 1733 e
1023 1698 1179 1734 carne
1223 1697 1323 1733 sua
1369 1681 1477 1731 cir-

394 1757 682 1824 cumspicit
743 1756 970 1807 ebullire
1032 1771 1301 1807 cruorem.
1369 1755 1476 1806 Ubi

395 1835 524 1887 ergo
561 1829 690 1870 tunc
730 1820 910 1870 anima
953 1819 1231 1885 martyris?
1276 1832 1472 1883 nempe

386 1891 453 1941 in
495 1900 611 1941 tuto
631 1928 645 1954 ‚
676 1905 869 1956 nempe
907 1889 963 1939 in
995 1898 1168 1955 petra,
1198 1903 1394 1955 nempe
1422 1886 1478 1937 in

395 1970 692 2022 visceribus
749 1971 905 2034 Jesu,
952 1966 1266 2019 vulneribus
1312 1966 1479 2019 nimi-

394 2059 520 2095 rum
555 2043 856 2109 patentibus
888 2043 953 2092 ad
981 2042 1382 2092 introeundum.
1418 2040 1477 2093 Si

389 2113 542 2164 enim
569 2114 623 2163 in
661 2113 773 2165 suis
817 2121 956 2164 esset
983 2113 1300 2177 visceribus,
1330 2127 1479 2163 scru-

397 2199 514 2241 tans
531 2203 608 2254 ea,
638 2187 841 2239 ferrum
861 2187 1097 2254 profecto
1125 2187 1363 2252 sentiret,
1386 2186 1483 2238 do·

388 2254 570 2312 »lorem
587 2276 695 2309 non
714 2259 890 2323 ferret,
910 2260 1284 2309 succumberet
1304 2268 1356 2309 et
1383 2274 1481 2310 ne-

397 2342 560 2401 garet.
591 2333 744 2383 Nunc
764 2341 943 2382 autem
966 2331 1022 2381 in
1050 2340 1203 2397 petra
1216 2331 1480 2395 habitans,

397 2405 531 2472 quid
559 2404 760 2455 mirum
777 2404 822 2454 si
848 2403 902 2453 in
931 2404 1167 2453 modum
1189 2413 1356 2469 petrae
1384 2404 1489 2454 du·-

400 2474 600 2526 ruerit?
630 2475 736 2524 Sed
763 2488 938 2540 neque
981 2473 1182 2523 mirum
1212 2474 1256 2524 si
1300 2474 1426 2524 exul
1454 2489 1483 2524 a

401 2560 650 2611 corpore,
687 2546 901 2594 dolores
927 2560 1037 2593 non
1063 2544 1253 2595 sentiat
1287 2560 1484 2611 corpo-

372 2618 477 2680 ⁴ris
516 2634 530 2667 ε
572 2633 749 2685 neque
790 2618 894 2667 hoc
941 2616 1066 2667 facit
1108 2626 1331 2684 stupor,
1389 2619 1485 2670 sed

403 2704 557 2740 amor
603 2706 617 2738 ε
660 2688 993 2739 submittitur
1046 2687 1191 2738 enim
1245 2704 1482 2754 sensus,

399 2776 510 2810 non
536 2759 796 2809 amittitur
827 2776 842 2809 :
870 2774 968 2808 nec
997 2759 1147 2808 deest
1187 2759 1364 2824 dolor,
1389 2761 1483 2810 sed

394 2832 782 2883 contemnitur.
816 2833 963 2899 Ergo
996 2846 1062 2881 ex
1105 2840 1254 2897 petra
1279 2842 1485 2900 marty-

400 2904 476 2955 ris
503 2903 760 2954 fortitudo
794 2919 808 2954 ε
842 2924 868 2952 υ
902 2904 1019 2954 haec
1047 2904 1385 2955 Ber-nardus.

468 2972 503 3025 8
550 2975 842 3026 Vnt-rurum
892 2990 1101 3036 omum(
1143 2991 1387 3027 murm
1432 2991 1487 3027 m

405 3046 661 3099 Cnmsro.
691 3074 754 3083 -
797 3046 926 3097 Inde
965 3060 1193 3111 quoque
1232 3056 1313 3097 ωε
1338 3048 1487 3114 quod

401 3118 560 3169 multi
605 3117 952 3181 confessoreS,
1000 3128 1053 3169 et
1103 3118 1264 3170 etiam
1292 3120 1404 3185 alii,
1433 3119 1489 3170 in

399 3188 694 3253 laboribuS,
717 3199 769 3239 et
786 3188 1237 3255 tribulationibus,
1260 3201 1313 3241 et
1340 3190 1490 3241 infir-

401 3259 679 3310 mitatibus
698 3260 829 3323 suiS,
860 3275 970 3309 non
994 3260 1173 3310 solum
1201 3261 1459 3326 patientes
1474 3298 1490 3325 ,

409 3331 505 3381 sed
542 3339 593 3379 et
634 3331 833 3381 hilares
869 3329 1038 3381 fuisse
1075 3340 1127 3381 et
1171 3346 1288 3382 esse
1332 3347 1490 3398 repe-

402 3401 638 3466 riuntur3
670 3401 796 3467 quia
825 3417 892 3451 ex
919 3403 1111 3453 devota
1146 3402 1491 3454 meditatione

398 3472 529 3523 -vitae
555 3481 608 3523 et
635 3472 896 3538 passionis
915 3472 1136 3538 Christi,
1170 3488 1359 3524 eorum
1381 3474 1492 3524 ani-

406 3558 513 3595 mae
571 3559 679 3594 non
735 3544 790 3594 in
848 3559 1040 3595 eorum
1083 3544 1397 3610 corporibus
1440 3553 1492 3595 et

403 3613 704 3665 visceribus
727 3651 744 3678 ‚
792 3616 886 3665 sed
946 3613 1146 3665 Christi
1211 3614 1377 3665 fuisse
1440 3625 1493 3666 et
1532 3624 1537 3629 ’

398 3698 522 3734 esse
549 3684 817 3735 videntur.
850 3684 1134 3735 Instruitur
1165 3693 1348 3734 contra
1383 3685 1490 3736 ho-

405 3754 572 3806 stium
608 3765 932 3807 tentamenta
959 3765 1009 3806 et
1034 3755 1191 3820 vitia,
1222 3765 1285 3806 ut
1311 3755 1368 3806 in
1410 3756 1486 3807 fa·

407 3826 612 3888 ciendis
674 3839 726 3880 et
784 3828 1096 3880 omittendis
1118 3865 1133 3891 ,
1186 3843 1360 3880 errare
1400 3839 1492 3881 aut

407 3900 519 3953 falli
561 3917 667 3952 non
701 3902 869 3952 valeat
898 3918 925 3951 τ’
943 3916 1071 3952 cum
1098 3900 1176 3951 ibi
1203 3901 1489 3968 perfectio-

407 3986 534 4025 nem
604 3975 852 4026 omnium
921 3974 1181 4026 virtutum
1242 3976 1510 4043 reperiat„

1571 529 1711 594 tatiS,
1744 530 2182 594 mansuetudiniS,
2198 529 2533 594 obedientiae,
2548 545 2648 596 pa-

1570 600 1787 665 tientiae,
1824 612 2226 668 ceterarumque
2258 601 2519 651 virtutum
2558 617 2654 652 ex-

1574 672 1750 736 empla
1786 680 1837 721 et
1886 671 2182 721 doctrinam
2201 710 2215 736 ,
2261 687 2531 738 nusquam
2568 671 2652 722 sic

1574 740 1829 806 invenieS,
1855 742 1996 792 sicut
2030 742 2084 792 in
2128 742 2235 793 vita
2278 741 2495 792 Domini
2536 743 2654 793 vir-

1573 822 1771 864 tutum.
1804 813 2082 879 Quidquid
2118 813 2261 863 enim
2297 813 2557 863 virtutum
2596 813 2655 864 in

1575 883 1820 934 Ecclesia
1863 883 2090 934 habetur
2106 922 2122 949 ,
2161 885 2226 934 ab
2269 884 2385 950 ipso
2432 882 2655 936 Christo

1575 971 1669 1022 per
1696 957 1939 1023 exempla
1965 972 2189 1022 operum
2218 957 2363 1007 illius
2398 956 2654 1007 trahitur.

1578 1030 1733 1082 Unde
1759 1030 2078 1080 Bernardus
2100 1046 2114 1079 ε
2139 1048 2167 1076 α
2182 1029 2326 1090 Quid
2347 1029 2501 1080 vobis
2523 1045 2658 1080 cum

1576 1103 1881 1168 virtutibus,
1918 1103 2014 1169 qui
2054 1103 2151 1153 Dei
2194 1103 2445 1154 virtutem
2490 1103 2661 1154 Chri-

1577 1173 1644 1224 sti
1682 1174 1967 1240 ignoratis?
2007 1173 2257 1234 Ubinam,
2289 1189 2493 1240 quaese,
2529 1189 2663 1226 vera

1577 1247 1886 1313 prudentia,
1917 1246 2020 1297 nisi
2050 1246 2104 1296 in
2146 1247 2345 1298 Christi
2383 1245 2659 1299 doctrina?

1581 1316 1686 1370 Ubi
1730 1334 1854 1369 vera
1889 1318 2088 1384 justitia
2108 1356 2123 1382 ,
2172 1318 2274 1368 nisi
2338 1318 2394 1368 in
2451 1317 2661 1370 Christi

1580 1390 1970 1441 misericordia?
2019 1391 2125 1442 Ubi
2175 1407 2301 1442 vera
2352 1399 2662 1456 temperan-

1579 1462 1669 1526 tia,
1707 1460 1809 1511 nisi
1847 1461 1902 1512 in
1949 1462 2150 1513 Christi
2189 1463 2331 1513 vita?
2381 1461 2485 1513 Ubi
2532 1477 2664 1514 vera

1578 1531 1854 1597 fortitudO,
1898 1532 2001 1582 nisi
2040 1531 2096 1581 in
2132 1532 2335 1583 Christi
2378 1533 2662 1598 passione?

1580 1605 1695 1656 Soli
1737 1605 1900 1672 igitur
1928 1605 2022 1672 qui
2054 1607 2167 1671 ejus
2206 1605 2445 1656 doctrina
2480 1605 2663 1658 imbut

1580 1685 1730 1740 sunt,
1760 1678 2049 1742 prudentes
2096 1675 2307 1726 dicendi
2353 1685 2495 1726 sunt.
2541 1675 2663 1727 Soli

1580 1749 1734 1813 justi,
1773 1749 1868 1815 qui
1911 1751 1978 1800 de
2003 1751 2117 1814 ejus
2157 1749 2524 1800 misericordia.
2560 1765 2664 1800 ve-

1582 1820 1727 1871 niam
1787 1830 2136 1886 peccatorum
2183 1820 2453 1870 consecuti
2511 1831 2662 1872 sunt.

1583 1891 1697 1942 Soli
1753 1901 2138 1959 temperantes,
2184 1892 2279 1959 qui
2322 1893 2435 1959 ejus
2490 1893 2665 1945 vitam

1583 1961 1781 2012 imitari
1834 1964 2065 2013 student.
2128 1963 2241 2012 Soli
2304 1962 2463 2014 fortes
2483 2001 2499 2028 ,
2562 1965 2665 2031 qui

1585 2032 1699 2098 ejus
1755 2031 2026 2098 sapientiae
2079 2043 2132 2083 et
2166 2032 2431 2099 patientiae
2488 2033 2666 2085 docu-

1585 2116 1764 2156 menta
1802 2105 2009 2156 fortiter
2068 2105 2123 2155 in
2179 2105 2413 2156 adversis
2460 2116 2665 2158 tenent.

1586 2179 1858 2231 Incassum
1912 2179 2138 2246 proinde
2187 2178 2310 2247 quis
2357 2178 2560 2231 laborat
2606 2179 2665 2231 in

1584 2250 1937 2316 acquisitione
1987 2251 2248 2302 virtutum
2270 2290 2285 2315 ,
2333 2251 2378 2303 si
2446 2250 2669 2303 aliunde

1588 2336 1675 2372 eas
1701 2323 1983 2388 sperandas
2010 2333 2175 2389 putat,
2206 2338 2370 2389 quam
2407 2339 2440 2373 a
2470 2323 2668 2374 Domi-

1588 2407 1658 2442 no
1708 2392 1970 2444 virtutum
2009 2410 2022 2442 :
2067 2394 2221 2457 cujus
2260 2394 2518 2458 doctrina,
2576 2409 2669 2445 se-

1589 2463 1878 2515 minarium
1914 2465 2247 2531 prudentia-:3
2296 2467 2448 2531 cujus
2495 2465 2669 2517 mise-

1589 2533 1849 2598 ricordia,
1901 2551 2037 2601 opus
2082 2535 2326 2601 justitiae;
2357 2536 2510 2602 cujus
2535 2536 2670 2602 vita,

1590 2605 1874 2669 speculum
1899 2606 2288 2671 temperantiae;
2318 2608 2470 2673 cujus
2501 2622 2674 2673 mors,

1590 2675 1798 2743 insigne
1826 2686 1906 2727 est
1945 2677 2288 2728 fortitudinis.
2338 2698 2367 2727 ³>
2407 2679 2563 2731 Unde
2619 2689 2678 2732 et

1594 2747 1903 2813 Gregorius
1944 2766 1963 2798 .·
2006 2767 2034 2797 α
2066 2749 2211 2810 Quid
2240 2759 2321 2801 est
2357 2750 2506 2818 quod
2532 2749 2677 2803 dile-

1591 2829 1741 2871 ctum
1810 2836 1974 2873 suum
2042 2838 2270 2889 sponsa,
2346 2839 2453 2873 non
2518 2838 2677 2889 myr-

1591 2901 1747 2951 rham
1757 2940 1773 2967 ,
1818 2903 1912 2953 sed
1951 2903 2267 2955 fasciculum
2309 2903 2541 2971 myrrhae
2568 2920 2678 2958 no-

1594 2975 1788 3027 minat?
1820 2975 1924 3027 nisi
1953 2979 2099 3044 quod
2140 2979 2271 3028 dum
2313 2985 2490 3028 sancta
2518 2992 2680 3031 mens

1596 3045 1796 3097 Christi
1824 3046 1988 3097 vitam
2027 3062 2092 3097 ex
2124 3047 2273 3098 omni
2306 3057 2453 3113 parte
2489 3048 2678 3100 consi-

1596 3120 1772 3181 derat,
1815 3127 1999 3169 contra
2048 3119 2232 3170 omnia
2276 3119 2405 3171 vitia
2444 3135 2508 3170 ex
2558 3120 2680 3185 ejus

1593 3190 1888 3241 imitatione
1920 3230 1936 3256 ,
2025 3193 2250 3244 virtutes
2320 3202 2681 3260 repugnantes

1593 3271 1877 3327 congregat
1906 3278 1919 3312 ε
1956 3278 2020 3313 ex
2056 3264 2257 3330 quibus
2296 3264 2404 3315 sibi
2439 3263 2680 3316 fascicu-

1595 3330 1711 3381 lum
1752 3341 1918 3397 aptat,
1963 3350 2073 3401 quo
2110 3335 2285 3385 carnis
2327 3350 2439 3386 suae
2474 3336 2681 3401 sempi-

1591 3412 1795 3456 ternam
1814 3408 2151 3473 putredinem
2169 3410 2493 3474 abstergat.»
2514 3408 2682 3462 Unde

1593 3475 1753 3527 etiam
1780 3479 2126 3543 Augustinus
2151 3496 2169 3529 :
2198 3496 2226 3524 <t
2248 3478 2390 3529 Cum
2418 3478 2683 3533 omnibns

1570 3546 1771 3597 ·modis
1807 3550 2083 3599 medeatur
2122 3548 2315 3598 animis
2353 3549 2544 3615 Deus,
2573 3566 2683 3616 pro

1592 3627 1897 3685 temporum
1962 3620 2444 3686 opportunitatibus
2472 3661 2498 3684 ,A
2546 3638 2683 3688 quae

1594 3691 1731 3741 mira
1760 3692 2015 3758 sapientia
2042 3694 2154 3758 ejus
2183 3693 2516 3759 ordinantur,
2542 3697 2682 3747 nul-

1594 3764 1648 3814 lo
1711 3767 1876 3815 modo
1945 3765 2327 3818 beneficentius
2400 3768 2683 3823 consuluit

1596 3835 1778 3902 generi
1822 3836 2061 3888 humano
2084 3876 2098 3903 ,
2152 3854 2316 3905 quam
2370 3855 2497 3890 cum
2556 3839 2682 3905 ipsa

1594 3909 1692 3960 Dei
1731 3911 2003 3977 sapientia,
2034 3911 2088 3962 id
2131 3923 2227 3976 est,
2257 3914 2430 3964 Filius
2454 3912 2681 3982 unicus,

1594 3982 2053 4034 consubstantialis
2079 3984 2222 4035 Patri
2263 3994 2316 4035 et
2352 3993 2679 4048 coaetermts,
