2784 4452
779 220 875 271 DE
904 219 1332 274 MUTATIONE
1361 225 1585 286 AQUAE
1618 227 1688 279 ΙΝ
1727 229 1973 283 VINUM.

243 348 442 385 omnes
508 334 732 386 feminas
774 335 850 387 illi
899 336 1320 402 appellaverunt,

245 404 572 471 proprietate
618 406 820 472 linguae
871 406 1131 472 Hebraeoe3
1174 410 1322 461 unde

239 486 297 527 et
332 476 530 527 mulier
565 477 776 529 de0Eva
809 476 1037 544 virgine,
1067 494 1192 529 cum
1225 482 1323 532 ad-

241 549 354 599 huc
381 549 435 599 in
459 550 703 616 paradiso
731 560 888 614 esset,
920 550 1120 602 dicitur
1153 569 1167 603 ε
1196 552 1324 603 Mu-

242 619 348 670 lier
374 636 533 686 quam
569 621 768 672 dedisti
800 621 931 672 mihi
966 622 1185 685 sociam,
1219 631 1320 674 etc.

237 691 554 741 Secundum
577 692 884 758 origenem,
908 708 1144 758 congrue
1169 704 1323 745 vocat

241 764 468 815 Mariam
497 765 798 830 mulierem,
829 781 927 831 pro
950 781 1080 817 sexu
1113 776 1165 817 et
1191 783 1321 834 pro-

243 837 468 901 prietate
510 837 715 900 cordis,
757 854 853 904 per
896 838 1319 890 misericordiam

241 908 469 959 emolliti
545 925 560 958 :
633 910 887 976 quoniam
957 911 1321 964 misericordia

236 978 481 1029 emollita
526 980 714 1030 mollia
763 980 933 1032 sensit
979 982 1048 1032 de
1114 983 1320 1048 nuptiis

237 1040 655 1113 celebrantibus,
680 1052 776 1119 qui
809 1068 873 1103 ex
903 1064 1211 1120 paupertate
1231 1056 1318 1106 vi-

241 1120 321 1181 ni,
353 1121 410 1171 in
446 1122 693 1187 proximo
727 1122 1135 1186 manifestanda,
1162 1142 1316 1177 vere-

236 1191 456 1241 cundati
485 1190 734 1242 fuissent.

302 1260 330 1311 3
372 1263 642 1322 Quouono
685 1280 1076 1316 xum-:ammam
1115 1282 1316 1318 nenen-

238 1356 524 1393 mzsrousxo
563 1342 818 1393 Cmusn?
849 1372 911 1382 —
944 1345 1010 1394 Et
1049 1344 1257 1395 addidit
1297 1363 1312 1396 ε

238 1413 492 1465 Nondum
546 1416 688 1466 venit
725 1416 861 1467 hora
917 1431 1062 1480 mea,
1114 1417 1169 1467 id
1212 1428 1311 1480 est,

237 1487 484 1537 nondum
537 1488 651 1539 vini
716 1488 983 1540 defectum
1039 1490 1309 1553 sentiunt,

236 1559 332 1625 qui
382 1560 581 1616 adsunt
631 1579 647 1612 ε
697 1562 816 1615 sine
872 1579 1001 1630 ergo
1056 1579 1148 1615 eos
1208 1564 1312 1631 pri-

235 1642 401 1683 mum·
424 1633 527 1685 hoc
556 1635 783 1697 sentire,
819 1637 951 1703 quia
977 1653 1105 1688 cum
1135 1653 1311 1690 neces-

231 1705 447 1757 sitatem
495 1708 861 1774 cognoverint,
912 1709 1085 1776 magis
1140 1725 1308 1777 repu-

232 1780 424 1831 tabunt
469 1780 791 1832 beneficium
838 1783 984 1848 quod
1028 1783 1303 1850 recipient.

231 1852 372 1902 Nam
397 1891 411 1914 ,
476 1854 774 1904 secundum
827 1854 1301 1923 chrysostomum,

232 1925 392 1976 Beata
425 1926 610 1992 Virg0,
653 1942 717 1978 ex
757 1926 949 1993 pietate
993 1938 1157 1989 mota,
1203 1946 1304 1981 vo-

229 1996 333 2046 luit
380 2012 749 2063 praeoccupare
797 2007 1013 2064 tempus
1057 2000 1301 2050 debitum

227 2065 458 2117 faciendi
503 2067 844 2118 miraculum.
874 2068 947 2118 Et
981 2068 1112 2134 quia
1154 2069 1298 2120 istud

227 2136 550 2187 miraculum
596 2137 735 2188 inter
777 2137 1035 2188 miracula
1091 2138 1296 2190 Christi

225 2217 340 2258 erat
375 2206 633 2274 primum,
662 2217 713 2259 et
736 2208 801 2259 ad
831 2206 1298 2261 confirmationem

222 2277 648 2343 discipulorum3
684 2277 804 2329 ideo
829 2278 1017 2329 debuit
1046 2293 1163 2330 esse
1194 2296 1299 2331 no-

223 2359 343 2400 tum
390 2350 592 2401 ibidem
637 2349 1023 2417 existentibus,
1067 2361 1120 2402 et
1171 2367 1299 2419 gra-

222 2431 341 2470 tum
386 2421 521 2487 ipsis
562 2420 990 2471 convivantibus.
1034 2422 1151 2472 Hoc
1195 2438 1298 2473 au-

219 2502 330 2543 tem
360 2492 534 2558 magis
560 2490 695 2555 fuit,
728 2507 792 2542 ex
819 2507 883 2542 eo
920 2492 1064 2557 quod
1099 2492 1297 2543 factum

221 2572 329 2624 est,
360 2572 482 2627 post
500 2562 660 2612 talem
681 2562 797 2613 vini
820 2561 1105 2623 defectum,
1129 2579 1295 2629 quam

221 2632 269 2682 si
321 2641 446 2682 ante
488 2631 680 2682 fuisset
736 2630 958 2682 factum.
1010 2632 1079 2683 Et
1134 2633 1293 2698 quia,

219 2712 284 2753 ut
323 2702 525 2753 dictum
571 2711 682 2762 est,
732 2700 901 2753 Mater
942 2702 1070 2753 Jesu
1127 2703 1293 2754 voluit

218 2773 512 2839 praevenire
583 2772 806 2823 totalem
875 2772 1179 2835 defectum,
1243 2784 1296 2825 et

217 2845 368 2912 quod
417 2844 627 2906 statim,
673 2855 964 2911 antequam
1008 2855 1148 2895 esset
1189 2862 1295 2912 op-

218 2927 532 2983 portunum,
580 2917 834 2969 Christus
879 2917 1075 2969 faceret
1123 2918 1295 2969 mira-

215 2989 429 3052 culum;
460 2987 582 3039 ideo
622 2988 875 3039 Christus
893 3026 908 3052 ,
947 2988 1115 3039 Matre
1150 2988 1294 3039 haud

216 3059 450 3110 dubium
488 3059 806 3126 sapientior,
843 3075 963 3111 eam
1002 3060 1292 3126 repressit,

217 3129 405 3180 dicens
433 3145 448 3179 ε
483 3129 626 3191 Quid
657 3130 789 3181 mihi
819 3136 871 3181 et
901 3130 1000 3181 tibi
1028 3136 1138 3195 est,
1172 3145 1291 3181 mu-

216 3199 367 3250 lier?
412 3200 567 3267 quasi
619 3200 761 3251 dicat
810 3216 825 3251 ε
877 3200 1029 3252 Scire
1077 3211 1295 3267 tempus

211 3280 406 3336 aptum
464 3272 530 3322 ad
582 3270 890 3323 faciendum
971 3271 1294 3323 miraculum

214 3341 457 3394 fiendum
495 3360 605 3394 non
633 3355 716 3395 est
745 3343 881 3394 mihi
915 3354 971 3396 et
1003 3343 1103 3395 tibi
1143 3360 1295 3395 com-

215 3428 403 3475 mune,
428 3414 522 3465 sed
553 3414 692 3465 mihi
730 3414 832 3466 soli
865 3414 1130 3466 convenit.
1161 3416 1296 3466 Pro-

212 3495 334 3551 pter
359 3486 504 3552 quod
534 3485 787 3537 subditur
816 3503 831 3537 :
861 3487 1117 3538 Nondum
1152 3486 1298 3537 venit

212 3558 352 3609 hora
397 3574 530 3622 mea,
572 3559 627 3609 id
663 3568 748 3610 est
791 3560 925 3610 hora
974 3558 1296 3611 conveniens

210 3629 439 3681 faciendi
454 3630 798 3693 miraculum,
820 3646 851 3682 a
869 3646 958 3683 me
979 3633 1098 3683 solo
1117 3627 1298 3698 c'ogni-

212 3712 285 3754 ta.
305 3701 426 3766 Sed,
453 3704 748 3754 secundum
769 3704 1154 3771 Augusu‘num,
1167 3703 1299 3756 face.

211 3790 274 3828 re
311 3774 566 3829 miracula
593 3777 927 3844 competebat
950 3777 1192 3840 Christo,
1220 3792 1297 3829 se-

208 3847 450 3900 cundum
480 3847 721 3899 divinam
756 3857 1032 3913 naturam,
1056 3864 1223 3916 quam
1261 3863 1293 3901 a

336 3964 474 4017 Vm
501 3963 628 4018 Jesu
660 3965 897 4033 Cannu,
923 3980 1097 4021 renus
1125 3966 1164 4019 1.

2390 234 2497 302 257

1433 342 1598 395 Matre
1627 360 1739 397 non
1766 346 1984 412 habuit3
2012 358 2065 400 et
2097 349 2219 401 ideo
2246 351 2497 417 praedicto

1433 416 1594 466 modo
1623 418 1995 483 respondendo
2023 420 2198 481 Matri,
2219 423 2499 475 ostendere

1430 487 1603 538 voluit
1636 490 1783 554 quod
1827 490 1881 541 in
1925 491 2027 542 hoc
2067 508 2178 542 non
2219 495 2498 547 tenebatur

1430 557 1478 608 ei
1520 559 1768 623 obedire;
1810 561 1939 627 quia
1981 562 2039 612 in
2085 573 2272 615 natura
2314 564 2497 618 divina

1430 627 1570 679 nihil
1595 629 1786 681 habuit
1820 647 1851 682 a
1879 633 2074 694 Matre,
2101 651 2216 693 nec,
2243 651 2339 701 per
2361 653 2496 688 con-

1428 714 1689 765 sequens,
1724 715 1848 751 cum
1872 717 1934 752 ea
1956 703 2161 770 aliquid
2191 720 2497 762 commune.

1428 772 1552 822 ideo
1592 773 1724 824 dicit
1766 789 1780 824 ε
1818 776 1967 838 Quid
2008 776 2139 827 mihi
2173 784 2226 828 et
2260 780 2357 830 tibi
2396 789 2495 847 est,

1427 842 1663 894 mulier?
1687 845 1856 906 Quasi
1897 847 2039 898 dicat
2076 864 2090 897 :
2125 848 2223 899 Vis
2255 848 2370 900 fieri
2400 852 2500 903 mi-

1426 915 1697 979 raculum;
1755 919 1847 968 sed
1906 920 1972 969 ad
2031 919 2135 969 hoc
2200 922 2495 986 agendum,

1424 985 1555 1050 quid
1586 1002 1872 1039 commune
1894 989 2069 1040 habeo
2090 990 2302 1041 tecum?
2328 991 2495 1052 Quasi

1424 1055 1584 1107 etiam
1601 1057 1777 1110 dicat:
1801 1060 1879 1110 Ex
1904 1070 2095 1111 natura
2121 1063 2398 1112 communi
2423 1072 2497 1114 te-

1424 1143 1547 1178 cum
1591 1129 1695 1180 hoc
1730 1147 1836 1181 non
1869 1147 1996 1198 ag0,
2028 1133 2121 1183 sed
2150 1148 2215 1183 ex
2244 1148 2307 1182 eo
2346 1135 2494 1200 quod

1423 1199 1594 1251 habeo
1617 1215 1648 1251 a
1679 1202 1855 1266 Patre;
1881 1201 2011 1269 quia
2027 1201 2281 1253 virtutem
2299 1202 2495 1254 facien-

1420 1269 1476 1318 di
1514 1270 1767 1321 miracula
1808 1288 1837 1323 a
1883 1272 2039 1323 Patre
2078 1272 2280 1333 habeo,
2312 1290 2423 1324 non
2462 1291 2495 1326 a

1420 1350 1487 1392 te.
1514 1343 1618 1393 Sed
1650 1342 1781 1409 quia
1819 1344 2243 1410 humanitatem,
2281 1344 2340 1396 in
2384 1362 2494 1413 qua

1420 1426 1610 1478 passus
1652 1423 1752 1478 est,
1783 1414 1943 1465 traxit
1969 1430 2000 1464 a
2027 1416 2213 1475 Matre,
2242 1415 2365 1467 ideo
2394 1418 2492 1467 ad-

1418 1483 1554 1535 didit
1591 1503 1612 1536 .-
1646 1486 1900 1537 Nondum
1936 1487 2079 1538 venit
2115 1487 2250 1538 hora
2289 1502 2434 1553 mea,
2460 1505 2493 1540 a

1419 1570 1506 1605 me
1536 1554 1811 1621 disposita,
1838 1557 1973 1608 hora
2008 1556 2213 1608 scilicet
2241 1559 2491 1610 volunta-

1417 1625 1503 1687 tis,
1531 1644 1640 1679 non
1666 1628 2027 1693 necessitatis;
2059 1629 2113 1679 id
2142 1639 2241 1693 est,
2273 1640 2490 1697 tempus

1415 1697 1646 1763 patiendi
1685 1715 1751 1751 ex
1782 1699 2060 1750 communi
2099 1700 2236 1750 mihi
2275 1710 2329 1752 et
2362 1701 2486 1766 tibi,

1413 1768 1617 1820 scilicet
1640 1770 1699 1820 in
1730 1780 1917 1821 natura
1949 1786 2113 1837 quam
2136 1787 2167 1821 a
2193 1781 2243 1822 te
2265 1772 2439 1823 habeo
2470 1789 2487 1823 :

1412 1848 1464 1890 et
1492 1848 1622 1890 tunc
1648 1850 1700 1891 te
1723 1856 2119 1907 recognoscam,
2145 1851 2197 1892 et
2222 1842 2322 1892 tibi
2352 1859 2489 1894 con-

1410 1910 1746 1962 descendam.
1773 1912 1930 1962 Unde
1958 1928 2081 1963 eum
2115 1912 2351 1964 venisset
2380 1914 2489 1964 ho·-

1410 1996 1496 2041 ra,
1540 1996 1649 2049 qua
1700 1991 1760 2032 ut
1806 1982 1974 2033 homo
2033 1992 2371 2047 moreretur,
2418 1985 2487 2035 de

1408 2068 1588 2114 cruce,
1649 2054 1920 2120 cognitam
1984 2056 2208 2104 Matrem
2276 2068 2485 2104 recom-

1409 2123 1677 2175 mendavit
1753 2124 2022 2190 discipulo
2045 2162 2060 2185 ,
2131 2139 2297 2191 quem
2376 2139 2485 2191 prae

1407 2196 1598 2247 ceteris
1627 2196 1900 2265 diligebat.
1925 2197 2121 2248 Primae
2146 2206 2327 2247 tamen
2355 2212 2485 2248 sen-

1406 2269 1607 2330 tentiae,
1663 2271 1959 2320 secundum
2001 2270 2479 2338 chrysostomum,

1407 2341 1577 2408 magis
1640 2351 1901 2393 consonat
1967 2342 2144 2393 littera
2210 2356 2472 2408 sequens;

1405 2412 1535 2479 quia
1585 2413 1751 2464 Mater
1795 2414 1921 2465 Jesu
1965 2429 2030 2464 ex
2089 2414 2205 2478 ejus
2252 2428 2483 2479 respon-

1405 2486 1559 2537 sione
1648 2502 1758 2537 non
1841 2486 2073 2537 ostendit
2165 2484 2481 2551 petitionem

1406 2571 1563 2607 suam
1611 2556 1915 2623 repulsam,
1966 2557 2060 2607 sed
2099 2556 2481 2608 convenienter

1404 2628 1647 2680 dilatam.

1463 2715 1501 2766 4
1563 2701 1931 2753 Coxarum-rm
2005 2700 2216 2749 Manna.
2251 2726 2314 2737 -
2359 2697 2482 2749 Un-

1402 2772 1468 2822 de
1526 2772 1594 2822 de
1659 2770 1881 2823 Domini
1941 2768 2298 2836 responsione
2368 2783 2477 2819 non

1402 2843 1680 2907 diffidens»,
1725 2845 1818 2896 sed
1871 2844 1939 2893 de
1990 2857 2088 2893 sua
2145 2839 2479 2907 benignitate

1402 2932 1752 2983 praesumens,
1781 2915 1942 2967 rediit
1961 2915 2027 2965 ad
2061 2913 2341 2963 ministros
2378 2913 2477 2980 qui

1403 2990 1702 3041 serviebant
1737 2990 1796 3040 in
1835 2987 2041 3053 nuptiis
2078 2986 2206 3047 illis,
2243 2995 2296 3037 et
2332 2985 2476 3037 fidu-

1403 3060 1609 3111 cialiter
1680 3060 1895 3110 mittens
1969 3057 2091 3108 illos
2150 3058 2216 3108 ad
2270 3055 2475 3108 Filium
2543 3103 2547 3107 Α

1405 3146 1585 3192 suum,
1612 3129 1749 3181 dixit
1776 3129 1892 3181 eis:
1919 3128 2279 3194 Quodcunque
2320 3127 2478 3178 dixe-

1402 3202 1478 3253 rit
1516 3201 1695 3264 vobis,
1730 3201 1933 3267 facite,
1965 3208 2307 3265 exspectans,
2340 3196 2475 3247 hora

1402 3273 1736 3326 convenienti
1764 3272 1952 3324 aFilio
1976 3287 2077 3323 suo
2106 3269 2339 3337 cognita,
2359 3268 2471 3319 im·
2526 3284 2536 3296 ·

1406 3344 1700 3412 pletionem
1727 3342 2006 3411 petitionis
2034 3357 2175 3405 suae3
2200 3338 2355 3406 quasi
2379 3338 2472 3389 di-

1403 3424 1520 3467 cat:
1547 3414 1696 3466 Licet
1722 3415 1980 3480 abnegare
2010 3412 2269 3469 videatur,
2292 3419 2473 3460 tamen

1403 3486 1577 3538 faciet.
1613 3484 1881 3536 intellexit
1919 3483 2067 3535 enim
2097 3481 2155 3531 in
2195 3479 2304 3532 illis
2342 3495 2471 3530 ver·—

1404 3561 1489 3612 bis
1542 3558 1765 3611 Domini
1803 3558 1983 3625 ipsum
2031 3571 2141 3605 non
2188 3567 2472 3619 exaspera-—

1403 3642 1552 3695 tum;
1591 3640 1644 3682 et
1677 3629 1799 3682 ideo
1840 3626 2158 3679 fiducialiter
2186 3623 2471 3690 imperavit

1403 3700 1670 3752 ministris
1695 3738 1710 3761 ,
1771 3708 1833 3751 ut
1882 3705 2142 3764 praecepta
2183 3695 2470 3760 implerent

1403 3770 1528 3823 Filii
1557 3770 1811 3836 jubentis.
1821 3767 2029 3819 Sciebat
2052 3765 2199 3818 enim
2213 3780 2341 3816 eum
2359 3773 2470 3814 tan·

1404 3853 1470 3897 tae
1512 3840 1892 3897 misericordiae
1938 3848 1991 3892 et
2036 3836 2282 3907 pietatis,
2319 3835 2467 3903 quod

2113 3969 2270 4036 .¹7
