2784 4452
195 247 240 310 ’1
250 230 320 295 48

213 363 378 414 quem
409 347 644 400 Domina
671 349 962 416 aliquando
990 350 1117 416 ib'at,
1133 361 1186 402 et
1217 352 1284 402 de

212 434 323 485 quo
369 434 502 485 puer
546 421 700 471 Jesus
739 420 1042 487 frequenter
1085 438 1281 488 aquam

212 492 513 551 hauriebat,
554 504 605 545 et
627 494 1162 557 Matri·ministrabat,
1192 507 1283 547 ut-

213 573 336 630 pote
362 566 458 631 qui
489 566 739 617 subditus
760 566 838 618 illi
861 577 987 618 erat.
1006 567 1112 618 Pro
1139 584 1283 619 sum·

211 634 320 685 mis
362 651 490 702 ergo
512 637 741 698 deliciiS,
775 637 1049 689 interdum
1083 653 1278 705 aquam

211 704 406 756 tribuit
443 722 554 757 suae
609 707 783 768 Matri,
826 707 924 774 qui
964 708 1055 759 dat
1103 725 1279 760 escam

211 779 364 829 omni
394 780 561 831 carni.
614 781 720 831 Ubi
760 781 920 831 etiam
980 781 1175 833 herbas
1221 782 1279 833 in

210 852 353 918 agris
372 853 604 919 collegit,
635 855 700 904 de
723 854 925 921 quibus
948 857 1116 906 Mater
1137 855 1281 907 olera

211 922 511 975 conficeret.
535 924 783 976 Faciebat
815 924 1124 988 hujusmodi
1164 941 1282 977 ser-

900 232 1139 283 PRIMAE
1177 234 1423 285 PARTIS
1456 236 1689 287 CAPUT
1719 238 1835 289 XV.

1387 353 1658 418 juvantem
1693 354 1751 404 in
1790 356 2216 407 necessitatibus
2251 357 2313 407 In
2340 357 2463 408 hu-

1389 426 1619 479 militate
1641 444 1700 479 se
1730 430 2043 495 tempestive
2065 445 2310 481 exercere
2338 446 2460 482 coe-

1390 500 1486 565 pit,
1515 501 1585 551 de
1613 517 1721 567 qua
1736 503 2082 567 postmodum
2112 518 2220 568 prae
2262 504 2454 554 ceteris

1386 570 1680 622 virtutibus
1708 573 2008 638 gloriand0,
2038 572 2173 622 dixit
2199 588 2214 623 ε
2245 573 2461 624 Discite

1388 655 1425 692 a
1453 657 1551 705 me,
1594 642 1721 708 quia
1764 643 1911 694 mitis
1956 657 2091 706 sum,
2144 650 2196 694 et
2234 643 2455 694 humilis

1389 714 1567 764 corde.
1589 714 1738 764 Unde
1750 714 2035 765 Anselmus
2050 732 2068 765 .-
2095 734 2121 763 α
2145 716 2189 764 N
2196 714 2453 766 ihilvesa-

1390 783 1575 834 nitatis
1614 785 1848 836 aestimes
1887 785 1986 836 tibi
2020 801 2379 850 accessurum,
2404 786 2451 837 si

1389 867 1513 903 eum
1571 855 1710 921 apud
1758 856 2018 907 Nazareth
2046 872 2275 923 puerum
2306 856 2451 908 inter

1390 938 1587 990 pueros
1616 926 2020 991 contempleris,
2051 927 2098 977 si
2145 928 2452 993 obsequen-

1389 1008 1499 1048 tem
1529 998 1705 1058 Matri,
1729 999 1773 1049 si
1804 1001 2044 1066 operanti
2069 1000 2293 1051 nutritio
2322 1000 2458 1052 assi-

1387 1080 1619 1122 stentem
1655 1071 1933 1123 intueariS.
1954 1092 1984 1120 »

209 997 341 1048 vitia
387 998 543 1049 Matri
587 998 814 1050 humilis
840 999 1141 1064 Dominus;
1174 1015 1282 1050 non

211 1068 358 1119 enim
380 1068 609 1120 habebat
637 1069 805 1122 alium
828 1071 1171 1136 servientem,
1197 1071 1282 1121 vel

1188 1290 1463 1342 ORATIO

277 1463 325 1514 O
355 1464 482 1514 Jesu
507 1462 814 1522 mitissime,
847 1463 943 1529 qui
973 1464 1039 1513 de
1060 1462 1284 1529 Virgine
1305 1472 1464 1513 natus
1489 1461 1542 1512 in
1564 1474 1740 1528 partes
1763 1465 1985 1530 AEgypti
2010 1465 2295 1530 secessisti,
2319 1476 2371 1517 et
2388 1468 2457 1518 ab

209 1534 447 1600 AEgypto
465 1543 704 1593 vocatuS,
733 1533 789 1583 in
818 1543 1015 1584 terram
1046 1533 1202 1584 Israel
1233 1533 1658 1594 rediisti,revoca
1670 1550 1774 1598 me,
1792 1535 2041 1597 Domine,
2066 1552 2279 1587 servum
2297 1547 2455 1589 tuum

208 1620 236 1654 a
264 1605 420 1656 vultu
450 1605 733 1655 oculorum
761 1612 981 1654 tuorum
1010 1603 1066 1653 in
1095 1605 1331 1670 AEgypto
1356 1604 1520 1669 hujus
1544 1603 1691 1654 exilii
1718 1606 2028 1671 projectum,
2058 1607 2113 1657 in
2136 1608 2300 1673 hujus
2330 1624 2455 1674 per-

208 1676 559 1743 egrinationis
616 1676 853 1727 tenebris
878 1676 1170 1737 exulatum,
1213 1676 1280 1727 ab
1307 1676 1528 1742 AEgypti
1559 1676 1820 1743 partibus,
1846 1694 1877 1729 a
1906 1680 2192 1730 mundanae
2232 1696 2458 1732 conver-

207 1749 434 1800 sationis
459 1748 698 1800 tenebris
727 1749 888 1799 reduc
917 1763 1159 1814 corpore,
1190 1749 1352 1799 reduc
1378 1759 1579 1810 mente,
1623 1750 1784 1800 reduc
1821 1761 1872 1800 et
1899 1752 2171 1802 voluntate
2198 1767 2213 1801 τ
2243 1750 2322 1802 fac
2367 1768 2458 1803 me

207 1820 339 1870 vitia
370 1820 631 1879 deserere,
659 1829 711 1870 et
740 1820 804 1869 ad
830 1818 1053 1870 virtutes
1079 1818 1308 1869 transire
1334 1829 1387 1870 et
1419 1819 1473 1870 in
1502 1830 1698 1870 terram
1717 1821 2097 1886 promissionis
2112 1838 2199 1872 me
2215 1822 2457 1889 digneris

212 1890 570 1949 introducere,
596 1890 759 1939 modo
791 1888 914 1949 fide,
937 1905 1049 1955 spe,
1072 1899 1124 1941 et
1153 1889 1428 1955 charitate,
1458 1889 1515 1941 in
1544 1889 1726 1942 futuro
1754 1907 1880 1943 vero
1904 1908 1979 1957 re,
2019 1892 2214 1959 specie,
2242 1893 2453 1959 glorifi-

211 1961 420 2013 catione
443 1971 494 2012 et
520 1960 759 2013 veritate.
779 1963 975 2013 Amen.

1053 2293 1390 2365 CAPUT
1463 2294 1598 2362 XV

373 2541 480 2609 De
528 2561 604 2609 eo
655 2539 846 2630 quod
878 2561 1063 2630 puer
1112 2540 1318 2608 Jesus
1368 2535 1709 2608 remansit
1760 2537 1833 2607 in
1880 2537 2293 2616 Jerusalem,

374 2632 387 2651 ⁶
769 2664 839 2724 et
887 2654 1204 2724 inventus
1261 2664 1365 2723 est
1415 2654 1488 2724 in
1546 2654 1851 2747 Templo,

1095 2905 1286 2970 Lucae
1316 2928 1452 2993 cap.
1491 2931 1550 2973 2.

273 3162 294 3196 1
332 3146 452 3207 Quo
497 3160 657 3198 sensu
711 3147 981 3199 Cmusrus
1030 3164 1270 3201 cni-:vtssn

203 3218 449 3271 men-un?
477 3247 538 3258 —
562 3221 713 3271 Puer
763 3227 938 3271 autem
965 3221 1129 3273 Jesus
1156 3237 1269 3273 cre-

197 3292 381 3342 scebat
409 3291 467 3341 in
503 3302 809 3358 augmentO,
839 3298 891 3342 et
914 3294 1267 3361 confortaba-

200 3366 305 3424 tur,
338 3361 395 3412 in
437 3362 624 3428 vigore
653 3362 875 3422 scilicet,
901 3375 1169 3428 quantum
1199 3363 1264 3413 ad

198 3446 410 3498 corpuS.
442 3433 508 3483 Et
538 3448 629 3498 ne⁸
649 3433 780 3499 quis
827 3432 1160 3498 imaginetur
1193 3433 1268 3484 ita

197 3517 324 3553 eum
380 3503 609 3555 crevisse
645 3504 943 3555 secundum
991 3504 1225 3554 animam
1245 3542 1261 3565 ,

195 3573 336 3624 sicut
363 3573 532 3624 crevit
562 3575 864 3626 secundum
887 3590 1104 3640 corpus,
1143 3574 1264 3626 ideo

193 3644 382 3694 subdit
408 3646 554 3711 quod
609 3654 721 3696 erat
751 3645 945 3711 plenus
975 3644 1261 3711 sapientia,

196 3714 400 3766 scilicet
458 3726 724 3782 quantum
770 3716 837 3767 ad
890 3716 1157 3780 animam;
1213 3723 1266 3767 et

195 3786 386 3851 gratia
409 3787 516 3838 Dei
532 3794 655 3838 erat
681 3787 734 3837 in
760 3787 872 3849 illo,
889 3786 1087 3838 scilicet
1101 3803 1266 3853 quan·

197 3868 317 3909 tum
345 3859 409 3908 ad
439 3869 750 3927 utrumque.
766 3861 938 3927 Unde,
966 3863 1264 3913 secundum

1377 3150 1585 3202 Bedam
1606 3168 1623 3202 .·
1658 3151 1852 3213 «Quia
1888 3151 1944 3200 in
1974 3150 2191 3202 Christo
2238 3151 2449 3203 habitat

1379 3223 1562 3272 omnis
1612 3221 1889 3289 plenitudo
1918 3220 2216 3272 divinitatis
2244 3237 2442 3288 corpo-

1379 3294 1578 3352 raliter,
1628 3293 1748 3343 ideo
1798 3291 1939 3342 Puer
1987 3291 2087 3341 iste
2114 3301 2224 3342 erat
2251 3293 2441 3357 plenus

1378 3364 1659 3430 sapientia,
1694 3378 1790 3413 nec
1821 3364 2115 3413 secundum
2157 3363 2260 3412 hoc
2290 3363 2439 3413 indi—

1378 3434 1498 3501 guit
1550 3435 1730 3500 augeri
1789 3434 1871 3485 vel
1910 3433 2219 3493 confortari,
2259 3443 2442 3500 utpote

1378 3505 1618 3556 Verbum
1646 3505 1744 3555 Dei
1775 3515 1829 3556 et
1856 3505 2017 3568 DeuS,
2064 3506 2156 3555 sed
2177 3504 2232 3554 in
2260 3520 2441 3571 quan-

1379 3586 1498 3626 tum
1544 3575 1648 3626 fuit
1703 3576 1888 3636 homo,
1926 3585 2038 3627 erat
2070 3575 2128 3625 in
2160 3589 2223 3625 eo
2252 3575 2439 3642 gratia.

1379 3649 1571 3713 Magna
1643 3647 1789 3697 enirn
1844 3647 2011 3713 gratia
2087 3644 2165 3695 illi
2227 3644 2440 3696 homini

1379 3716 1599 3768 Christo
1631 3717 1822 3768 donata
1846 3727 1943 3781 est,
1972 3725 2033 3767 ut
2056 3732 2122 3767 ex
2143 3731 2254 3781 quo
2275 3715 2440 3765 homo

1378 3790 1494 3841 fieri
1566 3790 1842 3856 coepisset,
1894 3789 2156 3856 perfectus
2213 3798 2349 3839 esset
2387 3799 2440 3839 et

1376 3862 1543 3915 Deus.
1570 3882 1598 3910 n
1629 3863 1694 3914 Et
1719 3863 2011 3914 secundum
2040 3861 2289 3913 eumdem
2326 3861 2440 3912 Be-
