2784 4452
810 287 1165 341 SERMONIS
1195 288 1266 340 IN
1297 289 1556 340 MONTE
1587 290 2007 344 CONCLUSIO.

291 416 356 452 ex
385 401 544 451 corde
565 400 858 462 dimittere,
896 412 953 452 et
984 418 1106 469 erga
1141 418 1238 453 eos
1276 403 1368 454 di-

289 471 538 522 lectionis
609 473 838 539 gratiam
898 474 1238 525 immobilem
1308 475 1366 526 in

289 545 448 596 corde
476 545 735 597 retinere?
766 548 902 608 Quae
926 548 1147 613 quidem
1180 549 1368 599 omnia

287 615 495 667 semitae
558 627 704 675 sunt,
775 619 867 668 sed
923 634 1137 684 magnae
1155 656 1172 683 ,
1235 619 1364 686 quia

288 687 643 753 quantumin
700 689 799 740 hac
842 690 970 753 vita,
1013 706 1111 756 pro
1137 690 1253 757 ipsa
1278 690 1364 741 vi-

283 756 443 808 vendi
473 758 737 820 custodia,
765 770 1005 826 angustae
1028 771 1175 824 sunt,
1209 770 1360 812 tanto

283 829 520 895 amplius
558 830 618 880 in
659 841 860 883 aeterna
902 833 1260 885 retributione
1281 834 1364 884 di-

284 901 535 952 latantur.
581 901 819 953 Perfecta
880 903 1083 969 quippe
1141 905 1362 956 scientia

282 984 365 1024 est
402 985 455 1024 et
496 986 687 1026 cuncta
720 976 833 1027 haec
863 993 1020 1043 agere
1055 988 1110 1028 et
1132 978 1202 1029 de
1246 981 1362 1029 suis

283 1044 492 1096 viribus
523 1047 657 1097 scire
677 1063 737 1097 se
769 1048 910 1101 nihil
941 1064 1115 1115 posse.
1140 1069 1168 1097 n
1205 1051 1361 1102 Unde

281 1124 333 1166 et
390 1116 628 1167 «Ioannes
682 1119 867 1168 Abba-s·
915 1119 1121 1170 montis
1159 1119 1311 1171 Sinai
1341 1137 1358 1171 ε

283 1204 311 1236 κ
331 1188 692 1240 Attendamus
714 1190 1028 1256 nobisipsis,
1053 1207 1120 1242 ne
1137 1194 1359 1258 quando

281 1268 478 1308 arctam
506 1268 557 1308 et
585 1270 872 1326 angustam
905 1263 1047 1316 viam
1083 1264 1360 1314 ambulare

279 1328 542 1391 dicamur,
588 1333 823 1397 amplam
870 1343 922 1384 et
960 1335 1254 1400 spatiosam
1287 1345 1359 1386 te-

281 1411 470 1454 nentes
513 1419 807 1455 curramuS.
836 1408 1051 1457 Arctam
1096 1408 1240 1459 viam
1279 1409 1359 1459 in-

280 1471 480 1522 dicabit
513 1472 612 1522 tibi
645 1484 696 1524 et
737 1476 999 1527 lucidabit
1032 1494 1045 1527 2
1076 1478 1357 1531 tribulatio

277 1543 514 1607 ventris,
582 1545 741 1595 statio
794 1547 859 1597 ad
911 1548 1245 1614 vigilandum
1299 1551 1355 1602 in

281 1614 621 1666 orationibus
697 1633 793 1682 per
865 1628 1034 1669 totam
1108 1630 1353 1683 noctem,

187 1682 196 1694 ⁶
282 1702 541 1738 mensura
598 1705 752 1755 aquae
813 1702 865 1741 et
907 1691 1062 1757 panis
1108 1695 1353 1758 penuria,

282 1760 753 1822 subsannationeS,
791 1764 1109 1826 derisiones,
1137 1766 1353 1818 illusio-

279 1845 393 1890 nes,
411 1831 614 1882 decisio
633 1834 972 1898 propriarum
988 1837 1350 1902 voluntatum,

276 1902 700 1970 ignominiarum
730 1907 1006 1970 poculum,
1038 1910 1351 1974 passionum

281 1985 334 2026 et
375 1975 769 2042 impulsionum
814 1980 1087 2045 patientia,
1129 1985 1231 2034 sub
1266 1985 1354 2039 de-

274 2047 552 2112 spectione
592 2063 707 2098 esse
741 2049 857 2101 sine
898 2054 1348 2119 murmuratione,

274 2117 525 2169 violentia
583 2119 904 2185 injuriarum
969 2124 1131 2176 laesus
1191 2127 1351 2177 susti-

274 2202 401 2238 nere
441 2187 667 2253 fortiter,
713 2190 1041 2245 detractione
1070 2210 1181 2246 non
1211 2196 1351 2248 indi-

272 2257 446 2323 gnari,
471 2270 810 2325 contemptus
829 2271 881 2312 et
908 2263 1201 2330 vilipensus
1233 2284 1346 2318 non

272 2326 448 2391 irasci,
503 2327 772 2392 judicatus
825 2331 1127 2385 humiliari.
1197 2337 1345 2387 Beati

273 2411 367 2462 per
408 2397 613 2447 dictam
641 2399 786 2448 viam
813 2411 1012 2453 arctam
1044 2403 1351 2471 ingredien-

270 2476 373 2526 tes,
409 2468 663 2533 quoniam
718 2470 957 2535 ipsorum
989 2480 1073 2525 est
1120 2491 1348 2542 regnum

270 2537 526 2590 coelorum
553 2556 571 2588 .·
595 2558 622 2586 ι)
652 2540 766 2590 haec
785 2542 1024 2595 Joannes
1049 2548 1253 2598 Abbas-

333 2623 362 2657 2
399 2608 598 2658 Ancus
624 2626 799 2660 “ranan
822 2627 924 2662 vu:
950 2630 1018 2664 ετ
1047 2632 1350 2670 ramento-

269 2693 382 2727 nuu
407 2678 607 2728 nomm
624 2695 915 2733 mauras.
939 2713 999 2723 -
1020 2686 1143 2737 Non
1163 2698 1346 2739 autem

268 2758 321 2798 te
364 2758 593 2809 moveat,
631 2749 764 2815 quia
807 2752 898 2803 hic
937 2754 1139 2807 dicitur
1173 2775 1192 2809 z
1219 2764 1345 2810 An-

266 2825 434 2886 gusta
464 2827 546 2871 est
581 2828 765 2887 porta,
798 2831 850 2884 et
888 2833 1043 2879 arcta
1083 2830 1189 2894 via,
1221 2847 1344 2897 quae

266 2891 415 2943 ducit
437 2892 513 2943 ad
539 2894 721 2945 vitam.
758 2895 829 2945 Et
871 2897 1068 2951 dicitur
1088 2920 1109 2952 .·
1135 2903 1342 2971 Jugum

266 2962 407 3013 enim
428 2976 597 3013 meum
622 2979 788 3015 suave
805 2973 905 3030 est,
936 2976 988 3028 et
1011 2984 1146 3022 onus
1167 2989 1341 3025 meum

267 3032 398 3084 leve.
440 3033 583 3093 Quia
628 3034 770 3086 sicut
805 3052 942 3088 onus
987 3039 1187 3093 dicitur
1226 3045 1341 3095 leve

265 3103 324 3155 in
353 3106 751 3170 comparatione
781 3108 846 3158 ad
868 3112 1188 3176 mercedem,
1216 3114 1342 3168 licet

265 3174 324 3226 in
349 3190 410 3225 se
452 3175 524 3226 sit
568 3192 753 3243 grave3
795 3178 874 3228 sic
916 3184 1199 3248 praesentia
1246 3186 1340 3237 in·-

265 3246 567 3307 commoda,
615 3258 856 3313 respectu
888 3251 1074 3316 gloriae
1121 3253 1336 3310 futurae.

268 3317 453 3382 Itaque
471 3316 584 3367 lata
601 3318 719 3368 dici
747 3329 920 3385 potest
942 3321 1057 3373 haec
1080 3324 1186 3386 via,
1210 3328 1339 3394 quia

265 3385 324 3436 in
362 3400 547 3436 amore
576 3388 875 3442 coelestium
903 3406 998 3441 cor
1026 3392 1210 3446 dilatat
1242 3413 1339 3448 co-

263 3454 551 3521 gitantium
582 3474 595 3506 z
629 3458 890 3517 Quoniam
932 3476 1034 3514 non
1059 3472 1183 3517 sunt
1205 3481 1338 3519 con-

264 3527 452 3593 dignoe
470 3530 757 3595 passiones
782 3531 939 3599 hujus
974 3538 1229 3603 temporis
1262 3540 1340 3592 ad

252 3599 509 3664 suturam
554 3601 812 3667 gloriam,
852 3620 973 3670 quoe
1011 3611 1339 3664 revelabitur

264 3670 319 3722 in
346 3670 515 3722 nobis,
550 3671 622 3721 Et
651 3680 910 3739 angusta,
938 3677 1069 3742 quia
1093 3694 1335 3734 amorem

262 3752 596 3794 terrenorum
644 3755 910 3811 angustat,
935 3758 999 3799 et
1036 3765 1069 3802 a
1107 3755 1334 3809 terrenis

263 3811 544 3863 hominem
569 3814 783 3866 alienat.
815 3817 969 3869 Unde
999 3821 1334 3891 Chtysosto-

262 3897 381 3935 mus
402 3900 423 3936 .·
454 3902 482 3931 α
498 3886 672 3937 Arcta
697 3886 789 3937 via
812 3892 895 3938 est
919 3894 974 3939 et
1001 3900 1260 3959 angusta,
1281 3905 1336 3949 et

2442 296 2543 364 387

1478 405 1847 458 nihilominus
1894 408 2029 458 levis
2074 425 2135 459 ac
2177 410 2369 470 facilis,
2420 415 2548 478 quia

1474 486 1665 526 cuncta
1706 491 1894 543 aspera
1944 479 2072 529 vitae
2099 480 2260 545 hujus
2288 492 2552 547 pertrans-

1473 556 1621 606 eunt,
1642 557 1699 597 et
1720 548 1854 613 quia
1883 549 1948 598 ad
1974 549 2174 600 bonum
2200 550 2384 612 finan,
2404 553 2549 605 scili-

1472 626 1552 666 cet
1568 617 1637 668 ad
1654 616 1839 678 vitam,
1856 619 2190 685 perveniunt.
2208 622 2545 688 Temporale,

1471 687 1730 738 sudorum
1749 705 1765 752 ;
1800 699 1854 739 et
1884 700 2224 755 perpetuum,
2260 704 2546 744 coronato-

1470 772 1612 807 rum.
1644 758 1717 808 Et
1756 758 1884 825 quia
1934 760 2085 826 prius
2110 770 2243 810 sunt
2282 762 2545 814 laboriosa

1478 840 1598 891 quae
1645 837 1942 889 transeunt,
1987 840 2043 879 et
2085 841 2267 896 postea
2311 832 2544 897 gloriosa

1469 915 1591 964 quae
1648 912 1982 966 permanent,
2013 903 2314 954 maximum
2362 916 2537 970 potest

1467 970 1713 1021 laborum
1750 988 1868 1023 esse
1912 974 2185 1024 solatium.
2228 975 2402 1040 Igitur
2438 978 2541 1029 etsi

1468 1041 1527 1092 in
1556 1058 1615 1094 se
1645 1044 1863 1096 difficile
1892 1045 1966 1097 sit
2002 1047 2150 1112 quod
2171 1047 2440 1112 jubemur,
2472 1059 2544 1100 ta·

1468 1128 1593 1163 men
1638 1112 1941 1165 faciendum
1985 1126 2084 1175 est,
2115 1127 2176 1166 ut
2199 1117 2267 1166 ad
2303 1118 2536 1183 gloriam

1467 1184 1743 1248 pervenire
1767 1201 2085 1236 meraemur.
2119 1187 2229 1248 Qui
2255 1188 2401 1238 enim
2425 1205 2539 1241 non

1466 1255 1807 1320 compatitur,
1852 1272 1963 1305 non
1995 1258 2385 1324 .conregnabit;
2443 1276 2541 1311 nec

1464 1328 1824 1390 coronabitur,
1856 1329 1963 1379 nisi
1982 1330 2074 1394 qui
2097 1331 2336 1395 legitime
2358 1340 2538 1383 certa·

1465 1401 1619 1451 verit.
1652 1419 1678 1448 n
1708 1401 1780 1452 Et
1804 1402 2002 1452 iterum
2035 1419 2048 1451 ε
2080 1421 2109 1449 α
2145 1404 2202 1453 Si
2234 1404 2359 1469 quis
2382 1406 2532 1456 viam

1462 1471 1787 1521 laboriosam
1839 1472 2129 1533 existimat,
2182 1489 2340 1526 suam
2397 1477 2536 1527 desi-

1462 1543 1606 1595 diam
1636 1555 1866 1596 accusat.
1895 1546 1952 1595 Si
1982 1546 2132 1596 enim
2156 1548 2337 1599 nautis
2357 1550 2531 1616 pelagi

1461 1616 1681 1680 fluctus3
1712 1619 1761 1669 si
1786 1629 2146 1684 tempestates»,
2165 1630 2327 1686 atque
2354 1622 2535 1673 hiems

1459 1688 1735 1754 agricolis3
1766 1689 1813 1739 si
1837 1690 2057 1741 vulnera
2079 1690 2357 1757 cedesque
2383 1693 2538 1742 mili-

1458 1757 1629 1821 tibus;
1656 1759 1701 1809 si
1730 1759 2033 1826 gravissimi
2076 1761 2216 1811 ictus
2252 1762 2531 1830 plagaeque

1459 1832 1756 1898 pugilibus,
1792 1834 1934 1885 leves
1973 1833 2226 1885 videntur
2254 1845 2307 1885 et
2340 1837 2533 1888 tolera-

1461 1901 1596 1953 biles
1637 1914 1787 1964 sunt‚
1831 1913 2050 1969 propter
2078 1920 2231 1969 spem
2267 1916 2533 1971 tempora·

1457 1972 1614 2033 lium,
1647 1989 1705 2023 nc
1732 1973 2071 2039 pereuntium
2102 1976 2532 2036 commodorum,

1456 2053 1605 2096 tanto
1634 2044 1808 2111 magis
1833 2061 1959 2095 cum
1984 2047 2182 2095 coelum
2203 2059 2529 2113 preparatur

1457 2114 1514 2165 in
1572 2116 1813 2181 praemi0,
1875 2116 2016 2168 nihil
2058 2131 2124 2166 ex
2174 2118 2528 2182 praesentibus

1455 2186 1832 2254 asperitatibus
1862 2188 2023 2239 debet
2059 2188 2268 2240 sentiri.
2292 2190 2403 2241 Nec
2427 2206 2521 2243 as-

1455 2261 1624 2326 picias
1660 2263 1806 2327 quod
1838 2262 1925 2313 via
1951 2272 2033 2312 est
2064 2278 2265 2327 aspera,
2294 2264 2389 2313 sed
2416 2280 2527 2332 quo

1454 2333 1631 2397 ducit;
1665 2350 1762 2385 nec
1801 2334 1925 2394 alia,
1965 2334 2093 2401 quia
2132 2336 2248 2384 lata
2293 2342 2390 2398 est,
2431 2338 2528 2387 sed

1455 2403 1547 2455 ubi
1579 2405 1781 2458 desinit
1809 2421 1824 2454 ε
1858 2424 1889 2453 ³)
1920 2404 2041 2455 haec
2083 2405 2525 2473 Chrysostomus.

1456 2475 1746 2535 Quomodo
1792 2486 1972 2526 autem
2009 2476 2230 2526 Domini
2266 2488 2526 2543 praecepta

1452 2545 1611 2595 nobis
1644 2562 1757 2599 non
1788 2545 2032 2597 difficilia
2060 2556 2114 2597 et
2150 2562 2397 2612 onerosa,
2424 2550 2524 2600 sed

1453 2615 1626 2681 magis
1650 2615 1829 2667 facilia
1855 2627 1910 2667 et
1927 2615 2064 2667 levia
2090 2632 2208 2667 esse
2227 2617 2525 2681 videantur,

1453 2687 1604 2737 docet
1659 2688 1838 2742 adhuc
1877 2688 2026 2738 idem
2081 2689 2523 2756 chrysostomm,

1451 2757 1638 2809 dicens
1660 2775 1678 2808 ε
1707 2777 1735 2806 α
1760 2760 1860 2811 His
1894 2775 2022 2826 ergo
2068 2775 2190 2826 quae
2218 2761 2358 2813 dicta
2381 2773 2524 2823 sunt,

1450 2846 1517 2880 ne
1543 2832 1684 2883 ultra
1717 2831 2135 2883 inobedientiam
2177 2835 2525 2885 contentione

1449 2902 1742 2969 foveamus,
1787 2905 2020 2956 maxime
2054 2921 2181 2956 cum
2214 2907 2435 2973 praemia
2468 2919 2525 2959 et

1446 2975 1775 3039 voluptatem
1817 2975 2047 3025 habeant
2070 2975 2133 3026 in
2170 2991 2230 3025 se
2272 2986 2329 3026 et
2367 2976 2515 3027 utili-

1446 3055 1611 3099 tatem
1654 3048 1771 3114 ipsa
1810 3059 2096 3116 praecepta.
2144 3050 2280 3110 Quae
2308 3049 2355 3099 si
2392 3066 2521 3101 mo-

1446 3118 1580 3169 lesta
1622 3127 1674 3168 et
1707 3133 1934 3173 onerosa
1993 3120 2286 3187 plerisque,
2334 3129 2389 3174 et
2427 3120 2518 3172 in-

1447 3185 1624 3253 gentis
1670 3188 1948 3253 cujusdam
1997 3189 2249 3240 videntur
2298 3189 2517 3251 laboris,

1445 3259 1686 3325 intellige
1734 3271 1952 3327 propter
1998 3260 2279 3311 Christum
2329 3269 2383 3310 te
2426 3261 2519 3312 illa

1445 3333 1748 3398 suscepisse
1767 3334 2034 3397 facienda3
2064 3343 2118 3383 et
2135 3333 2281 3398 quod
2304 3333 2519 3386 videtur

1445 3418 1562 3453 esse
1602 3401 1773 3464 triste,
1819 3403 2269 3470 jucundissimum
2320 3404 2518 3469 judica-

1445 3471 1550 3524 bis.
1614 3473 1677 3523 Si
1735 3473 1880 3526 enim
1937 3472 2318 3540 cogitationem
2378 3473 2516 3524 hanc

1443 3559 1661 3609 semper
1703 3544 2072 3607 habuerimuS,
2104 3542 2245 3593 nihil
2270 3543 2516 3610 experie-

1443 3630 1568 3666 mur
1595 3630 1909 3677 onerosum3
1940 3615 2037 3665 sed
2066 3630 2131 3665 ex
2159 3614 2369 3672 diverso
2392 3615 2517 3680 plu·

1441 3685 1638 3737 rimam
1679 3686 1918 3751 undique
1946 3685 2221 3750 capiemus
2264 3686 2517 3750 volupes-

1441 3765 1571 3808 tem.
1622 3756 1679 3807 Si
1743 3755 1965 3821 quidem
2017 3756 2169 3806 labor
2225 3755 2341 3820 ipse
2405 3771 2513 3805 non

1440 3826 1675 3893 amplius
1699 3826 1850 3876 labor
1870 3826 2162 3893 apparebit,
2193 3826 2287 3876 sed
2311 3836 2513 3892 quanto

1442 3897 1616 3963 magis
1659 3896 1972 3960 intenditur,
2016 3907 2168 3949 tanto
2215 3897 2427 3949 dulcior
2460 3907 2513 3949 et
