2784 4452
357 353 464 404 420

356 455 617 520 lacrymas
643 464 832 520 potens
857 452 1174 520 provocare!
1204 472 1226 499 ιι
1247 454 1419 514 Quam

358 540 473 576 cum
497 525 722 576 vidisset
739 526 1001 575 Dominus
1025 525 1103 575 sic
1131 524 1340 574 tristem
1369 534 1422 574 et

357 598 610 649 afflictam
637 636 650 658 ,
703 597 1072 649 misericordia
1116 608 1166 647 et
1229 597 1421 662 pietate

355 675 547 729 motus,
579 669 874 719 secundum
889 668 1033 735 quod
1055 668 1238 728 homo,
1260 682 1421 733 super

356 756 474 793 eam
512 759 530 791 .·
577 751 693 791 tum
743 742 872 808 quia
922 741 1084 792 vidua
1122 750 1262 800 erat,
1303 751 1420 791 tum

357 814 485 881 quia
532 829 642 864 non
682 814 910 864 habebat
965 813 1131 863 alium
1174 811 1346 862 filium
1392 829 1423 863 a

360 899 470 950 quo
501 884 559 933 in
603 893 870 933 senectute
910 882 1195 933 sustentari
1243 894 1423 948 posset

359 972 524 1024 quam
553 957 621 1006 ab
654 956 790 1023 ipso,
822 956 969 1006 dixit
988 955 1086 1016 illi,
1118 956 1279 1006 verbo
1302 972 1424 1007 con·

360 1028 615 1080 solatorio
638 1038 689 1078 et
717 1027 860 1077 dulci
885 1044 899 1077 z
928 1028 1063 1078 Noli
1068 1028 1225 1095 flere.
1256 1028 1421 1088 Quasi

361 1101 559 1151 diceret
587 1116 601 1150 ε
628 1098 749 1149 Cito
776 1100 1046 1149 consolata
1068 1099 1191 1160 eriS‚
1224 1099 1422 1149 desiste

362 1171 516 1238 quasi
544 1180 819 1220 mortuum
853 1169 979 1220 flere
1001 1185 1163 1236 quem
1195 1186 1323 1220 mox
1350 1170 1426 1219 vi-

363 1260 492 1296 vum
523 1257 799 1307 resurgere
830 1241 1054 1292 videbis.
1084 1241 1425 1293 Moerentium

365 1317 666 1368 consolator
695 1316 867 1375 Deus,
931 1314 1146 1365 illorum
1193 1315 1427 1365 maxime

363 1389 624 1453 lacrymas
649 1385 906 1446 intuetur,
934 1386 1028 1452 qui
1061 1386 1289 1436 aliorum
1316 1386 1427 1435 mi-

366 1456 532 1508 serias
556 1466 610 1506 et
637 1466 850 1537 peccata
877 1455 1090 1507 deflent.
1124 1457 1426 1506 Secundum

367 1530 589 1593 Bedam,
618 1529 885 1579 Dominus
912 1529 1276 1580 misericordia
1305 1545 1426 1579 mo-

367 1612 455 1652 tus
474 1611 572 1661 est,
604 1610 664 1651 ut
696 1600 853 1650 nobis
876 1602 1181 1667 exemplum
1207 1600 1428 1651 imitan-

366 1673 448 1723 dae
503 1670 714 1738 pietatis
777 1672 1094 1723 ostenderet.
1168 1672 1324 1723 Unde
1375 1682 1428 1723 et

368 1745 789 1812 chrysostomus
818 1760 836 1793 .·
867 1761 895 1789 «
921 1744 1125 1794 Jubens
1155 1760 1279 1810 ergo
1304 1759 1425 1794 ces-

367 1832 484 1868 sare
543 1831 573 1866 a
648 1816 898 1882 lacrymis
953 1816 1046 1883 qui
1125 1818 1429 1868 consolatur

368 1897 608 1948 moestos,
630 1898 816 1938 monet
844 1903 944 1938 nos
971 1888 1037 1938 de
1074 1888 1428 1954 praesentibus

368 1961 634 2012 defunctis
683 1961 1104 2011 consolationem
1158 1961 1388 2027 recipere
1412 2000 1426 2022 ,

367 2031 813 2083 resurrectionem
866 2043 1155 2097 sperantes.
1225 2032 1426 2098 Pagani

368 2116 421 2157 et
447 2105 686 2157 Gentiles
701 2120 912 2154 causam
934 2105 1130 2156 habent
1141 2105 1428 2172 plangendi

367 2176 663 2237 defunctOS,
688 2176 817 2242 quia
862 2177 1301 2228 resurrectionem
1327 2191 1428 2226 ne-

369 2249 578 2310 sciunt;
610 2247 701 2298 sed
721 2247 1016 2298 Christiani
1044 2264 1160 2299 eam
1180 2249 1425 2307 credunt,

373 2329 426 2371 et
453 2320 574 2370 ideo
600 2333 813 2369 causam
861 2319 1145 2385 plangendi
1184 2334 1291 2369 non
1328 2318 1431 2369 ha-

371 2391 524 2441 bent.
555 2409 584 2437 n
603 2389 682 2439 Et
705 2389 949 2452 accessit,
977 2395 1029 2439 et
1070 2390 1248 2456 tetigit
1293 2389 1433 2440 locu-

371 2463 497 2526 lum,
530 2462 583 2511 id
636 2470 716 2511 est
764 2460 1048 2524 feretrum;
1105 2470 1167 2512 ut
1215 2461 1432 2512 effectus

370 2532 559 2584 salutis
588 2541 728 2582 tactu
757 2532 999 2597 corporis
1029 2532 1114 2582 sui
1143 2532 1429 2594 deveniret,

372 2615 425 2658 et
470 2605 772 2655 ostenderet
825 2605 970 2670 quod
1026 2620 1219 2671 corpus
1271 2620 1430 2655 suum

371 2678 551 2730 deitati
601 2678 815 2728 unitum
845 2689 957 2728 erat
1007 2678 1429 2729 instrumentum

370 2748 583 2800 deitatis
621 2748 677 2798 in
713 2748 983 2799 miraculis
1021 2747 1295 2800 faciendis.
1325 2750 1434 2799 Lo-

371 2820 526 2871 culus
565 2818 885 2870 diminutive
934 2829 1014 2870 est
1050 2820 1246 2869 mortui
1284 2819 1432 2869 locus

372 2890 432 2942 in
448 2905 558 2956 quo
571 2889 730 2954 jacet;
757 2889 841 2939 cui
856 2890 1004 2940 enim
1018 2889 1217 2940 viventi
1242 2905 1434 2956 magna

373 2960 583 3029 palatia,
608 2968 661 3009 et
687 2961 879 3025 amploe
913 2961 1108 3011 domus
1137 2977 1245 3011 non
1277 2961 1434 3011 suffi-

373 3031 581 3084 ciebant
605 3044 701 3096 pro
730 3030 864 3090 loco,
912 3031 960 3082 ei
1009 3031 1260 3082 morienti
1310 3048 1434 3098 par-

373 3117 503 3153 vum
562 3098 796 3165 spatium
848 3100 1045 3151 sufficit
1098 3117 1193 3167 pro
1235 3101 1431 3153 locu10.

375 3171 549 3230 Unde,
572 3179 786 3219 mortuo
806 3170 1126 3232 Alexandro,
1154 3172 1291 3223 dixit
1319 3173 1436 3239 qui-

375 3241 501 3292 dam
526 3240 905 3307 philosophus,
930 3257 1093 3307 quem
1119 3252 1263 3294 totus
1282 3259 1437 3294 mun·

377 3315 481 3367 dus
509 3330 620 3365 non
641 3313 896 3380 capiebat,
926 3315 1087 3366 hodie
1115 3331 1273 3382 parva
1303 3333 1436 3368 con-

377 3385 515 3437 tinet
539 3399 678 3436 arca.
707 3384 789 3435 Hi
824 3391 999 3436 autem
1017 3386 1108 3451 qui
1124 3388 1434 3452 portabant,

377 3462 656 3521 steterunt,
697 3471 794 3507 nec
843 3459 984 3507 ultra
1033 3459 1278 3524 progredi
1318 3459 1435 3509 ausi

378 3536 523 3579 sunt.
548 3526 620 3576 Et
660 3527 735 3577 ait
763 3527 1140 3592 :Adolescens,
1170 3542 1352 3595 surge,
1384 3540 1438 3580 et

376 3597 456 3650 sic
476 3613 620 3658 eum,
638 3599 936 3649 secundum
954 3600 1100 3666 quod
1127 3600 1288 3661 Deus,
1309 3616 1438 3652 sus-

378 3666 584 3719 citavit.
638 3668 717 3718 Et
744 3669 944 3720 resedit
990 3669 1081 3736 qui
1123 3677 1243 3721 erat
1286 3686 1438 3722 mor-

380 3746 529 3802 tuus,
565 3739 692 3805 quia
744 3755 968 3808 surgens
1003 3741 1142 3793 sedit
1174 3742 1231 3792 in
1261 3744 1437 3794 loculo

378 3809 437 3859 in
457 3825 566 3875 quo
585 3810 812 3875 jacuerat
831 3812 981 3876 prius
989 3828 1003 3876 ;
1025 3819 1076 3863 et
1097 3813 1256 3880 coepit
1276 3813 1437 3879 loqui,

379 3888 441 3928 ut
486 3878 764 3931 manifeste
816 3892 1089 3947 appareret
1133 3883 1278 3949 quod
1327 3893 1440 3934 erat

381 3963 502 3998 vere
528 3957 581 3999 et
618 3965 728 4000 non
756 3962 1073 4018 apparenter
1115 3954 1437 4019 suscitatus3

985 339 1221 391 PRIMAE
1256 339 1504 390 PARTIS
1535 339 1768 392 CAPUT
1796 342 1980 395 XLIV.

1525 465 1578 506 et
1604 456 1739 507 forte
1764 458 1923 508 verba
1958 458 2128 525 ipsius
2147 461 2364 512 fuerunt
2390 463 2593 529 gratia-

1527 542 1648 577 rum
1676 528 1934 580 actiones.
1969 531 2049 581 Et
2074 532 2220 582 dedit
2249 532 2399 583 illum
2430 535 2595 586 matri

1526 614 1669 663 suae5
1692 600 1818 666 quia
1846 617 1955 651 non
1977 618 2076 653 suo
2104 603 2312 663 merito,
2343 605 2437 654 sed
2471 621 2594 656 ma-

1528 670 1626 720 tris
1654 683 2023 737 resurrexerat,
2042 684 2105 723 ut
2122 689 2242 740 quae
2266 675 2333 725 de
2357 675 2476 741 ipso
2492 677 2597 726 tri-

1526 740 1625 790 stis
1677 740 1874 802 fuerat,
1933 743 1989 793 in
2029 743 2147 809 ipso
2199 747 2588 797 consolaretur.

1527 812 1746 878 Accepit
1788 819 1964 863 autem
1986 828 2165 865 omnes
2197 815 2354 865 timor
2384 831 2450 865 ex
2491 828 2580 867 stu

1527 896 1655 946 pore
1700 883 1832 932 tanti
1873 883 2134 944 miraculi,
2164 884 2258 951 qui
2289 885 2455 935 timor
2488 902 2600 937 non

1527 953 1627 1004 fuit
1649 954 1875 1019 alicujus
1898 956 2044 1016 mali,
2076 957 2167 1007 sed
2194 958 2507 1008 reverentiae
2534 960 2601 1010 de

1529 1028 1760 1093 potentia
1792 1038 1845 1078 et
1874 1029 2142 1094 bonitate3
2178 1037 2230 1082 et
2257 1033 2594 1098 magnifica-

1531 1102 1671 1162 bant,
1705 1101 1760 1150 id
1788 1111 1869 1152 est
1908 1103 2199 1153 laudabant
2223 1141 2237 1163 ,
2289 1104 2498 1168 Deum,
2552 1114 2604 1155 et

1530 1185 1789 1236 magnum
1827 1173 2202 1236 praedicabant,
2232 1173 2360 1239 quia
2391 1184 2601 1240 quanto

1531 1241 1739 1307 gravior
1776 1252 1856 1292 est
1884 1257 2039 1293 casus
2060 1281 2074 1301 ,
2106 1253 2254 1293 tanto
2288 1244 2459 1308 pietas
2489 1245 2603 1295 eri-

1512 1314 1707 1380 'gentis
1752 1325 1833 1364 est
1868 1316 2097 1380 gratior,
2138 1326 2190 1367 et
2234 1332 2356 1382 spes
2404 1319 2601 1369 salutis

1529 1384 1913 1449 poenitentibus
1956 1396 2038 1436 est
2082 1386 2290 1436 certior.
2343 1387 2423 1437 Et
2450 1388 2603 1438 dice-

1533 1456 1658 1506 bant
1684 1473 1702 1506 .·
1738 1456 1883 1516 Quia
1910 1457 2185 1524 Propheta
2210 1473 2461 1524 magnus,
2497 1460 2599 1509 sci-

1531 1527 1653 1578 licet
1665 1527 1721 1577 in
1735 1527 1890 1593 Lege,
1908 1539 1960 1578 et
1981 1528 2262 1594 Prophetis
2272 1529 2600 1595 promissus,

1533 1599 1779 1649 surrexit
1803 1599 1856 1649 in
1886 1599 2036 1650 nobis
2046 1617 2066 1662 ,-
2117 1599 2228 1649 imo
2267 1596 2395 1664 plus'
2430 1616 2600 1666 quam

1534 1668 1798 1734 Propheta
1844 1684 1858 1718 ε
1911 1675 1963 1719 et
2006 1669 2133 1735 quia
2171 1671 2320 1722 Deus
2357 1671 2604 1722 visitavit

1525 1741 1730 1805 plebem
1754 1755 1924 1804 suam,
1954 1741 2217 1792 mittendo
2262 1742 2341 1792 eis
2367 1743 2604 1793 Salvato-

1531 1827 1645 1862 rem
1668 1851 1682 1873 ,
1734 1823 1794 1863 ut
1836 1827 1928 1863 eos
1960 1813 2263 1874 redimeret,
2294 1814 2437 1865 sicut
2477 1831 2604 1865 me-

1531 1882 1683 1932 dicus
1734 1882 1913 1933 visitat
1964 1883 2241 1935 infirmum
2269 1923 2282 1945 ,
2346 1895 2408 1935 ut
2470 1901 2603 1937 eum

1532 1964 1702 2005 sanet.

1598 2042 1626 2077 2
1654 2027 1796 2086 Qun>
1850 2042 2069 2077 ursa-tes
2115 2042 2448 2078 sremr-tcsnr
2499 2045 2601 2079 m:-

1533 2111 1801 2158 runcrus,
1863 2113 1983 2147 mus
2023 2113 2228 2157 unsa,
2270 2114 2602 2150 Pom-nones

1533 2185 1601 2219 m·
1621 2168 1894 2218 Locutus?
1925 2196 1986 2205 —
2013 2169 2233 2236 Mystice
2269 2168 2366 2219 iste
2397 2170 2602 2220 defun-

1534 2251 1652 2292 ctus
1701 2251 1782 2291 est
1813 2241 1980 2291 homo
2010 2257 2103 2307 per
2129 2252 2401 2308 peccatum
2444 2259 2603 2293 mor-

1532 2312 1636 2363 tale
1664 2320 1928 2361 mortuuS.
1956 2312 2084 2376 Ejus
2113 2322 2282 2363 mater
2309 2323 2388 2363 est
2417 2314 2604 2365 Eccle-

1533 2386 1630 2448 sia,
1661 2401 1781 2452 quae
1804 2396 1884 2437 est
1900 2386 2217 2438 universitas
2246 2389 2602 2450 credentium,

1534 2468 1586 2510 et
1620 2460 1772 2522 cuius
1799 2458 1897 2510 filii
1924 2469 2049 2510 sunt
2073 2461 2343 2510 credentes
2373 2460 2603 2526 singuli.

1539 2533 1781 2582 Peccator
1808 2542 1986 2581 autem
2016 2531 2213 2583 dicitur
2230 2533 2391 2599 filius
2410 2534 2604 2584 unicus

1536 2605 1728 2654 matris
1760 2618 1894 2666 suae,
1926 2603 2128 2654 scilicet
2174 2605 2441 2666 Ecclesiae,
2471 2606 2605 2672 quia

1534 2674 1831 2740 quemlibet
1860 2674 1932 2724 ita
1961 2673 2120 2725 deflet
2147 2675 2363 2741 quando
2382 2674 2442 2725 in
2475 2691 2606 2741 pec-

1537 2754 1710 2796 catum
1752 2744 1926 2807 cadit,
1977 2744 2117 2795 sicut
2165 2756 2335 2795 mater
2373 2745 2606 2809 unicum

1537 2815 1711 2865 filium
1739 2815 1955 2881 quando
1978 2814 2203 2866 decedit.
2220 2815 2460 2866 Ecclesia
2472 2832 2609 2882 quo-

1536 2901 1642 2952 que
1667 2884 1863 2935 dicitur
1891 2886 2070 2949 vidua,
2124 2885 2252 2951 quia
2280 2886 2478 2952 Sponsi
2514 2886 2605 2938 sui

1539 2966 1711 3006 morte
1755 2956 2029 3021 redempta
2052 2994 2066 3015 ,
2132 2957 2216 3006 vel
2271 2956 2399 3022 quia
2458 2973 2607 3007 nunc

1537 3025 1778 3092 quandiu
1834 3026 2204 3091 peregrinatur
2249 3042 2277 3077 a
2332 3027 2605 3088 Domine,
2653 3056 2663 3064 ·

1537 3111 1619 3151 est
1644 3101 1711 3151 ab
1735 3099 2070 3166 amplexibus
2089 3100 2284 3166 Sponsi
2314 3100 2397 3151 sui
2420 3101 2607 3167 priva-

1539 3181 1608 3232 ta,
1637 3172 1705 3221 de
1731 3186 1838 3238 qua
1857 3171 2018 3222 vidua
2039 3171 2239 3222 dicitur
2257 3171 2315 3221 in
2344 3170 2567 3223 Psalmo
2589 3189 2606 3224 ι

1550 3242 1776 3293 Viduam
1795 3241 1910 3309 ejus
1928 3241 2248 3305 benedicens,
2276 3243 2605 3294 benedicam.

1537 3312 1774 3363 Effertur
1795 3311 2092 3371 defunctus»,
2145 3327 2269 3362 cum
2291 3327 2484 3362 sensus
2509 3312 2611 3364 in-

1540 3382 1705 3433 terior
1734 3381 1864 3433 exiit
1891 3382 1946 3431 in
1983 3397 2137 3448 opus.
2160 3383 2402 3443 Quatuor
2425 3384 2611 3449 porti-

1539 3463 1679 3504 tores
1723 3454 1883 3519 hujus
1923 3453 2158 3505 defuncti
2207 3465 2333 3505 sunt
2370 3464 2612 3521 quatuor

1538 3524 1841 3574 affectiones
1884 3524 2059 3574 cordis
2103 3525 2292 3590 nostri,
2347 3526 2555 3578 scilicet
2592 3542 2608 3578 τ

1541 3594 1800 3661 gaudium
1828 3604 1881 3645 et
1915 3593 2150 3656 tristitia,
2180 3610 2303 3663 spes
2331 3606 2385 3647 et
2416 3597 2607 3648 timor.

1541 3669 1647 3719 Ista
1664 3667 1811 3718 enim
1834 3677 2062 3733 quatuor
2092 3677 2301 3735 portant
2323 3678 2610 3720 mortuum

1541 3756 1638 3808 per
1662 3742 1911 3792 abusum.
1953 3742 2033 3792 De
2060 3742 2260 3808 quibus
2305 3742 2435 3793 dicit
2460 3743 2610 3794 Ber·

1543 3812 1749 3862 nardus
1773 3829 1792 3863 .·
1823 3829 1851 3859 «
1876 3809 2071 3863 Amant
2111 3813 2257 3879 quod
2297 3828 2407 3863 non
2433 3813 2607 3876 decet,

1542 3883 1736 3936 timent
1782 3885 1929 3951 quod
1979 3901 2089 3936 non
2125 3893 2334 3952 oportet
2357 3924 2374 3948 ,
2420 3886 2611 3937 dolent

1542 3968 1698 4017 vane,
1747 3964 1801 4008 et
1838 3955 2070 4023 gaudent
2107 3954 2313 4007 vanius.
2370 3954 2470 4007 Vel
2509 3955 2606 4008 isti
