2784 4452
444 324 518 390 46
1112 320 1362 371 PRIMAE
1396 320 1642 370 PARTIS
1675 320 1912 371 CAPUT
1941 320 2023 402 v.⁸

447 442 602 506 plexa
634 439 762 500 fuit,
824 439 982 505 quia,
1046 437 1342 487 secundum
1383 439 1510 487 Am-

448 514 698 575 brosium,
731 528 905 578 neque
933 527 1045 560 non
1078 510 1287 560 credere
1319 510 1506 562 debuit

414 594 419 599 ·
444 584 667 650 Angelo,
687 599 861 650 neque
892 593 1003 632 tam
1023 591 1221 631 temere
1247 596 1507 646 usurpare

446 655 645 705 divina.
678 655 831 705 Unde
859 654 924 703 de
951 652 1059 701 alio
1095 651 1368 702 certificari
1403 668 1504 702 vo-

440 726 577 785 lenS‚
616 726 682 775 de
715 741 827 791 quo
860 725 1093 774 multum
1121 724 1363 783 timebat,
1394 723 1505 772 sci-

441 797 566 846 licet
608 811 676 846 ne
712 795 1076 860 virginitatem
1122 810 1275 846 suam
1311 794 1504 859 perde-

439 880 535 929 ret,
575 869 641 918 de
683 866 844 916 modo
885 866 1252 932 conceptionis
1291 864 1502 930 quaerit,

441 938 625 988 dicens
661 953 674 986 ε
709 937 985 998 Quomodo
1028 937 1132 1003 fiet
1180 936 1353 996 istud,
1394 935 1504 985 sci-

442 1009 588 1066 licet,
623 1009 769 1074 quod
806 1019 866 1058 tu
893 1008 1168 1074 promittis
1201 1023 1288 1057 me
1321 1022 1505 1072 parere

444 1079 652 1138 filium,
696 1080 945 1145 quoniam
993 1080 1167 1130 virum
1211 1094 1313 1129 non
1362 1092 1503 1150 cog-

444 1149 653 1201 nosco?
676 1151 730 1200 id
769 1161 867 1211 est,
906 1167 997 1201 me
1019 1151 1199 1200 virum
1227 1166 1337 1200 non
1372 1165 1506 1214 cog-

447 1224 680 1274 nituram
724 1224 780 1273 in
811 1224 994 1274 animo
1032 1224 1173 1284 vovi,
1203 1234 1256 1273 et
1288 1239 1355 1273 ex
1377 1233 1504 1273 voto

442 1295 729 1361 proposui;
759 1296 887 1362 quia
911 1296 1161 1363 quamvis
1183 1296 1504 1361 desponsata

437 1379 579 1429 erat,
634 1380 813 1419 tamen
860 1386 917 1420 se
975 1386 1255 1436 nunquam
1295 1379 1502 1434 nuptu-

438 1456 572 1499 ram,
603 1456 778 1506 neque
812 1440 993 1491 virum
1023 1441 1359 1506 cognituram
1384 1454 1504 1488 cer-

440 1511 649 1562 tissime
699 1512 914 1563 sciebat.
960 1514 1027 1562 Et
1062 1512 1136 1562 ita
1178 1511 1281 1562 fuit
1334 1511 1506 1576 Virgo

435 1592 644 1642 mente,
699 1598 855 1632 carne
905 1592 957 1632 et
994 1583 1300 1648 proposit03
1345 1581 1501 1647 quasi

433 1653 630 1703 diceret
661 1670 676 1703 ε
707 1655 842 1702 Rem
889 1654 1064 1712 credo,
1089 1654 1182 1703 sed
1227 1653 1292 1702 de
1339 1653 1502 1701 modo

435 1739 645 1789 quaer0,
692 1738 815 1772 cum
851 1723 983 1773 sciat
1020 1723 1291 1772 Dominus
1335 1723 1502 1782 DeuS,

432 1794 585 1843 testis
610 1792 946 1843 conscientiae
975 1809 1106 1845 meoe
1123 1833 1137 1853 ‚
1163 1804 1350 1844 votum
1385 1808 1503 1844 esse

434 1864 640 1914 ancillae
673 1879 784 1913 non
809 1880 1127 1929 cognoscere
1148 1864 1326 1915 vitum
1354 1882 1367 1914 z
1395 1881 1504 1930 qua

433 1938 567 2002 lege,
598 1952 708 2002 quo
746 1937 935 1987 ordine
973 1938 1201 2002 placebit
1231 1938 1281 1988 ei
1317 1948 1380 1988 ut
1410 1938 1502 1988 fiat

437 2007 616 2057 istud?
650 2008 804 2058 Unde
823 2008 1142 2058 Ambrosius
1161 2026 1178 2060 .·
1202 2027 1229 2054 ει
1250 2010 1372 2059 Non
1392 2009 1500 2059 du-

438 2078 572 2128 bitat
615 2093 732 2128 esse
777 2077 1101 2139 faciendum,
1149 2080 1295 2144 quod
1356 2095 1499 2145 quo-

436 2150 600 2199 modo
636 2148 808 2215 possit
842 2148 957 2198 fieri
994 2148 1242 2215 inquirit.
1278 2149 1502 2215 Legerat

438 2222 605 2273 Maria
643 2241 657 2273 ι
694 2223 837 2274 Ecce
893 2223 1092 2290 Virgo*
1128 2222 1387 2290 concipiet
1445 2222 1499 2275 in

435 2304 612 2358 utero,
663 2304 714 2348 et
757 2298 943 2364 pariet
994 2297 1213 2365 filium;
1278 2308 1332 2347 et
1378 2297 1502 2348 ideo

436 2370 491 2420 id
530 2370 754 2420 credidit
788 2371 1053 2432 futurum,
1092 2372 1186 2421 sed
1222 2372 1499 2437 quomodo

339 2465 346 2472 ·
431 2439 585 2490 fieret
612 2450 734 2490 ante
782 2457 892 2491 non
934 2443 1170 2506 legerat:
1203 2458 1314 2491 non
1349 2442 1498 2491 enim

435 2511 894 2575 quemadmodum
959 2511 1139 2572 fieret,
1194 2513 1277 2562 vel
1347 2522 1499 2562 tanto

427 2582 590 2631 alicui
652 2582 928 2647 Prophetae
973 2582 1143 2633 fuerat
1187 2584 1496 2634 revelatum.

394 2716 399 2724 ⁵
433 2656 671 2704 Tantum
711 2655 862 2705 enim
900 2655 1136 2705 mandati
1178 2658 1498 2723 mysterium

432 2743 542 2776 non
580 2728 684 2777 fuit
729 2727 992 2788 horniniS,
1033 2729 1126 2779 sed
1170 2730 1363 2794 Angeli
1408 2746 1506 2781 ore

434 2799 791 2863 promendum
819 2816 832 2847 ε
862 2818 891 2846 n
930 2799 1042 2849 haec
1063 2800 1401 2851 Ambrosius·

498 2886 560 2935 17
595 2870 712 2920 Cun
745 2871 1151 2921 [nemarxoms
1187 2871 1228 2920 F
1232 2887 1327 2921 1L11
1364 2887 1499 2923 opus

422 2942 674 2991 Simu-rur
700 2943 907 2991 Smcro
942 2941 1322 2992 firman-run?
1344 2970 1410 2979 —
1435 2943 1500 2993 Et

433 3014 690 3079 Angelus,
737 3013 875 3074 Fiet,
922 3014 1119 3079 inquit,
1170 3031 1282 3064 non
1334 3017 1500 3066 modo

430 3085 689 3143 humano,
737 3084 830 3133 sed
874 3084 1089 3147 divino;
1137 3101 1251 3135 non
1281 3101 1376 3151 per
1411 3086 1498 3137 vi-

434 3169 577 3214 rum,
604 3155 698 3203 sed
733 3169 827 3218 per
863 3155 1230 3219 operationem
1264 3156 1500 3222 Spiritus

432 3226 611 3276 Sancti
637 3227 731 3292 qui
767 3227 823 3276 in
849 3237 899 3277 te
938 3229 1295 3293 superveniet.
1349 3230 1500 3280 Sicut

436 3298 580 3364 ignis
642 3299 861 3349 divinus
915 3311 1153 3351 mentem
1209 3312 1358 3352 tuam
1408 3302 1501 3351 in-

436 3368 739 3430 flammans,
754 3385 1077 3437 carnemque
1105 3382 1251 3422 tuam
1278 3372 1375 3423 Dei
1402 3372 1503 3422 Fi-

426 3440 503 3490 lio
533 3440 825 3491 uniendam
854 3441 1239 3507 perfectissima
1271 3442 1501 3508 puritate

429 3512 784 3575 sanctificans,
831 3525 885 3565 et
938 3515 1204 3581 singulari
1241 3516 1405 3565 modo
1447 3525 1504 3567 te

428 3581 763 3645 fecundabit,
812 3596 864 3636 et
903 3602 967 3636 ex
1015 3586 1130 3650 ejus
1170 3585 1502 3651 operatione,

433 3655 578 3703 salva
606 3654 703 3704 tibi
728 3655 1036 3721 virginitate
1070 3665 1179 3715 tua,
1204 3654 1497 3721 concipies

433 3727 666 3792 Spiritus
692 3730 916 3779 Sanctus
947 3728 1095 3795 prius
1131 3728 1189 3778 in
1216 3724 1501 3794 Virginem

434 3809 664 3858 venerat,
694 3800 752 3849 in
788 3814 884 3848 sua
922 3797 1353 3860 sanctificatione,
1380 3814 1497 3850 eam

428 3868 497 3917 ab
523 3871 772 3935 originali
810 3882 1020 3936 peccato
1061 3873 1365 3937 purgand03
1405 3873 1498 3923 sed

424 3937 483 3987 in
533 3942 882 4006 conceptione
931 3940 1057 3993 Filii
1095 3942 1196 3994 Dei
1245 3958 1502 4010 superve-

1614 436 1716 497 nit,
1756 436 1813 487 id
1849 447 1947 498 oet,
1980 436 2178 488 iterum
2212 437 2377 498 venit,
2421 439 2684 503 majorem

1611 509 1793 575 gratiae
1861 509 2254 575 plenitudinem
2327 509 2684 571 conferend0,

1612 596 1732 645 quae
1771 596 1882 630 non
1922 581 2099 631 solum
2148 579 2497 631 sanctificavit
2519 596 2686 631 rnen.-

1612 660 1742 709 tem‚
1779 651 1871 700 sed
1920 651 2080 700 etiam
2150 661 2408 716 ventrem.
2476 652 2686 717 Super-

1609 720 1758 770 venit
1833 722 2001 786 igitur
2056 722 2289 787 Spiritus
2331 723 2580 771 ‘Sanctus
2625 722 2685 772 in

1611 792 1923 857 Virginem,
1999 793 2460 859 quemadmodum
2507 793 2688 845 virtus

1610 863 1742 913 solis
1786 864 2062 914 descendit
2104 880 2267 930 super
2304 879 2483 914 rosam
2522 876 2577 915 et
2609 866 2686 915 li—

1610 933 1766 993 lium,
1803 936 1938 985 dans
1977 936 2087 986 illis
2128 935 2470 1000 concipiendi
2502 937 2686 987 virtu-

1610 1015 1737 1056 tem.
1774 1007 1841 1056 Et
1876 1007 2000 1057 licet
2047 1008 2150 1058 ista
2206 1005 2497 1056 ineffabilis
2545 1022 2687 1057 con-

1609 1079 1782 1143 ceptio
1865 1080 2126 1130 celebrata
2219 1080 2291 1129 sit
2369 1080 2688 1144 operatione

1607 1148 1776 1200 totius
1808 1151 2112 1211 Trinitatis,
2142 1168 2268 1202 cum
2303 1166 2464 1216 opera
2485 1152 2686 1202 Trini-

1609 1220 1734 1271 tatis
1779 1221 1892 1272 sint
1934 1223 2198 1283 indivisa,
2250 1223 2555 1288 specialiter
2594 1235 2686 1274 ta-

1608 1308 1732 1343 men
1779 1294 2155 1359 appropriatur
2209 1294 2312 1344 hoc
2350 1310 2487 1359 opus
2550 1295 2684 1361 Spi-

1608 1362 1736 1416 ritui
1753 1365 1946 1415 Sancto
1971 1376 2189 1431 propter
2213 1366 2394 1431 plures
2418 1365 2684 1418 rationes.

1611 1436 1790 1486 Prima
1819 1446 1917 1497 est,
1955 1437 2255 1486 secundum
2289 1436 2680 1501 Augustinum‚

1608 1519 1823 1574 propter
1874 1507 2243 1558 ostensionem
2312 1509 2495 1574 gratiae
2560 1509 2692 1560 sine

1608 1579 1835 1641 meritiS,
1869 1589 1929 1629 ut
1969 1578 2219 1629 videlicet
2246 1596 2343 1644 per
2380 1581 2499 1640 hoc,
2529 1582 2688 1647 quod

1605 1650 1803 1700 dicitur
1825 1659 2114 1715 conceptus
2136 1651 2202 1700 de
2225 1650 2431 1716 Spiritu
2459 1653 2682 1712 Sancto,

1605 1723 1919 1772 ostendatur
1952 1722 2098 1787 quod
2138 1723 2209 1773 sit
2241 1738 2308 1773 ex
2348 1725 2462 1772 sola
2487 1723 2686 1788 gratia,

1605 1808 1769 1859 quam
1796 1794 1945 1842 nulla
1993 1793 2283 1844 hominum
2321 1795 2513 1845 merita
2553 1811 2685 1859 prae—

1604 1873 1909 1926 cesserunt;
1950 1864 2120 1929 gratia
2155 1875 2334 1915 autem
2363 1865 2690 1916 attribuitur

1603 1935 1828 2000 Spiritui
1893 1937 2105 1986 Sancte.
2178 1937 2333 1987 Unde
2408 1936 2614 1987 Glossa
2665 1955 2685 1988 ε

1605 2025 1632 2052 ε(
1656 2007 1891 2072 Spiritus
1927 2017 2008 2057 est
2036 2023 2238 2057 nomen
2261 2008 2443 2058 omnis
2473 2008 2684 2073 gratiae,

1604 2096 1754 2146 quaea
1787 2082 1900 2131 Deo
1937 2079 2249 2146 inspiratur.
2286 2101 2314 2129 »
2339 2110 2400 2118 —
2432 2082 2685 2133 Secunda

1603 2162 1702 2211 est,
1727 2152 2028 2209 secundum
2068 2153 2427 2213 Ambrosium,
2458 2162 2690 2217 propter

1602 2224 1858 2276 virtutem
1895 2223 2249 2290 operationis3
2296 2225 2429 2291 quia
2473 2224 2687 2277 scilicet

1604 2296 1915 2361 operatione
1955 2306 2006 2346 et
2044 2295 2243 2347 virtute
2269 2296 2504 2362 Spiritus
2553 2297 2688 2346 San·

1604 2369 1675 2418 cti
1699 2379 1989 2434 conceptus
2029 2380 2130 2430 est,
2170 2370 2258 2419 cui
2305 2370 2686 2421 attribuuntur

1603 2456 1764 2506 opera
1787 2440 2084 2490 clementiae
2106 2450 2159 2491 et
2187 2440 2684 2505 pietatis.—Tertia

1603 2521 1703 2572 est,
1728 2512 2026 2561 secundum
2051 2513 2274 2562 Petrum
2312 2511 2688 2562 Lombardum

1604 2584 1924 2650 magistrum
1973 2583 2365 2634 sententiarum
2383 2622 2397 2641 ,
2460 2594 2688 2648 propter

1602 2657 1969 2707 ostensionem
2064 2656 2277 2706 eximiae
2366 2655 2684 2718 charitatiS,

1602 2746 1725 2796 quae
1750 2729 2065 2781 attribuitur
2093 2730 2318 2796 Spiritui
2356 2731 2575 2789 Sancte,
2617 2742 2688 2781 ut

1603 2801 1804 2851 scilicet
1855 2801 2168 2851 ostendatur
2218 2802 2362 2867 quod
2449 2801 2688 2853 Verbum

1602 2874 1697 2923 Dei
1728 2887 1859 2924 caro
1882 2873 2097 2939 sactum
2124 2880 2206 2923 est
2238 2872 2496 2923 ineffabili
2541 2873 2686 2924 cha-

1602 2945 1785 3006 ritate,
1830 2961 1938 3012 qua
1964 2946 2046 2996 sic
2081 2945 2230 2995 Deus
2277 2945 2475 2994 dilexit
2518 2961 2686 2996 mun—

1605 3018 1747 3082 dum,
1798 3026 1856 3069 ut
1908 3019 2112 3069 Filium
2152 3033 2306 3068 suum
2345 3017 2688 3083 unigenitum

1605 3088 1774 3140 daret.

1677 3161 1741 3212 18
1776 3162 2122 3213 Coornnarxo
2144 3177 2338 3211 ‘ro-rms
2357 3161 2689 3213 Tmarrarls

1608 3248 1870 3282 uvsrt-:mo
1904 3233 2327 3282 INcARNATmMS.
2356 3260 2419 3269 —
2445 3232 2524 3281 Et
2559 3232 2690 3281 vir-

1607 3307 1693 3351 tus
1706 3302 1995 3364 Altissimi,
2013 3301 2182 3352 Patris
2205 3302 2420 3361 scilicet,
2433 3302 2690 3352 Verbum

1611 3372 1759 3423 enim
1810 3389 1905 3424 seu
1943 3373 2132 3434 Filius,
2189 3373 2488 3423 secundum
2535 3374 2690 3439 Apo-

1606 3444 1829 3505 stolum,
1853 3443 2051 3494 dicitur
2068 3443 2165 3493 Dei
2190 3443 2359 3493 Patris
2383 3443 2654 3507 sapientia
2663 3460 2690 3508 ;

1603 3520 1656 3564 et
1680 3515 1853 3565 virtus
1883 3514 2156 3565 Altissimi
2191 3513 2526 3564 obumbrabit
2559 3513 2685 3577 tibi,

1604 3583 1662 3633 id
1679 3595 1780 3645 est,
1807 3585 1875 3634 de
1895 3594 1948 3635 te
1985 3600 2179 3650 corpus
2214 3583 2368 3649 quasi
2394 3583 2692 3647 umbram-

1605 3660 1725 3709 lum
1762 3669 2031 3719 assumet,
2067 3658 2126 3708 in
2167 3673 2278 3724 quo
2322 3658 2468 3707 Deus
2517 3659 2690 3723 quasi

1610 3733 1835 3783 hamum
1862 3732 1965 3782 sub
1983 3732 2103 3782 cibo
2132 3746 2191 3781 se
2208 3732 2515 3791 abscondet,
2543 3732 2687 3798 quia

1604 3802 1664 3851 in
1711 3802 1864 3852 beata
1905 3800 2128 3866 Virgine
2181 3801 2284 3851 sub
2332 3801 2534 3851 umbra
2570 3818 2687 3854 car-

1604 3872 1692 3922 nis
1732 3870 1891 3922 latuit
1923 3871 2093 3923 virtus
2135 3871 2367 3922 deitatiS.
2402 3871 2687 3926 Divinitas

1612 3942 1934 3995 obumbrata
1971 3940 2078 3994 fuit
2114 3942 2327 4009 Virgini
2372 3957 2466 4007 per
2500 3958 2685 3998 susce-
