<?xml version="1.0" encoding="UTF-8"?>
<!DOCTYPE html PUBLIC "-//W3C//DTD XHTML 1.0 Transitional//EN"
    "http://www.w3.org/TR/xhtml1/DTD/xhtml1-transitional.dtd">
<html xmlns="http://www.w3.org/1999/xhtml" xml:lang="en" lang="en">
 <head>
  <title>
</title>
<meta http-equiv="Content-Type" content="text/html;charset=utf-8" />
  <meta name='ocr-system' content='tesseract 3.04.00' />
  <meta name='ocr-capabilities' content='ocr_page ocr_carea ocr_par ocr_line ocrx_word'/>
</head>
<body>
  <div class='ocr_page' id='page_1' title='image "./vitajesuchristi00sachgoog/vitajesuchristi00sachgoog_0469.png"; bbox 0 0 2784 4452; ppageno 0'>
   <div class='ocr_carea' id='block_1_1' title="bbox 174 329 2318 3961">
    <p class='ocr_par' dir='ltr' id='par_1_1' title="bbox 491 329 2098 618">
     <span class='ocr_line' id='line_1_1' title="bbox 982 329 1579 381; baseline 0 -1"><span class='ocrx_word' id='word_1_1' title='bbox 982 330 1074 380; x_wconf 89' lang='lat' dir='ltr'>ET</span> <span class='ocrx_word' id='word_1_2' title='bbox 1099 329 1579 381; x_wconf 83' lang='lat' dir='ltr'>NUMERORUM.</span> 
     </span>
     <span class='ocr_line' id='line_1_2' title="bbox 491 551 2098 618; baseline 0.002 -17"><span class='ocrx_word' id='word_1_3' title='bbox 491 551 725 602; x_wconf 87' lang='lat' dir='ltr'><strong>CAPUT</strong></span> <span class='ocrx_word' id='word_1_4' title='bbox 759 552 850 602; x_wconf 91' lang='lat' dir='ltr'>1v.</span> <span class='ocrx_word' id='word_1_5' title='bbox 881 579 940 589; x_wconf 91' lang='lat'>-</span> <span class='ocrx_word' id='word_1_6' title='bbox 967 552 1059 601; x_wconf 87' lang='lat' dir='ltr'>De</span> <span class='ocrx_word' id='word_1_7' title='bbox 1094 551 1429 618; x_wconf 78' lang='lat' dir='ltr'><strong><em>conceptione</em></strong></span> <span class='ocrx_word' id='word_1_8' title='bbox 1453 551 1683 602; x_wconf 83' lang='lat' dir='ltr'>Joanm‘s</span> <span class='ocrx_word' id='word_1_9' title='bbox 1704 553 2098 604; x_wconf 75' lang='lat' dir='ltr'>PraecursoriS.</span> 
     </span>
    </p>

    <p class='ocr_par' dir='ltr' id='par_1_2' title="bbox 217 718 2254 860">
     <span class='ocr_line' id='line_1_3' title="bbox 217 718 2254 789; baseline -0.001 -15"><span class='ocrx_word' id='word_1_10' title='bbox 217 737 235 774; x_wconf 89' lang='lat'>1</span> <span class='ocrx_word' id='word_1_11' title='bbox 269 721 345 773; x_wconf 88' lang='lat' dir='ltr'>De</span> <span class='ocrx_word' id='word_1_12' title='bbox 357 721 611 771; x_wconf 88' lang='lat' dir='ltr'>Zacharia</span> <span class='ocrx_word' id='word_1_13' title='bbox 633 722 982 773; x_wconf 86' lang='lat' dir='ltr'>Praecursoris</span> <span class='ocrx_word' id='word_1_14' title='bbox 998 737 1086 789; x_wconf 88' lang='lat' dir='ltr'>pa·</span> <span class='ocrx_word' id='word_1_15' title='bbox 1387 718 1416 770; x_wconf 85' lang='lat'><strong>5</strong></span> <span class='ocrx_word' id='word_1_16' title='bbox 1452 721 1654 772; x_wconf 83' lang='lat' dir='ltr'>Sensus</span> <span class='ocrx_word' id='word_1_17' title='bbox 1701 721 1919 772; x_wconf 89' lang='lat' dir='ltr'>moralis</span> <span class='ocrx_word' id='word_1_18' title='bbox 1940 721 2254 789; x_wconf 70' lang='lat' dir='ltr'>praemisso-</span> 
     </span>
     <span class='ocr_line' id='line_1_4' title="bbox 242 793 1748 860; baseline -0.003 -16"><span class='ocrx_word' id='word_1_19' title='bbox 242 804 338 845; x_wconf 88' lang='lat' dir='ltr'>tre.</span> <span class='ocrx_word' id='word_1_20' title='bbox 1169 793 1234 844; x_wconf 82' lang='lat'>32</span> <span class='ocrx_word' id='word_1_21' title='bbox 1413 807 1554 841; x_wconf 90' lang='lat' dir='ltr'>rum.</span> <span class='ocrx_word' id='word_1_22' title='bbox 1743 855 1748 860; x_wconf 25' lang='grc' dir='ltr'>ι</span> 
     </span>
    </p>

    <p class='ocr_par' dir='ltr' id='par_1_3' title="bbox 212 860 2254 997">
     <span class='ocr_line' id='line_1_5' title="bbox 212 860 2254 929; baseline -0.002 -13"><span class='ocrx_word' id='word_1_23' title='bbox 212 881 240 916; x_wconf 88' lang='lat'>2</span> <span class='ocrx_word' id='word_1_24' title='bbox 295 867 418 916; x_wconf 90' lang='lat' dir='ltr'>Non</span> <span class='ocrx_word' id='word_1_25' title='bbox 461 865 564 916; x_wconf 90' lang='lat' dir='ltr'>fuit</span> <span class='ocrx_word' id='word_1_26' title='bbox 612 881 861 917; x_wconf 91' lang='lat' dir='ltr'>summus</span> <span class='ocrx_word' id='word_1_27' title='bbox 905 882 1083 918; x_wconf 85' lang='lat' dir='ltr'>sacer·</span> <span class='ocrx_word' id='word_1_28' title='bbox 1380 860 1471 910; x_wconf 83' lang='lat' dir='ltr'>6F</span> <span class='ocrx_word' id='word_1_29' title='bbox 1475 873 1633 913; x_wconf 92' lang='lat' dir='ltr'>utura</span> <span class='ocrx_word' id='word_1_30' title='bbox 1650 862 2132 929; x_wconf 85' lang='lat' dir='ltr'>JoannisBaptistae</span> <span class='ocrx_word' id='word_1_31' title='bbox 2148 877 2254 911; x_wconf 91' lang='lat' dir='ltr'>ma-</span> 
     </span>
     <span class='ocr_line' id='line_1_6' title="bbox 239 932 1654 997; baseline -0.002 -11"><span class='ocrx_word' id='word_1_32' title='bbox 239 936 358 987; x_wconf 80' lang='lat' dir='ltr'>doS.</span> <span class='ocrx_word' id='word_1_33' title='bbox 1170 934 1235 987; x_wconf 84' lang='lat'>33</span> <span class='ocrx_word' id='word_1_34' title='bbox 1412 932 1654 997; x_wconf 90' lang='lat' dir='ltr'>gnitudo.</span> 
     </span>
    </p>

    <p class='ocr_par' dir='ltr' id='par_1_4' title="bbox 174 1003 2257 1143">
     <span class='ocr_line' id='line_1_7' title="bbox 174 1003 2177 1072; baseline -0 -15"><span class='ocrx_word' id='word_1_35' title='bbox 174 1043 182 1049; x_wconf 87' lang='lat'><em>-</em></span> <span class='ocrx_word' id='word_1_36' title='bbox 210 1005 237 1057; x_wconf 88' lang='grc'>3</span> <span class='ocrx_word' id='word_1_37' title='bbox 269 1005 549 1057; x_wconf 85' lang='lat' dir='ltr'>Zacharias</span> <span class='ocrx_word' id='word_1_38' title='bbox 560 1007 692 1072; x_wconf 91' lang='lat' dir='ltr'>quid</span> <span class='ocrx_word' id='word_1_39' title='bbox 708 1006 1084 1072; x_wconf 89' lang='lat' dir='ltr'>interpretetur</span> <span class='ocrx_word' id='word_1_40' title='bbox 1382 1019 1414 1068; x_wconf 92' lang='lat'>7</span> <span class='ocrx_word' id='word_1_41' title='bbox 1444 1003 1728 1054; x_wconf 83' lang='lat' dir='ltr'>Zacharias</span> <span class='ocrx_word' id='word_1_42' title='bbox 1746 1020 1841 1055; x_wconf 90' lang='lat' dir='ltr'>cur</span> <span class='ocrx_word' id='word_1_43' title='bbox 1868 1005 2177 1056; x_wconf 78' lang='lat' dir='ltr'>obmutuit?</span> 
     </span>
     <span class='ocr_line' id='line_1_8' title="bbox 240 1072 2257 1143; baseline 0 -16"><span class='ocrx_word' id='word_1_44' title='bbox 240 1087 292 1129; x_wconf 88' lang='lat' dir='ltr'>et</span> <span class='ocrx_word' id='word_1_45' title='bbox 316 1076 614 1143; x_wconf 83' lang='lat' dir='ltr'>significet?</span> <span class='ocrx_word' id='word_1_46' title='bbox 1168 1075 1230 1127; x_wconf 85' lang='lat'>33</span> <span class='ocrx_word' id='word_1_47' title='bbox 1380 1072 1414 1122; x_wconf 90' lang='lat'>8</span> <span class='ocrx_word' id='word_1_48' title='bbox 1447 1073 1730 1133; x_wconf 86' lang='lat' dir='ltr'>Quomodo</span> <span class='ocrx_word' id='word_1_49' title='bbox 1780 1075 2131 1142; x_wconf 88' lang='lat' dir='ltr'>Evangelicos</span> <span class='ocrx_word' id='word_1_50' title='bbox 2179 1092 2257 1127; x_wconf 90' lang='lat' dir='ltr'>sa-</span> 
     </span>
    </p>

    <p class='ocr_par' dir='ltr' id='par_1_5' title="bbox 206 1145 2122 1286">
     <span class='ocr_line' id='line_1_9' title="bbox 206 1145 1966 1214; baseline -0.001 -15"><span class='ocrx_word' id='word_1_51' title='bbox 206 1166 243 1213; x_wconf 89' lang='lat'>4</span> <span class='ocrx_word' id='word_1_52' title='bbox 271 1147 551 1214; x_wconf 88' lang='lat' dir='ltr'>Apparitio</span> <span class='ocrx_word' id='word_1_53' title='bbox 564 1156 615 1199; x_wconf 91' lang='lat' dir='ltr'>et</span> <span class='ocrx_word' id='word_1_54' title='bbox 633 1147 965 1214; x_wconf 88' lang='lat' dir='ltr'>colloquium</span> <span class='ocrx_word' id='word_1_55' title='bbox 978 1149 1081 1199; x_wconf 84' lang='lat' dir='ltr'>An·</span> <span class='ocrx_word' id='word_1_56' title='bbox 1413 1145 1656 1196; x_wconf 84' lang='lat' dir='ltr'>cerdotes&#39;</span> <span class='ocrx_word' id='word_1_57' title='bbox 1670 1146 1966 1198; x_wconf 74' lang='lat' dir='ltr'>admonet?</span> 
     </span>
     <span class='ocr_line' id='line_1_10' title="bbox 241 1216 2122 1286; baseline 0.001 -16"><span class='ocrx_word' id='word_1_58' title='bbox 241 1220 365 1286; x_wconf 88' lang='lat' dir='ltr'>geli.</span> <span class='ocrx_word' id='word_1_59' title='bbox 1167 1216 1232 1268; x_wconf 85' lang='lat'>33</span> <span class='ocrx_word' id='word_1_60' title='bbox 1379 1234 1413 1284; x_wconf 85' lang='lat'>9</span> <span class='ocrx_word' id='word_1_61' title='bbox 1447 1219 1800 1270; x_wconf 86' lang='lat' dir='ltr'>Praecursoris</span> <span class='ocrx_word' id='word_1_62' title='bbox 1829 1220 2122 1286; x_wconf 89' lang='lat' dir='ltr'>conceptio.</span> 
     </span>
    </p>

    <p class='ocr_par' dir='ltr' id='par_1_6' title="bbox 676 1440 1997 1507">
     <span class='ocr_line' id='line_1_11' title="bbox 676 1440 1997 1507; baseline -0.002 -15"><span class='ocrx_word' id='word_1_63' title='bbox 676 1441 912 1492; x_wconf 83' lang='lat' dir='ltr'>CAPUT</span> <span class='ocrx_word' id='word_1_64' title='bbox 937 1442 1004 1492; x_wconf 86' lang='lat' dir='ltr'>V.</span> <span class='ocrx_word' id='word_1_65' title='bbox 1037 1469 1097 1480; x_wconf 89' lang='lat'>-</span> <span class='ocrx_word' id='word_1_66' title='bbox 1125 1441 1210 1491; x_wconf 91' lang='lat' dir='ltr'>De</span> <span class='ocrx_word' id='word_1_67' title='bbox 1227 1441 1563 1507; x_wconf 78' lang='lat' dir='ltr'>conceptione</span> <span class='ocrx_word' id='word_1_68' title='bbox 1579 1440 1910 1492; x_wconf 72' lang='lat' dir='ltr'>salvatoris.</span> <span class='ocrx_word' id='word_1_69' title='bbox 1992 1451 1997 1455; x_wconf 84' lang='lat'><strong>·</strong></span> 
     </span>
    </p>

    <p class='ocr_par' dir='ltr' id='par_1_7' title="bbox 220 1617 2259 1755">
     <span class='ocr_line' id='line_1_12' title="bbox 220 1617 2259 1686; baseline 0 -18"><span class='ocrx_word' id='word_1_70' title='bbox 220 1634 239 1668; x_wconf 92' lang='lat'>1</span> <span class='ocrx_word' id='word_1_71' title='bbox 275 1617 505 1668; x_wconf 85' lang='lat' dir='ltr'>Mittitur</span> <span class='ocrx_word' id='word_1_72' title='bbox 544 1619 610 1669; x_wconf 90' lang='lat' dir='ltr'>ad</span> <span class='ocrx_word' id='word_1_73' title='bbox 649 1618 930 1685; x_wconf 87' lang='lat' dir='ltr'>Virginem</span> <span class='ocrx_word' id='word_1_74' title='bbox 959 1617 1078 1668; x_wconf 83' lang='lat' dir='ltr'>Ma-</span> <span class='ocrx_word' id='word_1_75' title='bbox 1414 1633 1552 1684; x_wconf 89' lang='lat' dir='ltr'>opus</span> <span class='ocrx_word' id='word_1_76' title='bbox 1570 1617 1798 1684; x_wconf 88' lang='lat' dir='ltr'>Spiritui</span> <span class='ocrx_word' id='word_1_77' title='bbox 1823 1619 2013 1669; x_wconf 91' lang='lat' dir='ltr'>Sancto</span> <span class='ocrx_word' id='word_1_78' title='bbox 2039 1618 2259 1686; x_wconf 87' lang='lat' dir='ltr'>attribu·</span> 
     </span>
     <span class='ocr_line' id='line_1_13' title="bbox 240 1686 1565 1755; baseline 0.001 -16"><span class='ocrx_word' id='word_1_79' title='bbox 240 1690 375 1740; x_wconf 92' lang='lat' dir='ltr'>riam</span> <span class='ocrx_word' id='word_1_80' title='bbox 407 1690 622 1741; x_wconf 87' lang='lat' dir='ltr'>Gabriel</span> <span class='ocrx_word' id='word_1_81' title='bbox 649 1690 1018 1755; x_wconf 84' lang='lat' dir='ltr'>archangelus.</span> <span class='ocrx_word' id='word_1_82' title='bbox 1168 1686 1234 1753; x_wconf 89' lang='lat'>37</span> <span class='ocrx_word' id='word_1_83' title='bbox 1414 1689 1565 1741; x_wconf 82' lang='lat' dir='ltr'>tum?</span> 
     </span>
    </p>

    <p class='ocr_par' dir='ltr' id='par_1_8' title="bbox 210 1759 2255 1901">
     <span class='ocr_line' id='line_1_14' title="bbox 210 1759 2255 1828; baseline 0 -18"><span class='ocrx_word' id='word_1_84' title='bbox 210 1777 239 1810; x_wconf 80' lang='lat'><em>2</em></span> <span class='ocrx_word' id='word_1_85' title='bbox 264 1761 483 1811; x_wconf 85' lang='lat' dir='ltr'>Galilaea</span> <span class='ocrx_word' id='word_1_86' title='bbox 503 1772 553 1811; x_wconf 89' lang='lat' dir='ltr'>et</span> <span class='ocrx_word' id='word_1_87' title='bbox 570 1761 829 1812; x_wconf 87' lang='lat' dir='ltr'>Nazareth</span> <span class='ocrx_word' id='word_1_88' title='bbox 847 1760 979 1827; x_wconf 90' lang='lat' dir='ltr'>quid</span> <span class='ocrx_word' id='word_1_89' title='bbox 1000 1759 1077 1810; x_wconf 91' lang='lat' dir='ltr'>in·</span> <span class='ocrx_word' id='word_1_90' title='bbox 1358 1761 1420 1812; x_wconf 91' lang='lat'>18</span> <span class='ocrx_word' id='word_1_91' title='bbox 1452 1761 1772 1828; x_wconf 90' lang='lat' dir='ltr'>Cooperatio</span> <span class='ocrx_word' id='word_1_92' title='bbox 1790 1760 1956 1811; x_wconf 92' lang='lat' dir='ltr'>totius</span> <span class='ocrx_word' id='word_1_93' title='bbox 1975 1761 2255 1812; x_wconf 89' lang='lat' dir='ltr'>Trinitatis</span> 
     </span>
     <span class='ocr_line' id='line_1_15' title="bbox 237 1828 2104 1901; baseline 0 -18"><span class='ocrx_word' id='word_1_94' title='bbox 237 1832 635 1898; x_wconf 84' lang='lat' dir='ltr'>terpretentur?</span> <span class='ocrx_word' id='word_1_95' title='bbox 1166 1828 1235 1897; x_wconf 89' lang='lat'>37</span> <span class='ocrx_word' id='word_1_96' title='bbox 1413 1833 1668 1901; x_wconf 89' lang='lat' dir='ltr'>mysterio</span> <span class='ocrx_word' id='word_1_97' title='bbox 1699 1833 2104 1885; x_wconf 81' lang='lat' dir='ltr'>IncarnationiS.</span> 
     </span>
    </p>

    <p class='ocr_par' dir='ltr' id='par_1_9' title="bbox 211 1901 2253 2025">
     <span class='ocr_line' id='line_1_16' title="bbox 211 1901 2253 1972; baseline 0 -20"><span class='ocrx_word' id='word_1_98' title='bbox 211 1901 238 1952; x_wconf 83' lang='lat'>3</span> <span class='ocrx_word' id='word_1_99' title='bbox 273 1903 385 1954; x_wconf 91' lang='lat' dir='ltr'>Cur</span> <span class='ocrx_word' id='word_1_100' title='bbox 404 1902 703 1969; x_wconf 81' lang='lat' dir='ltr'>devirgine</span> <span class='ocrx_word' id='word_1_101' title='bbox 727 1903 976 1964; x_wconf 65' lang='lat' dir='ltr'>Christus</span> <span class='ocrx_word' id='word_1_102' title='bbox 998 1918 1087 1953; x_wconf 91' lang='lat' dir='ltr'>na·</span> <span class='ocrx_word' id='word_1_103' title='bbox 1357 1921 1420 1972; x_wconf 80' lang='lat'>19</span> <span class='ocrx_word' id='word_1_104' title='bbox 1455 1905 1706 1956; x_wconf 85' lang='lat' dir='ltr'>Christus</span> <span class='ocrx_word' id='word_1_105' title='bbox 1746 1914 1886 1954; x_wconf 88' lang='lat' dir='ltr'>recte</span> <span class='ocrx_word' id='word_1_106' title='bbox 1932 1905 2156 1954; x_wconf 86' lang='lat' dir='ltr'>Sanctus</span> <span class='ocrx_word' id='word_1_107' title='bbox 2202 1913 2253 1953; x_wconf 89' lang='lat' dir='ltr'>et</span> 
     </span>
     <span class='ocr_line' id='line_1_17' title="bbox 241 1969 1966 2025; baseline 0 -1"><span class='ocrx_word' id='word_1_108' title='bbox 241 1973 316 2024; x_wconf 88' lang='lat' dir='ltr'>sci</span> <span class='ocrx_word' id='word_1_109' title='bbox 343 1972 546 2023; x_wconf 80' lang='lat' dir='ltr'>voluit?</span> <span class='ocrx_word' id='word_1_110' title='bbox 1153 1969 1237 2021; x_wconf 74' lang='grc'>’38</span> <span class='ocrx_word' id='word_1_111' title='bbox 1413 1975 1586 2025; x_wconf 88' lang='lat' dir='ltr'>Filius</span> <span class='ocrx_word' id='word_1_112' title='bbox 1610 1972 1709 2024; x_wconf 89' lang='lat' dir='ltr'>Dei</span> <span class='ocrx_word' id='word_1_113' title='bbox 1730 1982 1966 2024; x_wconf 78' lang='lat' dir='ltr'>vocatur.</span> 
     </span>
    </p>

    <p class='ocr_par' dir='ltr' id='par_1_10' title="bbox 208 2042 2318 2254">
     <span class='ocr_line' id='line_1_18' title="bbox 208 2042 2318 2110; baseline 0 -16"><span class='ocrx_word' id='word_1_114' title='bbox 208 2063 245 2110; x_wconf 88' lang='lat'>4</span> <span class='ocrx_word' id='word_1_115' title='bbox 268 2044 827 2109; x_wconf 86' lang='lat' dir='ltr'>Primainterpretatio</span> <span class='ocrx_word' id='word_1_116' title='bbox 842 2044 1082 2094; x_wconf 89' lang='lat' dir='ltr'>nominis</span> <span class='ocrx_word' id='word_1_117' title='bbox 1350 2060 1418 2095; x_wconf 87' lang='lat'>20</span> <span class='ocrx_word' id='word_1_118' title='bbox 1448 2045 1712 2110; x_wconf 82' lang='lat' dir='ltr'>Exemplo</span> <span class='ocrx_word' id='word_1_119' title='bbox 1750 2042 2022 2093; x_wconf 90' lang='lat' dir='ltr'>Elizabeth</span> <span class='ocrx_word' id='word_1_120' title='bbox 2053 2042 2251 2108; x_wconf 83' lang='lat' dir='ltr'>proba·</span> <span class='ocrx_word' id='word_1_121' title='bbox 2311 2085 2318 2094; x_wconf 96' lang='lat'>.</span> 
     </span>
     <span class='ocr_line' id='line_1_19' title="bbox 243 2111 2252 2180; baseline -0.002 -12"><span class='ocrx_word' id='word_1_122' title='bbox 243 2118 422 2168; x_wconf 85' lang='lat' dir='ltr'>Mariae</span> <span class='ocrx_word' id='word_1_123' title='bbox 452 2134 464 2167; x_wconf 93' lang='lat'><strong>:</strong></span> <span class='ocrx_word' id='word_1_124' title='bbox 491 2118 642 2168; x_wconf 89' lang='lat' dir='ltr'>stella</span> <span class='ocrx_word' id='word_1_125' title='bbox 664 2116 828 2167; x_wconf 88' lang='lat' dir='ltr'>maris</span> <span class='ocrx_word' id='word_1_126' title='bbox 849 2116 930 2168; x_wconf 90' lang='lat' dir='ltr'>vel</span> <span class='ocrx_word' id='word_1_127' title='bbox 953 2116 1084 2167; x_wconf 89' lang='lat' dir='ltr'>illu·</span> <span class='ocrx_word' id='word_1_128' title='bbox 1413 2124 1501 2164; x_wconf 90' lang='lat' dir='ltr'>tur</span> <span class='ocrx_word' id='word_1_129' title='bbox 1518 2115 1593 2164; x_wconf 92' lang='lat' dir='ltr'>nil</span> <span class='ocrx_word' id='word_1_130' title='bbox 1619 2129 1736 2164; x_wconf 91' lang='lat' dir='ltr'>esse</span> <span class='ocrx_word' id='word_1_131' title='bbox 1763 2111 2097 2180; x_wconf 82' lang='lat' dir='ltr'>impossibile</span> <span class='ocrx_word' id='word_1_132' title='bbox 2111 2114 2252 2179; x_wconf 90' lang='lat' dir='ltr'>apud</span> 
     </span>
     <span class='ocr_line' id='line_1_20' title="bbox 243 2184 1602 2254; baseline -0.003 -14"><span class='ocrx_word' id='word_1_133' title='bbox 243 2189 517 2240; x_wconf 87' lang='lat' dir='ltr'>minatrix.</span> <span class='ocrx_word' id='word_1_134' title='bbox 1171 2184 1238 2254; x_wconf 86' lang='lat'>39</span> <span class='ocrx_word' id='word_1_135' title='bbox 1335 2249 1339 2254; x_wconf 22' lang='grc' dir='ltr'>Ι</span> <span class='ocrx_word' id='word_1_136' title='bbox 1410 2185 1602 2236; x_wconf 89' lang='lat' dir='ltr'>Deum.</span> 
     </span>
    </p>

    <p class='ocr_par' dir='ltr' id='par_1_11' title="bbox 215 2255 2250 2397">
     <span class='ocr_line' id='line_1_21' title="bbox 215 2255 2250 2326; baseline -0.003 -14"><span class='ocrx_word' id='word_1_137' title='bbox 215 2260 1080 2326; x_wconf 72' lang='lat' dir='ltr'>5Secundainterpretatiozmare</span> <span class='ocrx_word' id='word_1_138' title='bbox 1349 2271 1412 2307; x_wconf 86' lang='lat'>21</span> <span class='ocrx_word' id='word_1_139' title='bbox 1458 2255 1795 2322; x_wconf 84' lang='lat' dir='ltr'>Exspectatio</span> <span class='ocrx_word' id='word_1_140' title='bbox 1850 2269 2103 2306; x_wconf 86' lang='lat' dir='ltr'>assensus</span> <span class='ocrx_word' id='word_1_141' title='bbox 2132 2255 2250 2305; x_wconf 85' lang='lat' dir='ltr'>Ma-</span> 
     </span>
     <span class='ocr_line' id='line_1_22' title="bbox 242 2327 1522 2397; baseline -0.003 -15"><span class='ocrx_word' id='word_1_142' title='bbox 242 2347 505 2383; x_wconf 88' lang='lat' dir='ltr'>amarum.</span> <span class='ocrx_word' id='word_1_143' title='bbox 1171 2327 1239 2397; x_wconf 88' lang='lat'>39</span> <span class='ocrx_word' id='word_1_144' title='bbox 1411 2328 1522 2379; x_wconf 86' lang='lat' dir='ltr'>riae.</span> 
     </span>
    </p>

    <p class='ocr_par' dir='ltr' id='par_1_12' title="bbox 210 2400 2248 2535">
     <span class='ocr_line' id='line_1_23' title="bbox 210 2400 2248 2469; baseline -0.002 -13"><span class='ocrx_word' id='word_1_145' title='bbox 210 2404 245 2456; x_wconf 84' lang='lat'><strong>6</strong></span> <span class='ocrx_word' id='word_1_146' title='bbox 272 2404 456 2455; x_wconf 85' lang='lat' dir='ltr'>Tertia</span> <span class='ocrx_word' id='word_1_147' title='bbox 513 2401 883 2469; x_wconf 80' lang='lat' dir='ltr'>interpretatio</span> <span class='ocrx_word' id='word_1_148' title='bbox 913 2418 927 2451; x_wconf 91' lang='lat'>:</span> <span class='ocrx_word' id='word_1_149' title='bbox 978 2401 1084 2451; x_wconf 87' lang='lat' dir='ltr'>do·</span> <span class='ocrx_word' id='word_1_150' title='bbox 1348 2417 1416 2451; x_wconf 87' lang='lat'>22</span> <span class='ocrx_word' id='word_1_151' title='bbox 1469 2400 1791 2452; x_wconf 89' lang='lat' dir='ltr'>Obedientia</span> <span class='ocrx_word' id='word_1_152' title='bbox 1842 2410 1895 2451; x_wconf 91' lang='lat' dir='ltr'>et</span> <span class='ocrx_word' id='word_1_153' title='bbox 1966 2400 2248 2451; x_wconf 86' lang='lat' dir='ltr'>humilitas</span> 
     </span>
     <span class='ocr_line' id='line_1_24' title="bbox 242 2472 1608 2535; baseline -0.002 -10"><span class='ocrx_word' id='word_1_154' title='bbox 242 2476 405 2526; x_wconf 89' lang='lat' dir='ltr'>mina.</span> <span class='ocrx_word' id='word_1_155' title='bbox 1167 2485 1237 2535; x_wconf 91' lang='lat'>40</span> <span class='ocrx_word' id='word_1_156' title='bbox 1281 2527 1282 2530; x_wconf 8' lang='grc' dir='ltr'><strong>Ἴ</strong></span> <span class='ocrx_word' id='word_1_157' title='bbox 1410 2472 1608 2523; x_wconf 84' lang='lat' dir='ltr'>Mariae.</span> 
     </span>
    </p>

    <p class='ocr_par' dir='ltr' id='par_1_13' title="bbox 211 2541 2247 2680">
     <span class='ocr_line' id='line_1_25' title="bbox 211 2541 2247 2612; baseline -0 -18"><span class='ocrx_word' id='word_1_158' title='bbox 211 2563 243 2612; x_wconf 86' lang='lat'>7</span> <span class='ocrx_word' id='word_1_159' title='bbox 274 2544 489 2595; x_wconf 89' lang='lat' dir='ltr'>Gabriel</span> <span class='ocrx_word' id='word_1_160' title='bbox 519 2541 980 2610; x_wconf 82' lang='lat' dir='ltr'>qualiterMariam</span> <span class='ocrx_word' id='word_1_161' title='bbox 1006 2541 1085 2591; x_wconf 87' lang='lat' dir='ltr'>in·</span> <span class='ocrx_word' id='word_1_162' title='bbox 1347 2542 1414 2594; x_wconf 84' lang='lat'>23</span> <span class='ocrx_word' id='word_1_163' title='bbox 1447 2544 1551 2594; x_wconf 84' lang='lat' dir='ltr'>Sex</span> <span class='ocrx_word' id='word_1_164' title='bbox 1579 2542 1739 2593; x_wconf 88' lang='lat' dir='ltr'>verba</span> <span class='ocrx_word' id='word_1_165' title='bbox 1764 2542 1831 2592; x_wconf 92' lang='lat' dir='ltr'>ab</span> <span class='ocrx_word' id='word_1_166' title='bbox 1884 2542 1999 2609; x_wconf 90' lang='lat' dir='ltr'>ipsa</span> <span class='ocrx_word' id='word_1_167' title='bbox 2025 2543 2247 2609; x_wconf 89' lang='lat' dir='ltr'>prolata,</span> 
     </span>
     <span class='ocr_line' id='line_1_26' title="bbox 239 2613 2098 2680; baseline -0.001 -15"><span class='ocrx_word' id='word_1_168' title='bbox 239 2613 478 2666; x_wconf 82' lang='lat' dir='ltr'>venerit?</span> <span class='ocrx_word' id='word_1_169' title='bbox 1163 2625 1236 2676; x_wconf 85' lang='grc' dir='ltr'>4ο</span> <span class='ocrx_word' id='word_1_170' title='bbox 1409 2615 1539 2664; x_wconf 89' lang='lat' dir='ltr'>dum</span> <span class='ocrx_word' id='word_1_171' title='bbox 1568 2630 1849 2664; x_wconf 86' lang='lat' dir='ltr'>assensum</span> <span class='ocrx_word' id='word_1_172' title='bbox 1879 2613 2098 2680; x_wconf 86' lang='lat' dir='ltr'>praebet.</span> 
     </span>
    </p>

    <p class='ocr_par' dir='ltr' id='par_1_14' title="bbox 204 2681 2153 2825">
     <span class='ocr_line' id='line_1_27' title="bbox 204 2681 2122 2751; baseline 0.001 -15"><span class='ocrx_word' id='word_1_173' title='bbox 204 2685 239 2736; x_wconf 88' lang='grc'><strong>8</strong></span> <span class='ocrx_word' id='word_1_174' title='bbox 272 2685 438 2736; x_wconf 83' lang='lat' dir='ltr'>Maria</span> <span class='ocrx_word' id='word_1_175' title='bbox 468 2684 745 2751; x_wconf 88' lang='lat' dir='ltr'>quomodo</span> <span class='ocrx_word' id='word_1_176' title='bbox 771 2681 940 2749; x_wconf 87' lang='lat' dir='ltr'>gratia</span> <span class='ocrx_word' id='word_1_177' title='bbox 963 2681 1082 2747; x_wconf 83' lang='lat' dir='ltr'>ple·</span> <span class='ocrx_word' id='word_1_178' title='bbox 1347 2702 1418 2751; x_wconf 83' lang='lat'>24</span> <span class='ocrx_word' id='word_1_179' title='bbox 1446 2686 1570 2737; x_wconf 86' lang='lat' dir='ltr'>Filii</span> <span class='ocrx_word' id='word_1_180' title='bbox 1600 2687 1695 2736; x_wconf 90' lang='lat' dir='ltr'>Dei</span> <span class='ocrx_word' id='word_1_181' title='bbox 1721 2685 1782 2736; x_wconf 89' lang='lat' dir='ltr'>fit</span> <span class='ocrx_word' id='word_1_182' title='bbox 1809 2686 2122 2737; x_wconf 86' lang='lat' dir='ltr'>Incarnati0.</span> 
     </span>
     <span class='ocr_line' id='line_1_28' title="bbox 240 2758 2153 2825; baseline 0 -16"><span class='ocrx_word' id='word_1_183' title='bbox 240 2758 345 2809; x_wconf 85' lang='lat' dir='ltr'>na?</span> <span class='ocrx_word' id='word_1_184' title='bbox 1160 2769 1225 2819; x_wconf 86' lang='lat'>41</span> <span class='ocrx_word' id='word_1_185' title='bbox 1348 2758 1414 2808; x_wconf 86' lang='lat'>25</span> <span class='ocrx_word' id='word_1_186' title='bbox 1451 2760 1511 2809; x_wconf 85' lang='lat' dir='ltr'>In</span> <span class='ocrx_word' id='word_1_187' title='bbox 1545 2759 1763 2809; x_wconf 89' lang='lat' dir='ltr'>Christo</span> <span class='ocrx_word' id='word_1_188' title='bbox 1790 2758 1983 2825; x_wconf 88' lang='lat' dir='ltr'>triplex</span> <span class='ocrx_word' id='word_1_189' title='bbox 2003 2759 2153 2810; x_wconf 74' lang='lat' dir='ltr'>unio,</span> 
     </span>
    </p>

    <p class='ocr_par' dir='ltr' id='par_1_15' title="bbox 206 2827 2248 2900">
     <span class='ocr_line' id='line_1_29' title="bbox 206 2827 2248 2900; baseline -0.001 -18"><span class='ocrx_word' id='word_1_190' title='bbox 206 2849 241 2900; x_wconf 81' lang='lat'><strong>9</strong></span> <span class='ocrx_word' id='word_1_191' title='bbox 269 2831 538 2882; x_wconf 88' lang='lat' dir='ltr'>Dominus</span> <span class='ocrx_word' id='word_1_192' title='bbox 568 2846 691 2881; x_wconf 93' lang='lat' dir='ltr'>cum</span> <span class='ocrx_word' id='word_1_193' title='bbox 714 2829 897 2880; x_wconf 84' lang='lat' dir='ltr'>Maria.</span> <span class='ocrx_word' id='word_1_194' title='bbox 1161 2842 1226 2891; x_wconf 86' lang='lat'>41</span> <span class='ocrx_word' id='word_1_195' title='bbox 1344 2827 1416 2878; x_wconf 85' lang='lat'>26</span> <span class='ocrx_word' id='word_1_196' title='bbox 1456 2830 1536 2880; x_wconf 90' lang='lat' dir='ltr'>Pii</span> <span class='ocrx_word' id='word_1_197' title='bbox 1567 2845 1757 2880; x_wconf 89' lang='lat' dir='ltr'>sensus</span> <span class='ocrx_word' id='word_1_198' title='bbox 1780 2829 1976 2880; x_wconf 86' lang='lat' dir='ltr'>animae</span> <span class='ocrx_word' id='word_1_199' title='bbox 2005 2830 2248 2879; x_wconf 81' lang='lat' dir='ltr'>incarna-</span> 
     </span>
    </p>

    <p class='ocr_par' dir='ltr' id='par_1_16' title="bbox 181 2898 2247 3040">
     <span class='ocr_line' id='line_1_30' title="bbox 181 2898 2189 2964; baseline -0.001 -11"><span class='ocrx_word' id='word_1_200' title='bbox 181 2918 245 2953; x_wconf 89' lang='lat'>10</span> <span class='ocrx_word' id='word_1_201' title='bbox 299 2903 584 2963; x_wconf 89' lang='lat' dir='ltr'>Quomodo</span> <span class='ocrx_word' id='word_1_202' title='bbox 646 2899 812 2950; x_wconf 84' lang='lat' dir='ltr'>Maria</span> <span class='ocrx_word' id='word_1_203' title='bbox 872 2898 1082 2950; x_wconf 89' lang='lat' dir='ltr'>turbata</span> <span class='ocrx_word' id='word_1_204' title='bbox 1405 2900 1607 2952; x_wconf 89' lang='lat' dir='ltr'>tionem</span> <span class='ocrx_word' id='word_1_205' title='bbox 1637 2899 1840 2964; x_wconf 74' lang='lat' dir='ltr'>Christi</span> <span class='ocrx_word' id='word_1_206' title='bbox 1865 2900 2189 2951; x_wconf 76' lang='lat' dir='ltr'>meditantis·</span> 
     </span>
     <span class='ocr_line' id='line_1_31' title="bbox 237 2971 2247 3040; baseline 0.001 -18"><span class='ocrx_word' id='word_1_207' title='bbox 237 2971 383 3022; x_wconf 78' lang='lat' dir='ltr'>fuit?</span> <span class='ocrx_word' id='word_1_208' title='bbox 1160 2982 1230 3033; x_wconf 84' lang='lat'>42</span> <span class='ocrx_word' id='word_1_209' title='bbox 1345 2989 1415 3040; x_wconf 79' lang='lat'>27</span> <span class='ocrx_word' id='word_1_210' title='bbox 1444 2975 1609 3024; x_wconf 90' lang='lat' dir='ltr'>Maria</span> <span class='ocrx_word' id='word_1_211' title='bbox 1653 2972 1956 3040; x_wconf 86' lang='lat' dir='ltr'>frequenter</span> <span class='ocrx_word' id='word_1_212' title='bbox 1995 2974 2247 3040; x_wconf 75' lang='lat' dir='ltr'>Angelica</span> 
     </span>
    </p>

    <p class='ocr_par' dir='ltr' id='par_1_17' title="bbox 183 3037 2046 3106">
     <span class='ocr_line' id='line_1_32' title="bbox 183 3037 2046 3106; baseline -0.005 -4"><span class='ocrx_word' id='word_1_213' title='bbox 183 3058 238 3094; x_wconf 87' lang='lat'>11</span> <span class='ocrx_word' id='word_1_214' title='bbox 272 3042 396 3102; x_wconf 81' lang='lat' dir='ltr'>QUO</span> <span class='ocrx_word' id='word_1_215' title='bbox 448 3055 614 3091; x_wconf 71' lang='lat' dir='ltr'>sensu</span> <span class='ocrx_word' id='word_1_216' title='bbox 663 3038 888 3106; x_wconf 70' lang='lat' dir='ltr'>gratiam</span> <span class='ocrx_word' id='word_1_217' title='bbox 941 3037 1080 3104; x_wconf 68' lang='lat' dir='ltr'>apud</span> <span class='ocrx_word' id='word_1_218' title='bbox 1407 3044 1727 3095; x_wconf 90' lang='lat' dir='ltr'>salutatione</span> <span class='ocrx_word' id='word_1_219' title='bbox 1751 3044 2046 3095; x_wconf 88' lang='lat' dir='ltr'>salutanda.</span> 
     </span>
    </p>

    <p class='ocr_par' dir='ltr' id='par_1_18' title="bbox 199 3105 2246 3174">
     <span class='ocr_line' id='line_1_33' title="bbox 199 3105 2246 3174; baseline 0.002 -14"><span class='ocrx_word' id='word_1_220' title='bbox 199 3151 208 3160; x_wconf 83' lang='grc'><strong><em>,</em></strong></span> <span class='ocrx_word' id='word_1_221' title='bbox 240 3114 412 3164; x_wconf 88' lang='lat' dir='ltr'>Deum</span> <span class='ocrx_word' id='word_1_222' title='bbox 442 3109 689 3161; x_wconf 80' lang='lat' dir='ltr'>invenit?</span> <span class='ocrx_word' id='word_1_223' title='bbox 1162 3105 1229 3174; x_wconf 83' lang='lat'>43</span> <span class='ocrx_word' id='word_1_224' title='bbox 1345 3115 1414 3166; x_wconf 82' lang='lat'>28</span> <span class='ocrx_word' id='word_1_225' title='bbox 1449 3116 1720 3166; x_wconf 90' lang='lat' dir='ltr'>Moraliter</span> <span class='ocrx_word' id='word_1_226' title='bbox 1771 3131 1863 3166; x_wconf 89' lang='lat' dir='ltr'>sex</span> <span class='ocrx_word' id='word_1_227' title='bbox 1914 3116 2246 3166; x_wconf 89' lang='lat' dir='ltr'>conditiones</span> 
     </span>
    </p>

    <p class='ocr_par' dir='ltr' id='par_1_19' title="bbox 182 3182 2246 3320">
     <span class='ocr_line' id='line_1_34' title="bbox 182 3182 2246 3251; baseline -0.001 -12"><span class='ocrx_word' id='word_1_228' title='bbox 182 3202 244 3236; x_wconf 82' lang='lat'>12</span> <span class='ocrx_word' id='word_1_229' title='bbox 303 3188 514 3237; x_wconf 87' lang='lat' dir='ltr'>Nomen</span> <span class='ocrx_word' id='word_1_230' title='bbox 572 3184 697 3234; x_wconf 84' lang='lat' dir='ltr'>Jesu</span> <span class='ocrx_word' id='word_1_231' title='bbox 752 3182 1079 3249; x_wconf 76' lang='lat' dir='ltr'>interpreta-</span> <span class='ocrx_word' id='word_1_232' title='bbox 1406 3187 1599 3239; x_wconf 89' lang='lat' dir='ltr'>animae</span> <span class='ocrx_word' id='word_1_233' title='bbox 1640 3185 1921 3239; x_wconf 88' lang='lat' dir='ltr'>Christum</span> <span class='ocrx_word' id='word_1_234' title='bbox 1970 3186 2246 3251; x_wconf 89' lang='lat' dir='ltr'>concipere</span> 
     </span>
     <span class='ocr_line' id='line_1_35' title="bbox 235 3260 1676 3320; baseline 0 -9"><span class='ocrx_word' id='word_1_235' title='bbox 235 3267 340 3311; x_wconf 88' lang='lat' dir='ltr'>tur.</span> <span class='ocrx_word' id='word_1_236' title='bbox 1162 3269 1236 3320; x_wconf 89' lang='lat'>44</span> <span class='ocrx_word' id='word_1_237' title='bbox 1405 3260 1676 3311; x_wconf 80' lang='lat' dir='ltr'>volentis,-</span> 
     </span>
    </p>

    <p class='ocr_par' dir='ltr' id='par_1_20' title="bbox 182 3324 2248 3466">
     <span class='ocr_line' id='line_1_36' title="bbox 182 3324 2248 3399; baseline -0.004 -10"><span class='ocrx_word' id='word_1_238' title='bbox 182 3328 242 3380; x_wconf 87' lang='lat'>13</span> <span class='ocrx_word' id='word_1_239' title='bbox 272 3328 562 3389; x_wconf 88' lang='lat' dir='ltr'>Quomodo</span> <span class='ocrx_word' id='word_1_240' title='bbox 582 3327 736 3378; x_wconf 83' lang='lat' dir='ltr'>Jesus</span> <span class='ocrx_word' id='word_1_241' title='bbox 758 3324 957 3376; x_wconf 85' lang='lat' dir='ltr'>dicitur</span> <span class='ocrx_word' id='word_1_242' title='bbox 975 3339 1081 3375; x_wconf 85' lang='lat' dir='ltr'>ma·</span> <span class='ocrx_word' id='word_1_243' title='bbox 1345 3346 1416 3399; x_wconf 88' lang='lat'>29</span> <span class='ocrx_word' id='word_1_244' title='bbox 1447 3330 1734 3397; x_wconf 82' lang='lat' dir='ltr'>Speciatim</span> <span class='ocrx_word' id='word_1_245' title='bbox 1768 3331 1967 3383; x_wconf 83' lang='lat' dir='ltr'>mentis</span> <span class='ocrx_word' id='word_1_246' title='bbox 2006 3328 2248 3395; x_wconf 80' lang='lat' dir='ltr'>virgina-</span> 
     </span>
     <span class='ocr_line' id='line_1_37' title="bbox 237 3399 1812 3466; baseline 0.003 -17"><span class='ocrx_word' id='word_1_247' title='bbox 237 3399 407 3466; x_wconf 83' lang='lat' dir='ltr'>gnus?</span> <span class='ocrx_word' id='word_1_248' title='bbox 1161 3411 1236 3463; x_wconf 87' lang='lat'>44</span> <span class='ocrx_word' id='word_1_249' title='bbox 1406 3402 1474 3452; x_wconf 92' lang='lat' dir='ltr'>lis</span> <span class='ocrx_word' id='word_1_250' title='bbox 1511 3402 1812 3453; x_wconf 85' lang='lat' dir='ltr'>necessitas.</span> 
     </span>
    </p>

    <p class='ocr_par' dir='ltr' id='par_1_21' title="bbox 181 3464 2245 3602">
     <span class='ocr_line' id='line_1_38' title="bbox 181 3464 2245 3534; baseline -0.003 -5"><span class='ocrx_word' id='word_1_251' title='bbox 181 3484 245 3534; x_wconf 81' lang='lat'>14</span> <span class='ocrx_word' id='word_1_252' title='bbox 279 3468 422 3529; x_wconf 74' lang='lat' dir='ltr'>Quid</span> <span class='ocrx_word' id='word_1_253' title='bbox 453 3467 752 3534; x_wconf 68' lang='lat' dir='ltr'>significent</span> <span class='ocrx_word' id='word_1_254' title='bbox 786 3464 942 3516; x_wconf 70' lang='lat' dir='ltr'>sedes</span> <span class='ocrx_word' id='word_1_255' title='bbox 969 3464 1080 3514; x_wconf 71' lang='lat' dir='ltr'>Da·</span> <span class='ocrx_word' id='word_1_256' title='bbox 1349 3472 1417 3524; x_wconf 89' lang='grc' dir='ltr'>3ο</span> <span class='ocrx_word' id='word_1_257' title='bbox 1446 3474 1707 3525; x_wconf 86' lang='lat' dir='ltr'>Nazareth</span> <span class='ocrx_word' id='word_1_258' title='bbox 1731 3474 1863 3523; x_wconf 84' lang='lat' dir='ltr'>duas</span> <span class='ocrx_word' id='word_1_259' title='bbox 1889 3472 2051 3523; x_wconf 88' lang='lat' dir='ltr'>habet</span> <span class='ocrx_word' id='word_1_260' title='bbox 2073 3472 2245 3523; x_wconf 87' lang='lat' dir='ltr'>eccle-</span> 
     </span>
     <span class='ocr_line' id='line_1_39' title="bbox 233 3535 1526 3602; baseline -0.001 -14"><span class='ocrx_word' id='word_1_261' title='bbox 233 3536 325 3587; x_wconf 84' lang='lat' dir='ltr'>vid</span> <span class='ocrx_word' id='word_1_262' title='bbox 354 3548 405 3588; x_wconf 93' lang='lat' dir='ltr'>et</span> <span class='ocrx_word' id='word_1_263' title='bbox 424 3537 618 3586; x_wconf 91' lang='lat' dir='ltr'>domus</span> <span class='ocrx_word' id='word_1_264' title='bbox 635 3535 831 3587; x_wconf 71' lang='lat' dir='ltr'>Jacob?</span> <span class='ocrx_word' id='word_1_265' title='bbox 1161 3552 1235 3602; x_wconf 93' lang='lat'>44</span> <span class='ocrx_word' id='word_1_266' title='bbox 1405 3543 1526 3593; x_wconf 82' lang='lat' dir='ltr'>sias.</span> 
     </span>
    </p>

    <p class='ocr_par' dir='ltr' id='par_1_22' title="bbox 179 3606 2311 3750">
     <span class='ocr_line' id='line_1_40' title="bbox 179 3606 2311 3681; baseline 0.002 -24"><span class='ocrx_word' id='word_1_267' title='bbox 179 3623 199 3657; x_wconf 89' lang='lat'>1</span> <span class='ocrx_word' id='word_1_268' title='bbox 216 3607 242 3657; x_wconf 88' lang='grc'>5</span> <span class='ocrx_word' id='word_1_269' title='bbox 287 3608 534 3674; x_wconf 88' lang='lat' dir='ltr'>Regnum</span> <span class='ocrx_word' id='word_1_270' title='bbox 586 3606 788 3658; x_wconf 82' lang='lat' dir='ltr'>Christi</span> <span class='ocrx_word' id='word_1_271' title='bbox 837 3607 958 3660; x_wconf 86' lang='lat' dir='ltr'>sine</span> <span class='ocrx_word' id='word_1_272' title='bbox 1006 3608 1077 3658; x_wconf 86' lang='lat' dir='ltr'>fi·</span> <span class='ocrx_word' id='word_1_273' title='bbox 1346 3612 1406 3664; x_wconf 89' lang='lat'>31</span> <span class='ocrx_word' id='word_1_274' title='bbox 1439 3613 1822 3681; x_wconf 88' lang='lat' dir='ltr'>Conceptionis</span> <span class='ocrx_word' id='word_1_275' title='bbox 1851 3611 2147 3663; x_wconf 80' lang='lat' dir='ltr'>Dominicae</span> <span class='ocrx_word' id='word_1_276' title='bbox 2177 3610 2245 3661; x_wconf 88' lang='lat' dir='ltr'>fi-</span> <span class='ocrx_word' id='word_1_277' title='bbox 2304 3633 2311 3640; x_wconf 92' lang='lat'><strong>·</strong></span> 
     </span>
     <span class='ocr_line' id='line_1_41' title="bbox 237 3677 1570 3750; baseline 0.003 -22"><span class='ocrx_word' id='word_1_278' title='bbox 237 3693 322 3729; x_wconf 91' lang='lat' dir='ltr'>ne.</span> <span class='ocrx_word' id='word_1_279' title='bbox 1162 3677 1231 3743; x_wconf 85' lang='lat'>45</span> <span class='ocrx_word' id='word_1_280' title='bbox 1406 3699 1570 3750; x_wconf 82' lang='lat' dir='ltr'>gurae.</span> 
     </span>
    </p>

    <p class='ocr_par' dir='ltr' id='par_1_23' title="bbox 182 3750 2242 3890">
     <span class='ocr_line' id='line_1_42' title="bbox 182 3750 2050 3820; baseline 0.001 -18"><span class='ocrx_word' id='word_1_281' title='bbox 182 3750 246 3802; x_wconf 83' lang='lat'>16</span> <span class='ocrx_word' id='word_1_282' title='bbox 273 3752 468 3802; x_wconf 86' lang='lat' dir='ltr'>Virum</span> <span class='ocrx_word' id='word_1_283' title='bbox 498 3766 607 3800; x_wconf 93' lang='lat' dir='ltr'>non</span> <span class='ocrx_word' id='word_1_284' title='bbox 638 3766 902 3817; x_wconf 85' lang='lat' dir='ltr'>cognosco</span> <span class='ocrx_word' id='word_1_285' title='bbox 934 3768 1073 3820; x_wconf 90' lang='lat' dir='ltr'>quo·</span> <span class='ocrx_word' id='word_1_286' title='bbox 1165 3789 1172 3794; x_wconf 90' lang='lat'><em>-</em></span> <span class='ocrx_word' id='word_1_287' title='bbox 1349 3752 1418 3803; x_wconf 81' lang='lat'>32</span> <span class='ocrx_word' id='word_1_288' title='bbox 1456 3754 1733 3804; x_wconf 91' lang='lat' dir='ltr'>Discessus</span> <span class='ocrx_word' id='word_1_289' title='bbox 1762 3752 2050 3803; x_wconf 89' lang='lat' dir='ltr'>Gabrielis.</span> 
     </span>
     <span class='ocr_line' id='line_1_43' title="bbox 237 3822 2242 3890; baseline 0 -16"><span class='ocrx_word' id='word_1_290' title='bbox 237 3822 404 3874; x_wconf 88' lang='lat' dir='ltr'>modo</span> <span class='ocrx_word' id='word_1_291' title='bbox 434 3822 805 3888; x_wconf 89' lang='lat' dir='ltr'>accipiendum</span> <span class='ocrx_word' id='word_1_292' title='bbox 830 3824 941 3876; x_wconf 79' lang='lat' dir='ltr'>sit?</span> <span class='ocrx_word' id='word_1_293' title='bbox 1162 3823 1231 3890; x_wconf 81' lang='grc'>45</span> <span class='ocrx_word' id='word_1_294' title='bbox 1346 3824 1413 3876; x_wconf 88' lang='grc'>33</span> <span class='ocrx_word' id='word_1_295' title='bbox 1447 3827 1660 3886; x_wconf 85' lang='lat' dir='ltr'>Quanta</span> <span class='ocrx_word' id='word_1_296' title='bbox 1698 3826 1770 3876; x_wconf 91' lang='lat' dir='ltr'>sit</span> <span class='ocrx_word' id='word_1_297' title='bbox 1803 3825 2118 3876; x_wconf 85' lang='lat' dir='ltr'>solemnitas</span> <span class='ocrx_word' id='word_1_298' title='bbox 2146 3825 2242 3875; x_wconf 92' lang='lat' dir='ltr'>In-</span> 
     </span>
    </p>

    <p class='ocr_par' dir='ltr' id='par_1_24' title="bbox 184 3895 2117 3961">
     <span class='ocr_line' id='line_1_44' title="bbox 184 3895 2117 3961; baseline -0.001 -14"><span class='ocrx_word' id='word_1_299' title='bbox 184 3910 247 3961; x_wconf 86' lang='lat'>17</span> <span class='ocrx_word' id='word_1_300' title='bbox 310 3896 421 3947; x_wconf 89' lang='lat' dir='ltr'>Cur</span> <span class='ocrx_word' id='word_1_301' title='bbox 514 3896 897 3948; x_wconf 82' lang='lat' dir='ltr'>lncarnationis</span> <span class='ocrx_word' id='word_1_302' title='bbox 979 3895 1080 3948; x_wconf 87' lang='lat' dir='ltr'>Flii</span> <span class='ocrx_word' id='word_1_303' title='bbox 1407 3895 1732 3948; x_wconf 86' lang='lat' dir='ltr'>carnationis</span> <span class='ocrx_word' id='word_1_304' title='bbox 1759 3896 2076 3948; x_wconf 79' lang='lat' dir='ltr'>Dominicae.</span> <span class='ocrx_word' id='word_1_305' title='bbox 2110 3910 2117 3916; x_wconf 84' lang='lat'><strong>·</strong></span> 
     </span>
    </p>
   </div>
  </div>
 </body>
</html>
