2784 4452
367 358 474 427 408

366 496 492 531 cum
536 477 829 535 venientes,
869 485 922 525 et
962 474 1202 525 redditur
1231 470 1432 523 locutio

365 567 505 613 vera,
538 567 634 618 pro
665 549 907 616 pluribus
946 546 1272 598 absentibus.
1313 546 1432 606 Vel,

368 622 666 673 secundum
729 620 1189 685 Chrysostomum,
1242 616 1289 667 si
1331 632 1433 666 vo-

368 692 552 742 lumus
600 688 760 740 fidem
806 689 967 755 hujus
1019 686 1260 753 praeferre
1308 685 1430 737 fidei

370 762 771 829 Apostolorum,
802 759 880 809 sic
903 758 1307 824 intelligendum
1335 767 1430 818 est,

368 833 666 884 secundum
695 832 838 898 quod
871 829 1300 895 unumquodque
1327 829 1431 879 bo-

369 919 501 954 num
533 902 786 961 hominis„
811 900 1103 950 secundum
1123 900 1430 965 qualitatem

370 972 519 1023 illius
555 972 814 1022 laudatur.
854 969 1136 1019 Rusticum
1174 968 1316 1019 enim
1345 969 1434 1018 di-

368 1060 486 1095 cere
513 1043 718 1110 aliquid
752 1041 1018 1107 sapienter
1049 1057 1306 1108 magnum
1335 1051 1431 1101 est,

367 1118 515 1185 quod
563 1118 629 1167 de
675 1115 1010 1181 philosopho
1064 1131 1172 1165 non
1214 1125 1292 1165 est
1338 1115 1453 1165 mi·-

367 1201 526 1249 rum;
580 1186 657 1236 sic
704 1196 757 1236 et
795 1182 899 1236 hic.
958 1187 1079 1236 Non
1124 1184 1269 1235 enim
1323 1194 1435 1235 erat

366 1256 569 1323 aequale
624 1258 870 1307 Judaeum
917 1257 1126 1307 credere
1185 1266 1236 1306 et
1283 1257 1434 1307 Gen-

367 1327 537 1378 tilem.
609 1327 750 1387 Vel,
822 1328 1119 1378 secundum
1183 1328 1433 1377 eumdem

370 1400 845 1468 chrysostomum,
896 1399 1298 1465 intelligendum
1354 1409 1435 1450 est

370 1482 635 1538 quantum
703 1473 770 1522 ad
839 1472 1105 1538 originem
1165 1472 1432 1532 credendi,

369 1543 498 1608 quia
537 1543 626 1593 alii
655 1543 899 1609 pluribus
943 1543 1111 1608 signis
1150 1542 1281 1593 visis
1318 1558 1436 1593 cre-

368 1613 646 1676 dffdzrunt3
680 1614 779 1664 iste
813 1630 957 1673 ver0,
998 1614 1146 1665 nullo
1176 1614 1435 1665 miraculo

370 1683 505 1745 visO,
554 1685 645 1734 sed
688 1694 894 1733 tantum
942 1683 1145 1743 auditu,
1192 1683 1434 1735 credidit.

371 1753 477 1805 Ubi
522 1753 895 1819 Hieronymus
923 1770 940 1803 .·
982 1771 1010 1799 «
1039 1753 1116 1803 De
1155 1755 1437 1819 praesenti-

372 1826 477 1877 bus
506 1825 655 1884 dicit,
703 1840 802 1876 non
843 1826 1018 1875 inveni
1050 1832 1251 1876 tantam
1266 1827 1437 1893 fidem

372 1897 426 1947 in
477 1896 669 1960 Israel,
727 1912 835 1946 non
896 1897 963 1946 de
1018 1896 1337 1948 Patriarchis
1386 1908 1439 1949 et

376 1967 669 2032 ProphetiS,
705 1966 808 2017 nisi
855 1966 990 2017 forte
1028 1967 1082 2018 in
1115 1968 1439 2021 Centurione

370 2035 503 2088 fides
525 2037 782 2087 Gentium
812 2048 1152 2113 praeponatur
1184 2039 1382 2090 Israeli.
1409 2059 1437 2087 »

373 2111 438 2161 Et
464 2111 617 2162 Beda
642 2129 659 2162 .-
690 2130 717 2157 «
759 2112 1119 2163 Praesentibus
1150 2112 1268 2163 ideo
1306 2110 1438 2162 fides

371 2183 715 2236 Centurionis
737 2183 1047 2248 antefertur,
1084 2185 1211 2252 quia
1238 2184 1316 2236 illi
1345 2185 1439 2235 Le·

373 2255 457 2321 gis
490 2255 986 2321 Prophetarumque
1014 2256 1233 2306 monitis
1265 2254 1435 2305 edocti

370 2333 554 2388 erant;
593 2326 680 2376 hic
706 2337 905 2388 autem,
942 2326 1160 2377 nemine
1199 2326 1436 2385 docente,

372 2408 560 2464 sponte
588 2399 811 2449 credidit
844 2417 858 2450 ι
902 2419 929 2447 n
965 2399 1081 2450 haec
1119 2399 1287 2449 Beda.
1328 2398 1438 2450 Mi-

372 2467 587 2519 rabatur
627 2484 753 2534 ergo
793 2470 949 2520 Jesus
993 2470 1063 2520 de
1103 2469 1206 2519 fide
1245 2469 1441 2521 Centu-

370 2536 555 2596 rioniS‚
607 2538 837 2589 Gentilis
889 2539 1165 2599 hominis,
1217 2550 1270 2589 et
1319 2554 1437 2589 eam

370 2607 637 2672 laudavit,
699 2619 759 2659 ut
810 2625 874 2660 ex
926 2609 1083 2660 istius
1129 2611 1284 2660 laude
1324 2624 1440 2660 eru-

372 2678 583 2729 bescant
626 2690 678 2731 et
719 2681 1118 2732 confundantur
1165 2682 1436 2743 Israelitae3

370 2760 423 2800 et
457 2750 580 2800 ideo
629 2762 757 2802 tunc
792 2750 951 2802 fidem
986 2754 1239 2804 Gentium
1269 2753 1438 2804 mira-

372 2821 546 2882 batur,
578 2838 743 2888 quam
772 2824 910 2874 ultra
941 2822 1101 2873 fidem
1127 2823 1437 2874 Judaeorum

373 2910 608 2946 crescere
653 2897 879 2947 videbat.
930 2897 1038 2946 Nec
1079 2896 1256 2946 solum
1305 2895 1438 2947 fides

369 2965 628 3017 Gentium
643 2977 695 3017 et
716 2967 772 3017 in
784 2966 1112 3018 Centurione
1126 2968 1436 3028 collaudata,

370 3039 462 3087 sed
494 3036 657 3086 etiam
687 3036 1034 3103 praefigurata.

428 3125 466 3174 4
498 3110 675 3160 Huius
705 3124 985 3161 occasrona·
1028 3125 1289 3160 rna-:metr
1321 3110 1437 3159 Do-

368 3197 529 3232 nmus
577 3196 906 3233 vocat-ronan
952 3182 1199 3232 Gaurion
1234 3197 1301 3231 ετ
1341 3182 1440 3231 Ju-

368 3268 597 3304 nAEoauu
657 3269 1109 3304 &aenean-ronan.
1151 3281 1212 3291 —
1264 3253 1437 3313 Unde,

368 3326 645 3376 occasione
669 3332 877 3390 accepta
899 3339 962 3373 ex
990 3322 1093 3373 fide
1120 3324 1282 3389 hujus
1301 3325 1440 3374 Gen·

369 3398 501 3458 tilis,
529 3397 795 3448 concludit
822 3406 874 3447 et
897 3396 1136 3462 praedicit
1166 3397 1437 3447 Dominus

367 3469 772 3520 conversionem
810 3477 861 3519 et
911 3467 1240 3519 vocationem
1287 3470 1437 3520 Gen-

367 3540 566 3600 tilium,
614 3550 666 3590 et
709 3555 774 3590 ex
814 3538 1082 3605 opposito,
1117 3540 1315 3591 scilicet
1362 3541 1439 3591 in·

371 3609 643 3671 fidelitate,
659 3610 1085 3676 reprobationem
1104 3610 1129 3660 J
1139 3610 1434 3676 udaeorum,

369 3681 550 3732 dicens
588 3699 601 3732 ι
629 3683 813 3742 Amen,
846 3680 900 3730 id
937 3690 1018 3731 est
1046 3678 1287 3741 fideliter,
1316 3682 1435 3734 dico

369 3760 423 3801 et
444 3751 673 3816 praedico
692 3750 839 3801 vobis
869 3751 1026 3816 quod,
1040 3749 1104 3799 ad
1129 3752 1434 3816 exemplum

373 3821 532 3871 istius
566 3821 622 3870 in
656 3836 765 3886 quo
795 3819 926 3870 fides
961 3819 1215 3871 Gentium
1256 3822 1433 3887 praefi-

373 3899 609 3953 guratur,
630 3891 797 3954 multi,
823 3891 916 3939 sed
941 3905 1049 3939 non
1074 3905 1282 3951 omneS,
1303 3893 1432 3959 quia

374 3974 479 4009 non
513 3959 986 4012 omnes'obediunt
1018 3961 1325 4027 Evangelio,
1362 3967 1433 4015 ab

317 4175 378 4267 Χ

1010 355 1246 408 PRIMAE
1284 355 1531 406 PARTIS
1564 355 1797 409 CAPUT
1827 359 1991 412 XLII.

1543 471 1758 523 Oriente
1801 479 1852 524 et
1892 474 2188 536 Occidente,
2235 489 2294 524 ac
2334 473 2498 524 etiam
2541 475 2615 525 ab

1539 541 1736 592 Austro
1760 552 1811 593 et
1844 544 2133 610 Aquilone,
2167 545 2220 594 id
2254 554 2334 594 est
2362 559 2430 594 ex
2453 545 2614 596 omni

1540 622 1686 677 parte
1743 614 1932 663 mundi
1984 625 2037 665 et
2104 630 2169 665 ex
2213 614 2363 666 omni
2418 629 2617 681 genere

1540 683 1815 744 Gentium,
1850 685 2086 737 veniente
2120 686 2182 736 ad
2213 684 2373 736 fidem
2399 696 2451 737 et
2480 685 2617 736 uni-

1537 764 1699 805 tatem
1757 756 2020 807 Ecclesiae.
2078 757 2248 817 Unde,
2303 758 2610 808 secundum

1537 827 1918 892 Augus-tinum,
1954 827 2073 878 istis
2100 829 2309 879 duabus
2342 828 2611 894 partibus„

1538 897 1737 947 scilicet
1782 898 2005 949 Oriente
2040 908 2091 950 et
2130 899 2433 959 Occidente,
2464 909 2615 952 totus

1538 967 1686 1018 orbis
1735 968 2058 1035 designatur.
2119 971 2273 1021 Unde
2317 970 2422 1020 sub
2479 981 2614 1037 typo

1539 1040 1791 1091 Ecclesiae
1830 1041 2034 1093 dictum
2089 1041 2192 1092 fuit
2227 1043 2424 1092 Jacob:
2453 1043 2619 1094 Dila-

1541 1111 1739 1161 taberis
1765 1111 1840 1162 ad
1868 1112 2139 1163 Orientem
2167 1118 2219 1162 et
2249 1112 2610 1177 Occidentem,

1539 1182 1613 1231 ad
1685 1182 2108 1248 Septentrionem
2167 1188 2221 1233 et
2291 1183 2608 1235 Meridiem.

1541 1254 1811 1304 Moraliter
1840 1265 2018 1305 autem
2049 1256 2118 1305 ab
2145 1256 2360 1306 Oriente
2397 1256 2617 1307 veniunt

1539 1327 1635 1393 qui
1667 1342 1731 1376 ex
1759 1327 2189 1378 consideratione
2227 1328 2456 1394 propriae
2507 1343 2614 1378 na-

1540 1410 1674 1450 turae
1690 1399 1772 1450 vel
1797 1400 2090 1451 nativitatis
2116 1399 2497 1462 humiliantur,
2522 1402 2611 1452 vel

1540 1470 1633 1537 qui
1680 1471 2046 1536 poenitentiam
2097 1481 2260 1537 agunt
2302 1471 2355 1521 in
2392 1486 2490 1522 sua
2527 1472 2618 1537 ju-

1540 1553 1788 1607 ventute;
1819 1544 1887 1594 ab
1919 1544 2220 1604 Occidente,
2263 1543 2359 1609 qui
2402 1559 2468 1593 ex
2496 1559 2617 1594 me-

1542 1613 1713 1664 moria
1751 1612 1918 1663 moris
1957 1623 2359 1672 convertuntur,
2398 1613 2480 1663 vel
2518 1612 2615 1678 qui

1544 1683 1911 1749 poenitentiam
1942 1694 2105 1750 agunt
2136 1683 2190 1733 in
2220 1692 2519 1745 senectute;
2545 1683 2617 1734 ab

1541 1758 1760 1818 Austro,
1810 1755 1923 1821 qui,
1975 1755 2181 1806 favente
2237 1755 2613 1822 prosperitate,

1540 1835 1726 1876 vacant
1782 1824 2036 1890 operibus
2105 1825 2319 1891 pietatis
2372 1836 2425 1875 et
2474 1824 2619 1875 inter

1544 1914 1793 1964 prospera
1827 1907 2040 1950 servant
2072 1899 2517 1964 temperantiam;
2545 1900 2617 1950 ab

1543 1970 1820 2035 Aquilone,
1861 1968 1976 2035 qui,
2014 1969 2329 2020 necessitate
2367 1981 2613 2035 urgente,

1542 2049 1985 2104 compunguntur
2012 2049 2065 2090 et
2095 2040 2231 2090 inter
2257 2040 2477 2089 adversa
2496 2056 2616 2092 ser·-

1542 2124 1670 2164 vant
1693 2113 2021 2179 patientiam.
2046 2114 2124 2163 De
2154 2113 2242 2163 his
2271 2114 2417 2163 enirn
2442 2114 2617 2164 omni·

1545 2185 1645 2236 bus
1684 2185 1851 2252 aliqui
1886 2186 2249 2237 salvabuntur.
2280 2186 2357 2237 Et
2394 2200 2611 2237 recum-

1546 2258 1678 2320 bent,
1696 2257 1749 2307 id
1765 2268 1845 2308 est
1873 2257 2098 2309 feliciter
2121 2259 2476 2325 requiescent,
2504 2275 2616 2316 non

1546 2327 1822 2379 carnaliter
1849 2328 2095 2393 jacentes,
2130 2331 2223 2380 sed
2256 2330 2614 2396 spiritualiter

1546 2409 1844 2464 pausantes,
1882 2414 1997 2450 cum
2042 2402 2334 2464 Abraham,
2368 2402 2536 2453 Isaac
2566 2408 2619 2453 et

1544 2469 1729 2530 Jacob,
1761 2484 1992 2533 quorum
2024 2470 2181 2521 fidem
2217 2470 2413 2521 imitati
2445 2483 2613 2533 sunt;

1546 2548 1597 2588 et
1648 2554 1768 2589 cum
1833 2538 1953 2589 aliis
2007 2540 2255 2591 fidelibus
2309 2550 2362 2592 et
2426 2541 2619 2592 amicis

1547 2608 1712 2668 meis,
1765 2609 1818 2658 in
1883 2623 2054 2675 regno
2109 2611 2361 2661 coelorum
2418 2622 2475 2662 et
2530 2612 2617 2677 ju-

1547 2689 1782 2738 storum,
1853 2680 1947 2729 ubi
2014 2682 2105 2731 lux
2171 2693 2224 2732 et
2284 2681 2489 2748 gloria,
2568 2693 2619 2733 et

1546 2751 1857 2817 longaevitas
1907 2751 2029 2803 vitae
2073 2764 2306 2814 aeternae,
2350 2766 2405 2805 et
2445 2771 2615 2807 omne

1547 2822 1767 2888 bonum.
1810 2823 2099 2885 Abraham,
2132 2824 2292 2876 Isaac
2340 2831 2395 2875 et
2442 2826 2620 2876 Jacob

1545 2893 1846 2958 specialiter
1886 2893 2263 2957 nominantur,
2311 2895 2440 2960 quia
2496 2895 2618 2946 istis

1548 2962 1911 3029 principaliter
1943 2963 2076 3014 facta
2103 2974 2181 3014 est
2222 2965 2518 3030 promissio
2551 2966 2618 3017 de

1543 3044 1683 3084 terra
1709 3033 2105 3100 promissionis,
2133 3050 2225 3101 per
2248 3051 2413 3100 quam
2442 3037 2618 3102 patria

1546 3103 1826 3155 beatorum
1862 3103 2208 3169 significatur.
2253 3105 2391 3155 Filii
2432 3113 2618 3157 autem

1546 3177 1733 3243 regni,
1781 3177 1835 3227 id
1874 3187 1957 3228 est
1982 3177 2166 3240 Judaei,
2201 3177 2258 3227 in
2291 3179 2499 3243 quibus
2532 3195 2619 3229 re·-

1547 3248 1742 3312 gnabat
1791 3247 1962 3306 Deus,
2003 3249 2086 3298 vel
2114 3248 2230 3314 filii
2260 3249 2422 3314 regni
2449 3265 2621 3300 voca-

1546 3318 1710 3377 tione,
1750 3333 1859 3367 non
1888 3318 2170 3381 electione;
2224 3319 2619 3384 promissione,

1546 3404 1653 3438 non
1684 3388 2092 3454 consecutione;
2131 3406 2226 3441 sua
2255 3392 2620 3457 reputatione,

1547 3477 1656 3511 non
1710 3475 1801 3523 re;
1853 3461 1949 3527 qui
2004 3477 2099 3526 pro
2148 3477 2312 3528 regno
2362 3464 2620 3515 habendo

1545 3531 1663 3583 facti
1693 3530 1942 3591 fuerunt,
1979 3532 2072 3582 sed
2109 3547 2167 3582 se
2196 3532 2446 3599 indignos
2490 3536 2622 3585 red-

1543 3604 1811 3665 diderunt,
1852 3603 2156 3671 ejicientur,
2200 3620 2229 3654 a
2268 3604 2400 3656 facie
2438 3616 2495 3658 et
2529 3607 2621 3658 vi-

1543 3675 1696 3726 sione
1743 3676 1868 3736 Dei,
1913 3676 1967 3725 in
2014 3676 2256 3726 tenebras
2290 3678 2616 3742 exterior-est,

1542 3747 1672 3815 quia
1699 3747 1756 3797 in
1786 3761 1842 3797 se
1875 3746 2074 3796 habent
2114 3746 2422 3811 interiores3
2464 3759 2620 3799 tene-

1543 3819 1650 3868 brae
1679 3818 1867 3884 primae
1906 3826 2033 3867 sunt
2063 3818 2251 3882 culpae,
2280 3818 2398 3868 aliae
2431 3828 2629 3870 autem?

1540 3900 1663 3942 sunt
1736 3890 2016 3957 gehennae.
2088 3890 2251 3950 Nam,
2302 3892 2615 3942 secundum

1541 3965 1888 4030 Gregorium,
1909 3961 2185 4013 interiores
2219 3962 2450 4013 tenebrae
2483 3973 2620 4014 sunt
