2784 4452
373 300 485 351 244

370 409 463 449 tur
487 396 557 448 ab
582 395 877 462 agnitione,
906 395 1020 446 sive
1040 396 1110 445 ab
1130 411 1428 462 agnoscen-

366 470 467 532 de,
507 467 636 536 quia
663 468 882 534 agnovit
910 468 1140 531 Patrem,
1161 469 1356 534 sactus
1380 471 1429 520 ei

368 554 533 606 usque
557 539 634 589 ad
654 545 873 589 mortem
902 538 1166 600 obediens,
1197 550 1251 589 et
1270 555 1432 605 agno-

364 610 443 661 vit
487 611 730 671 Matrem,
779 625 961 659 curam
1003 610 1119 673 ejus
1161 610 1428 676 discipulo

360 685 723 735 committens.
760 686 947 750 Agnus
980 685 1178 735 dicitur
1208 684 1371 735 etiam
1398 700 1428 736 a

362 755 559 821 pietate
603 771 710 822 qua
763 755 903 805 tollit
944 767 1154 821 peccata
1200 758 1424 818 mundi,

362 842 472 877 non
498 828 664 877 semel
693 837 904 877 tantum
923 865 937 890 ‚
964 828 1055 878 sed
1080 838 1134 878 et
1159 828 1423 894 quotidie.

362 898 516 949 Unde
561 898 886 963 Theophilus
912 915 929 949 .·
960 917 987 944 α
1011 899 1132 949 Non
1162 900 1299 950 dixit
1325 901 1421 968 qui

360 973 534 1030 tollet,
565 973 656 1023 sed
685 973 778 1038 qui
807 973 976 1035 tollit,
1022 974 1175 1040 quasi
1210 990 1424 1041 semper

357 1042 461 1093 hoc
506 1043 730 1093 faciente
773 1043 908 1108 ipso.
955 1045 1075 1094 Non
1116 1045 1260 1096 enim
1289 1057 1418 1097 tunc

355 1114 535 1165 solum
572 1114 697 1164 tulit
728 1129 849 1164 cum
883 1130 1072 1181 passus
1102 1123 1199 1177 est,
1234 1118 1327 1167 sed
1354 1134 1419 1168 ex

355 1187 452 1237 illo
476 1196 716 1253 tempore
743 1203 917 1254 usque
939 1190 1002 1239 ad
1025 1205 1257 1255 praesens
1275 1192 1418 1242 tollit

354 1274 466 1309 non
495 1275 708 1325 semper
732 1259 1032 1311 crucifixus.
1059 1262 1232 1312 Unam
1266 1263 1414 1312 enim

351 1343 452 1395 pro
479 1329 708 1395 peccatis
730 1329 926 1380 obtulit
947 1331 1294 1395 oblationem,
1321 1334 1415 1383 sed

349 1415 564 1467 semper
608 1416 842 1467 purgans
889 1417 983 1466 per
1021 1402 1166 1452 illam
1193 1420 1208 1453 ε
1238 1423 1261 1448 ι
1300 1404 1413 1455 haec

357 1471 701 1538 Theophilus.
771 1472 942 1523 Tollit
993 1473 1140 1523 enim
1186 1482 1414 1539 peccata

346 1542 721 1594 satisfaciendo
756 1554 810 1594 et
836 1544 1061 1593 lavando
1085 1559 1185 1595 nos
1216 1561 1246 1596 a
1283 1561 1411 1611 pec-

345 1614 479 1664 catis
525 1614 581 1664 in
633 1613 895 1679 sanguine
933 1629 1063 1677 suo;
1119 1625 1171 1665 et
1221 1626 1411 1681 praeter

346 1684 463 1734 haec
496 1683 814 1734 dimittendo
841 1685 1082 1750 quotidie
1113 1701 1232 1753 quae
1276 1686 1411 1738 facta

348 1766 509 1816 sunt,
566 1765 619 1805 et
672 1755 971 1821 adjuvando
1021 1772 1090 1807 ne
1143 1756 1274 1808 fiant
1296 1796 1312 1821 ,
1354 1769 1409 1809 et

345 1826 573 1877 omnino
600 1826 877 1878 liberando
898 1865 914 1886 ,
962 1828 1164 1878 scilicet
1206 1830 1408 1895 perdu-

343 1898 512 1949 cendo
547 1898 612 1948 ad
652 1897 850 1958 vitam,
900 1898 995 1949 ubi
1032 1899 1260 1950 omnino
1291 1900 1405 1952 fieri

342 1984 450 2020 non
478 1979 720 2035 possunt.
753 1969 874 2019 Non
907 1970 1084 2020 solum
1110 1982 1289 2021 autem
1325 1973 1407 2023 la-

338 2042 417 2094 vit
436 2058 535 2094 nos
557 2045 774 2109 quando
798 2044 1111 2110 sanguinem
1137 2045 1285 2096 dedit
1308 2061 1406 2112 pro

339 2114 524 2174 nobis,
571 2115 653 2165 vel
707 2115 924 2181 quando
968 2115 1301 2181 baptizamur
1346 2117 1403 2167 in

339 2187 595 2256 mysterio
642 2187 915 2240 Passionis
958 2188 1139 2254 illius;
1181 2206 1404 2242 verum-

338 2262 499 2312 etiam
521 2261 761 2327 quotidie
780 2263 919 2313 lavat
941 2278 1040 2314 nos
1065 2263 1119 2312 in
1139 2264 1403 2330 sanguine

335 2351 435 2387 suo
453 2375 467 2400 ,
499 2352 622 2387 cum
652 2336 889 2400 ejusdem
933 2337 1222 2389 benedictae
1269 2340 1403 2390 Pas-

334 2407 510 2457 sionis
538 2407 799 2466 memoria
818 2409 882 2457 ad
906 2408 1070 2459 altare
1097 2409 1399 2474 replicatur,

332 2481 458 2527 cum
490 2477 647 2543 panis
675 2485 726 2527 et
749 2477 864 2527 vini
893 2489 1128 2529 creatura
1156 2480 1211 2529 in
1236 2495 1401 2534 sacra-

334 2558 580 2598 mentum
628 2548 806 2598 carnis
856 2559 909 2599 et
956 2550 1240 2616 sanguinis
1279 2553 1397 2617 ejus

328 2616 586 2669 ineffabili
660 2618 898 2684 Spiritus
971 2619 1394 2673 sanctificatione

327 2688 679 2753 transfertur,
723 2704 845 2739 cum
894 2690 1233 2741 sanctissimo
1279 2692 1396 2757 ejus

327 2761 563 2827 Corpore
591 2772 643 2813 et
671 2761 945 2828 Sanguine
967 2761 1244 2813 satiamur.
1274 2764 1395 2814 Pro·

327 2838 446 2898 pter
470 2833 579 2882 duo
606 2848 732 2884 vero
760 2833 992 2883 aliorum
1021 2831 1209 2895 trium,
1240 2834 1391 2884 scili-

324 2912 408 2953 cet
454 2918 551 2968 pro
615 2903 939 2954 dimittendo
987 2913 1039 2954 et
1092 2903 1390 2968 adjuvando

323 2971 557 3023 dicimus
602 2973 657 3023 in
703 2974 867 3024 missa
892 2973 976 3026 bis
1006 2990 1020 3023 ε
1044 2974 1239 3039 Agnus
1265 2975 1386 3037 Dei,

323 3044 577 3095 miserere
643 3045 824 3107 nobis-3
874 3051 1090 3111 propter
1168 3045 1386 3096 tertium

318 3116 552 3168 dicimus
578 3132 591 3166 ε
620 3117 690 3168 da
737 3118 888 3168 nobis
918 3132 1125 3184 pacem.
1156 3118 1205 3169 Ο
1235 3120 1390 3184 Agne

320 3187 439 3252 Dei,
463 3203 694 3254 agnosce
712 3204 799 3240 me
821 3189 1080 3240 miserum
1102 3189 1242 3240 inter
1260 3205 1387 3240 oves

316 3273 347 3309 a
373 3259 575 3310 dextris
625 3257 735 3308 tuis
771 3261 1061 3325 ponendas,
1093 3260 1188 3309 sed
1231 3259 1383 3326 prius

313 3328 529 3381 dimitte
558 3327 696 3379 mihi
727 3338 935 3394 peccata
960 3339 1011 3380 et
1040 3330 1289 3389 offensaS,
1315 3341 1376 3381 ut

316 3415 404 3451 me
447 3400 643 3452 melius
693 3399 833 3450 inter
879 3409 999 3451 tuas
1049 3415 1174 3451 oves
1208 3416 1382 3467 agno-

312 3487 445 3524 scas.

379 3542 406 3594 3
444 3543 561 3595 Cun
595 3558 795 3594 tranunt
827 3558 895 3593 An
920 3543 1163 3594 ,losum-:it
1189 3543 1380 3594 vatur?

308 3611 463 3663 Jesus
494 3623 690 3674 autem,
721 3613 1017 3664 secundum
1059 3612 1382 3682 Chrys-osto-

312 3697 470 3745 mum,
496 3699 637 3735 nunc
657 3684 889 3735 secundo
909 3694 1031 3749 post
1046 3684 1376 3750 baptismum

308 3751 457 3803 venit
485 3754 551 3804 ad
579 3754 859 3815 Joannem‚
884 3754 1084 3821 duplici
1113 3756 1179 3805 de
1199 3771 1376 3807 causa.

313 3821 515 3885 Prima,
566 3826 694 3892 quia
756 3826 889 3877 illud
943 3837 1053 3877 erat
1112 3825 1377 3893 baptisma

311 3897 654 3963 poenitcntioe‚
677 3909 729 3952 et
754 3901 867 3967 ipse
894 3916 1017 3952 eum
1038 3916 1161 3952 cum
1191 3900 1375 3952 multis

999 282 1237 333 PRIMA-3
1271 283 1521 335 PARTIS
1550 285 1786 338 CAPUT
1813 290 2001 344 xxm.

1538 401 1911 468 baptizaverat,
1945 416 2008 455 ut
2042 407 2224 457 nullus
2262 409 2564 475 suspicetur
2582 450 2599 472 ,

1537 482 1591 522 et
1617 484 1769 539 putet
1785 476 2045 542 quoniam
2065 480 2178 543 ipse
2200 479 2293 528 tali
2323 482 2602 546 proposito

1539 554 1593 594 et
1624 559 1690 593 ex
1716 546 1902 596 eadem
1929 562 2090 597 causa
2117 564 2182 597 ex
2211 564 2319 615 qua
2343 561 2396 600 et
2417 552 2510 601 alii
2534 552 2602 601 ad

1533 617 1796 668 Joannem
1859 630 1913 670 et
1959 621 2246 671 Jordanem
2270 677 2286 693 ⁸
2314 635 2601 685 venerant,

1534 698 1663 753 puta
1687 698 1751 738 ut
1779 702 1988 754 peccata
2014 691 2387 753 confessurus,
2424 704 2518 743 aut
2541 695 2600 745 in

1533 758 1907 823 poenitentiam
1938 761 1994 811 in
2028 762 2255 813 flumine
2281 764 2598 816 abluendus,

1533 829 1815 895 Propterea
1839 834 2041 884 accedit
2066 835 2202 884 dans
2224 835 2417 885 Joanni
2441 851 2599 886 occa-

1532 899 1744 951 sionem
1782 904 2083 969 corrigendi
2131 905 2270 956 hanc
2324 906 2596 971 suspicio-

1535 986 1659 1021 nem
1676 1010 1692 1035 ,
1717 989 1882 1040 quam
1911 977 2144 1026 Joannee
2167 992 2263 1042 per
2288 977 2450 1027 verba
2469 993 2593 1028 cor-

1525 1046 1662 1097 rexit
1686 1084 1702 1109 ,
1777 1049 1995 1114 Agrium
2058 1064 2118 1098 ac
2176 1050 2591 1115 Redemptorem

1524 1119 1764 1168 vocando
1789 1158 1805 1178 ‚
1855 1119 1925 1169 ab
1972 1120 2124 1169 omni
2170 1121 2316 1186 quod
2370 1121 2427 1169 in
2474 1132 2589 1172 toto

1522 1187 1653 1238 orbe
1680 1198 1790 1239 erat
1819 1201 2049 1254 peccato,
2085 1190 2295 1240 Etenim
2317 1191 2545 1241 dicendo
2570 1207 2586 1240 ε

1519 1258 1663 1308 Ecce
1688 1263 1885 1325 Agnus
1902 1261 2023 1322 Dei,
2045 1274 2163 1311 ecce
2191 1260 2283 1325 qui
2307 1260 2447 1311 tollit
2467 1275 2591 1327 pec·

1518 1336 1696 1380 catum
1724 1333 1921 1394 mundi,
1951 1347 2168 1382 omnem
2193 1332 2331 1382 hanc
2361 1332 2590 1397 peremit

1518 1401 1912 1468 suspicionem;
1964 1402 2092 1469 quia
2131 1403 2278 1453 enim
2313 1403 2387 1453 ita
2415 1418 2586 1469 purus

1517 1484 1646 1537 erat,
1680 1483 1741 1524 ut
1778 1474 2013 1525 aliorum
2044 1486 2255 1540 peccata
2290 1475 2583 1534 absolvere,

1519 1555 1571 1595 et
1625 1556 1818 1595 cuncta
1862 1546 2090 1596 humani
2126 1545 2338 1611 generis
2377 1556 2584 1612 peccata

1516 1618 1694 1669 delere
1723 1631 1902 1685 posset
1919 1659 1933 1680 ‚
1975 1621 2147 1670 multo
2178 1620 2349 1686 magis
2378 1620 2584 1686 absque

1515 1689 1669 1739 omni
1716 1701 1829 1741 erat
1882 1690 1999 1756 ipse
2056 1691 2249 1741 delicto
2275 1707 2291 1754 ;
2352 1701 2404 1741 et
2460 1691 2580 1741 ideo

1517 1759 1859 1811 manifestum
1907 1772 1988 1812 est
2041 1762 2300 1828 quoniam
2358 1778 2465 1812 non
2518 1772 2580 1813 ut

1514 1841 1727 1897 peccata
1781 1830 2121 1882 confiteretur
2141 1870 2155 1891 ,
2186 1833 2267 1883 vel
2308 1831 2365 1882 in
2401 1832 2579 1898 poeni-

1511 1901 1735 1952 tentiam
1761 1903 2090 1963 ablueretur,
2120 1902 2356 1962 accessit,
2391 1903 2481 1953 sed
2517 1912 2579 1953 ut

1511 1975 1852 2026 occasionem
1890 1976 2037 2026 daret
2081 1976 2275 2026 Joanni
2314 1975 2571 2042 loquendi

1508 2046 1576 2096 de
1605 2046 1742 2114 ipso,
1762 2075 1822 2085 —-
1840 2047 2082 2098 Secunda
2099 2061 2274 2107 causa,
2302 2056 2363 2096 ut
2387 2046 2444 2096 hi
2476 2047 2571 2113 qui

1511 2116 1688 2183 priora
1721 2117 2026 2182 audierant,
2054 2117 2248 2167 certius
2277 2115 2575 2183 reciperent

1509 2205 1632 2257 quae
1667 2190 1805 2242 dicta
1843 2200 2017 2250 erant,
2048 2200 2099 2241 et
2123 2189 2225 2241 alia
2253 2203 2440 2240 rursus
2469 2204 2571 2239 au-

1506 2261 1700 2312 dirent.
1725 2262 1883 2313 Unde
1916 2262 2194 2328 subjungit
2216 2278 2229 2310 z
2249 2261 2362 2311 Hic
2392 2266 2473 2311 est
2506 2260 2573 2312 de

1504 2346 1609 2398 quo
1640 2333 1782 2395 dixi,
1815 2343 2114 2400 antequam,
2139 2332 2204 2382 ad
2239 2329 2569 2396 baptismum

1504 2404 1728 2465 veniret,
1743 2411 1871 2471 post
1903 2419 1984 2455 me
2013 2403 2151 2455 venit
2170 2403 2271 2465 vir,
2297 2403 2478 2454 virens
2508 2402 2567 2453 in

1504 2474 1699 2526 virtute
1715 2487 1766 2526 et
1791 2475 1974 2542 gratia,
1989 2485 2040 2525 et
2054 2484 2206 2525 aetate
2221 2473 2569 2540 perfecta‚qui

1500 2552 1627 2596 ante
1662 2560 1744 2597 me
1756 2546 1950 2611 sactus
1978 2551 2074 2607 est,
2114 2544 2400 2610 dignitate,
2437 2544 2566 2611 quia

1501 2615 1649 2682 prior
1668 2631 1755 2667 me
1776 2626 1887 2667 erat
1907 2615 2226 2678 aeternitate;
2253 2620 2304 2665 et
2334 2628 2437 2680 ego
2465 2629 2564 2665 ne-

1497 2688 1727 2739 sciebam
1743 2703 1879 2749 eum,
1900 2697 2161 2755 quantum
2184 2686 2250 2736 ad
2276 2702 2563 2752 personam

1497 2758 1901 2811 determinatam
1932 2768 2055 2809 ante
2078 2773 2236 2808 suum
2263 2757 2327 2808 ad
2351 2772 2438 2808 me
2461 2756 2561 2806 ad-

1497 2842 1720 2883 ventum
1749 2849 1765 2896 3
1824 2832 1922 2883 sed
1979 2838 2036 2883 ut
2082 2831 2457 2897 manifestetur
2505 2830 2559 2881 in

1495 2903 1696 2966 lsrael,
1721 2903 1775 2954 id
1806 2911 1903 2964 est,
1940 2902 2044 2968 ipsi
2073 2902 2249 2961 Israel,
2269 2907 2560 2967 propterea

1493 2974 1617 3025 vem‘
1640 2989 1745 3040 ego
1772 2974 1828 3025 in
1857 2988 1999 3040 aqua
2029 2973 2335 3041 baptizans,
2363 2982 2414 3022 et
2439 2987 2559 3037 poe—

1495 3044 1779 3096 nitentiam
1820 3044 2126 3110 praedicans.
2162 3044 2282 3094 Ideo
2302 3082 2315 3103 ‚
2349 3043 2557 3110 inquit,

1493 3116 1763 3170 desertum
1792 3125 1844 3165 et
1872 3113 2222 3165 solitudinem
2250 3113 2470 3181 reliqui,
2506 3122 2559 3164 et

1492 3188 1557 3237 ad
1602 3186 1881 3253 planitiem
1921 3186 2249 3236 descendens
2290 3185 2559 3251 baptizare

1490 3257 1644 3322 coepi,
1682 3255 2169 3322 utbmanifestarem
2198 3271 2322 3305 eum
2355 3256 2557 3322 populo

1488 3327 1731 3394 undique
1774 3328 1841 3378 ad
1890 3342 1976 3377 me
2017 3325 2339 3389 confluenti3
2377 3335 2554 3376 totum

1488 3398 1635 3449 enim
1655 3397 1893 3449 officium
1911 3399 1938 3448 J
1944 3397 2135 3449 oannis
2156 3397 2211 3447 in
2235 3397 2552 3462 baptizando

1486 3478 1539 3520 et
1591 3469 1927 3535 praedicando
1980 3478 2091 3519 erat
2127 3467 2436 3518 ordinatum
2483 3467 2552 3517 ad

1485 3539 1973 3591 manifestationem
2029 3537 2254 3601 Christi,
2293 3538 2357 3588 ad
2394 3537 2553 3588 testi-

1486 3612 1735 3663 monium
1765 3612 1830 3663 de
1855 3627 1917 3663 eo
1948 3610 2367 3679 perhibendum.
2396 3609 2551 3660 Unde

1485 3684 1589 3736 fuit
1622 3684 1727 3735 sibi
1767 3694 2091 3750 praeceptum
2128 3697 2158 3733 a
2190 3681 2460 3743 Domino,
2487 3691 2551 3733 ut

1485 3755 1772 3823 baptizaret
1824 3755 1881 3805 in
1930 3753 2148 3805 nomin‘e
2193 3751 2442 3814 venturi,
2499 3760 2551 3803 et

1485 3827 1795 3895 praedicaret
1821 3827 1934 3893 ejus
1962 3826 2247 3878 adventum
2266 3863 2279 3886 ,
2320 3834 2372 3875 et
2412 3838 2551 3889 prae-

1484 3909 1689 3967 pararet
1726 3895 1990 3965 populum
2028 3898 2096 3949 ad
2124 3913 2248 3949 eum
2279 3894 2550 3962 recipien-
