2784 4452
407 354 515 404 204

407 471 640 522 quorum
677 455 886 522 primus
918 454 1021 506 fuit
1074 456 1259 507 Petrus
1295 466 1348 507 et
1381 471 1470 507 ce·-

402 529 502 579 teri
554 526 818 593 Apostoli,
859 542 917 577 ac
957 536 1343 593 consequenter
1379 543 1470 577 sa-

404 599 666 659 cerdotes,
714 598 915 663 quibus
956 598 1069 663 ipse
1105 599 1283 649 dixit:
1317 599 1472 660 Quoe·

403 683 624 736 cumque
666 669 1034 735 alligaveritis
1062 684 1225 735 super
1250 677 1466 732 terram,

403 750 501 791 etc.
554 741 651 790 Per
691 740 792 789 hoc
839 739 984 790 enim
1015 742 1160 806 quod
1204 741 1471 791 ministris

403 822 858 861 sacramentorum
921 812 1068 862 dedit
1152 822 1469 878 potestatem

401 882 605 948 ligandi
643 893 695 932 et
719 881 980 942 solvendi,
1014 882 1310 933 insinuavit
1333 899 1470 933 con-

403 952 693 1002 fessionem
758 952 835 1001 eis
899 963 1158 1018 tanquam
1201 952 1471 1017 judicibus

404 1022 598 1072 debere
629 1021 762 1073 fieri.
800 1022 887 1072 Sic
926 1038 1052 1087 ergo
1095 1022 1345 1074 Christus
1376 1021 1469 1071 in-

403 1093 578 1143 stituit
651 1093 1041 1144 confessionem
1113 1094 1299 1153 tacite,
1374 1093 1469 1144 sed

402 1163 645 1229 Apostoli
694 1164 1168 1229 promulgaverunt
1211 1178 1328 1213 eam
1371 1179 1469 1214 ex-

403 1253 603 1302 presse.
633 1238 756 1287 Ideo
783 1237 942 1287 etiam
973 1237 1239 1287 confessio
1283 1236 1472 1287 facien·

402 1310 468 1360 da
511 1320 591 1360 est
629 1310 860 1370 homini,
892 1309 1094 1362 Christi
1123 1309 1324 1360 vicario
1347 1349 1360 1370 ,
1410 1321 1470 1360 ut

402 1394 498 1445 per
560 1379 663 1430 hoc
720 1390 929 1444 peccata
989 1389 1171 1429 nostra
1237 1381 1470 1430 celentur

401 1449 634 1500 diabolo.
690 1451 846 1500 Unde
899 1451 1237 1516 Augustinus
1276 1468 1293 1500 .·
1334 1468 1362 1497 ιι
1411 1451 1469 1500 In

402 1521 654 1572 omnibus
696 1521 987 1587 Scripturis
1029 1522 1246 1581 divinis,
1280 1522 1470 1572 fratres

401 1593 745 1657 charissimi,
801 1595 1030 1654 utiliter,
1079 1610 1137 1644 ac
1184 1595 1472 1646 salubriter

402 1666 785 1726 admonemur,
830 1677 889 1716 ut
923 1676 1133 1732 peccata
1164 1676 1343 1717 nostra
1369 1667 1469 1717 de-

400 1736 622 1786 beamus
664 1736 859 1801 jugiter
895 1752 953 1786 ac
999 1736 1303 1796 humiliter,
1358 1754 1468 1787 non

400 1808 578 1857 solum
609 1808 740 1866 De0,
767 1807 861 1856 sed
885 1807 1045 1856 etiam
1072 1807 1270 1872 sanctis
1298 1808 1472 1857 homi·

402 1879 566 1930 nibus
591 1889 642 1929 et
665 1880 836 1929 Deum
864 1878 1181 1929 timentibus
1205 1879 1468 1930 confiteri.

403 1950 525 2000 Non
550 1950 692 2000 enim
727 1950 845 2000 ideo
873 1950 988 2000 vult
1015 1951 1160 2000 Deus
1196 1960 1257 2000 ut
1297 1950 1469 2000 confi-

399 2031 609 2073 teamur
647 2033 854 2088 peccata
895 2033 1107 2082 nostra,
1157 2023 1303 2088 quod
1355 2023 1476 2088 ipse

401 2111 461 2146 ea
489 2097 622 2147 scire
656 2113 763 2146 non
807 2096 1006 2162 possit3
1047 2097 1139 2146 sed
1182 2096 1309 2162 quia
1347 2097 1468 2147 dia-

401 2166 558 2217 bolus
621 2167 724 2217 hoc
774 2167 1065 2231 desiderat,
1118 2176 1179 2217 ut
1231 2166 1469 2216 inveniat

399 2241 546 2306 quod
614 2239 773 2290 nobis
824 2250 949 2292 ante
1016 2240 1255 2291 tribunal
1312 2250 1466 2290 aeter-

401 2311 457 2360 ni
504 2311 708 2361 Judicis
761 2312 1013 2377 objiciat,
1060 2311 1180 2362 ideo
1237 2312 1352 2360 vult
1406 2321 1468 2361 ut

399 2380 572 2446 magis
612 2381 892 2432 defendere
921 2392 1130 2447 peccata
1164 2391 1344 2431 nostra
1369 2397 1467 2433 ve-

398 2454 582 2505 limus·
610 2454 889 2505 Contrario
918 2457 1062 2506 Deus
1104 2465 1307 2516 noster,
1339 2455 1470 2521 quia

400 2524 522 2592 pius
562 2536 615 2575 et
662 2526 968 2577 misericors
1015 2537 1126 2588 est,
1165 2528 1279 2578 vult
1314 2539 1375 2578 ut
1409 2544 1469 2578 ea

397 2596 748 2647 confiteamur
798 2597 855 2647 in
884 2597 987 2648 hoc
1023 2599 1232 2658 seculo,
1278 2608 1336 2648 ut
1369 2615 1467 2664 pro

395 2667 507 2719 illis
563 2683 671 2717 non
734 2666 1129 2729 confundamur
1168 2668 1227 2718 in
1263 2667 1465 2720 futuro,

396 2739 581 2789 Sciens
608 2755 734 2806 ergo
760 2740 1008 2791 diabolus
1030 2740 1284 2790 virtutem
1318 2757 1466 2806 purae

395 2809 786 2871 confessionis,
844 2819 957 2860 toto
1014 2811 1139 2860 nisu
1203 2811 1465 2876 impedire

395 2887 618 2930 conatur
644 2882 919 2932 hominem
947 2897 1015 2932 ne
1042 2882 1374 2934 confiteatur.
1401 2885 1466 2934 Et

394 2949 534 3000 sicut
570 2953 836 3017 suggessit
879 2953 1032 3018 prius
1075 2963 1132 3004 ut
1165 2955 1331 3004 homo
1372 2970 1464 3005 ca-

396 3020 574 3082 deret,
625 3022 702 3072 sic
746 3033 865 3089 post
905 3039 1088 3074 casum
1132 3024 1362 3091 impedit
1397 3042 1464 3076 ne

395 3100 666 3156 resurgat,
697 3093 825 3158 quia
858 3094 957 3144 scit
988 3111 1087 3145 nos
1130 3111 1239 3145 non
1278 3110 1463 3145 resur-

393 3177 517 3228 gere
554 3177 711 3227 posse
753 3164 870 3213 sine
900 3165 1235 3215 confessione
1260 3182 1274 3216 2
1297 3185 1325 3212 »
1350 3166 1462 3216 haec

389 3236 749 3302 Augustinus.
764 3238 918 3302 Pejus
938 3249 1017 3289 est
1035 3239 1275 3290 confiteri
1298 3240 1459 3300 nolle,

390 3322 556 3374 quam
588 3308 781 3374 Legem
807 3319 1164 3362 contemnere.
1193 3312 1353 3378 Pejus
1380 3323 1461 3363 est

388 3378 487 3429 Dei
556 3378 812 3430 offensam
874 3380 1235 3433 satisfactione
1315 3384 1461 3433 nolle

389 3450 625 3516 placare,
669 3466 832 3515 quam
870 3452 1134 3515 peccando
1165 3453 1263 3503 Dei
1292 3453 1457 3505 boni-

387 3531 552 3572 tatem
593 3520 877 3573 offendere.
918 3523 1179 3582 Quamvis
1220 3524 1454 3576 enimin

387 3591 710 3643 contritione
782 3592 1084 3643 dimittatur
1149 3605 1453 3660 peccatum,

388 3671 568 3713 tamen
608 3662 875 3714 confessio
924 3664 1121 3714 vocalis
1161 3666 1456 3716 necessaria

387 3743 486 3793 est,
516 3735 598 3783 vel
632 3734 689 3784 in
720 3750 775 3784 re
793 3773 805 3794 ,
853 3734 1066 3801 quando
1095 3734 1321 3785 habetur
1348 3752 1451 3803 op-

389 3805 707 3869 portunitas,
733 3807 814 3856 vel
841 3806 898 3856 in
918 3806 1213 3872 proposito,
1235 3809 1453 3873 quando

388 3876 645 3928 articulus
683 3879 1012 3931 necessitatis
1039 3895 1156 3930 eam
1185 3881 1450 3944 excludit,

387 3954 443 3996 et
492 3963 602 3998 non
658 3959 1000 4016 contemptus
1039 3950 1348 4018 religionis;
1401 3961 1453 4003 et

1077 339 1316 388 PRIMAE
1352 338 1600 389 PARTIS
1630 338 1863 391 CAPUT
1894 340 2010 392 XX.

1575 456 1648 508 ita
1686 457 1972 508 necessitas
2011 457 2296 509 confitendi
2340 467 2465 524 post
2503 474 2646 509 con-

1573 527 1847 579 tritionem
1886 544 1996 578 non
2023 537 2105 579 est
2145 528 2200 578 in
2234 529 2328 578 tali
2353 544 2481 579 casu
2510 543 2647 594 pro-

1576 610 1691 665 pter
1719 600 2082 651 necessitatem
2108 599 2351 659 remedii,
2390 600 2482 650 sed
2509 616 2646 666 pro-

1572 679 1688 734 pter
1715 669 2096 735 obligationem
2135 669 2403 736 praecepti.

1577 778 1580 781 ι
1636 759 1669 810 9
1702 745 1906 793 Saepxus
1955 760 2050 794 *ss-r
2099 758 2535 802 rnsoununum.
2577 771 2645 781 —

1574 815 1668 864 Est
1722 824 1899 865 autem
1948 815 2213 865 confessio
2263 814 2646 865 convenienter

1574 888 1837 949 instituta,
1881 899 1943 939 ut
1985 889 2079 955 qui
2136 889 2192 938 in
2247 904 2344 938 sua
2383 897 2645 954 potestate

1573 962 1798 1025 positus,
1837 976 1866 1011 a
1893 961 2005 1010 Deo
2030 961 2373 1022 discesserat;
2406 959 2508 1010 sub
2532 959 2644 1010 alio

1574 1032 1808 1096 positus,
1851 1048 1974 1082 cum
2025 1033 2332 1083 humilitate
2371 1042 2422 1083 et
2469 1033 2641 1082 devo-

1570 1103 1718 1152 tione
1743 1103 1953 1154 rediret.
1980 1105 2210 1169 Ideoque
2230 1103 2375 1153 Deus
2404 1102 2646 1154 instituit

1570 1174 1893 1224 sacerdotem
1942 1175 2026 1225 sui
2077 1174 2364 1233 vicarium,
2394 1182 2447 1224 et
2483 1173 2641 1240 quasi

1573 1245 1874 1306 medicum,
1924 1245 2010 1296 cui
2060 1255 2396 1310 peccatorum
2421 1245 2643 1296 vulnera

1571 1319 1964 1384 detegerentur,
2007 1327 2066 1367 ut
2095 1327 2334 1383 peccator
2364 1333 2474 1367 non
2502 1332 2534 1368 a
2563 1333 2641 1377 se,

1573 1390 1664 1440 sed
1689 1390 1756 1440 ab
1784 1389 1906 1449 alio,
1934 1389 2151 1453 majoris
2170 1387 2495 1437 humilitatis
2523 1403 2642 1438 cau·

1571 1476 1657 1521 sa,
1706 1460 2086 1511 satisfactionis
2114 1459 2435 1509 medicinam
2463 1458 2642 1508 susci-

1574 1542 1737 1597 peret.
1767 1532 1907 1581 Sunt
1944 1531 2090 1580 enim
2127 1538 2454 1580 sacramenta
2482 1529 2642 1594 quasi

1572 1605 1818 1670 quaedam
1861 1603 2164 1667 emplastra.
2196 1601 2432 1666 «Igitur,
2463 1610 2525 1650 ut
2566 1601 2643 1652 ait

1573 1675 1928 1741 AugustinuS,
1956 1682 2115 1738 ponat
2146 1687 2203 1722 se
2227 1671 2451 1721 omnino
2477 1671 2642 1736 poeni-

1553 1756 1690 1795 ‘tens
1720 1746 1776 1795 in
1807 1754 2061 1810 potestate
2104 1743 2313 1808 judiciS,
2350 1742 2404 1791 in
2437 1741 2641 1806 judicio

1571 1815 1879 1875 sacerdotiS,
1908 1815 2047 1865 nihil
2066 1814 2182 1864 sibi‘
2201 1828 2476 1863 reservans
2495 1827 2510 1875 ;
2544 1811 2641 1862 sed

1571 1886 1756 1936 omnia
1780 1896 1993 1951 paratus
2019 1884 2089 1934 sit
2109 1884 2295 1944 facere,
2317 1899 2379 1933 eo
2401 1883 2640 1949 jubente,

1573 1974 1669 2024 pro
1716 1957 2020 2023 recipienda
2057 1956 2167 2007 vita
2212 1955 2440 2019 animae,
2484 1971 2640 2021 quae-

1570 2044 1801 2094 cumque
1837 2027 2028 2078 faceret
2058 2042 2153 2093 pro
2181 2025 2426 2076 evitanda
2458 2041 2641 2090 corpo-

1571 2100 1647 2149 ris
1703 2109 1890 2149 morte.
1935 2097 2200 2148 Homines
2225 2097 2384 2147 etiam
2413 2097 2480 2146 ad
2512 2111 2640 2162 pec-

1571 2172 1801 2221 candum
1845 2169 2180 2220 efficerentur
2224 2167 2536 2236 proniores,
2589 2166 2638 2217 si

1568 2242 1931 2307 turpitudines
1985 2256 2110 2291 suas
2156 2256 2264 2291 non
2312 2239 2641 2289 aestimarent

1571 2314 1892 2365 revelandas.
1924 2314 1988 2363 Et
2007 2312 2136 2380 quia
2160 2312 2377 2362 initium
2408 2325 2638 2376 operum

1573 2385 1839 2434 bonorum
1906 2394 1986 2434 est
2044 2382 2339 2441 confessi0,
2410 2396 2638 2446 operum

1573 2458 1839 2507 malorum
1867 2457 2020 2507 valde
2046 2465 2126 2507 est
2162 2454 2295 2505 utile
2331 2452 2637 2504 confessio-

1572 2543 1696 2576 nem
1745 2525 2095 2592 frequentare.
2143 2524 2330 2575 Evenit
2368 2521 2516 2573 enim
2546 2536 2639 2571 cor

1571 2598 1720 2664 prius
1788 2597 2074 2648 contritum
2146 2606 2198 2646 et
2284 2594 2637 2645 humiliatum

1569 2669 1874 2720 confirmari
1919 2670 1976 2718 in
2021 2667 2386 2730 confessione;
2425 2675 2477 2716 et
2517 2666 2638 2731 ple-

1569 2756 1801 2806 rumque
1842 2750 2083 2806 peccator
2124 2740 2239 2790 solo
2277 2738 2498 2797 timore,
2550 2735 2638 2787 vel

1571 2811 1819 2862 Ecclesiae
1887 2809 2303 2873 consuetudine,
2373 2807 2636 2858 sacerdoti

1569 2892 1934 2948 praesentatuS,
1951 2897 2043 2947 per
2056 2881 2375 2931 sacerdotale
2393 2878 2636 2929 officium

1566 2968 1690 3003 vere
1718 2953 2128 3018 compungitur,
2172 2966 2231 3001 ac
2275 2951 2467 3015 plenus
2499 2949 2632 2998 cha-

1567 3027 1722 3076 ritate
1758 3025 1970 3076 recedit.
2014 3022 2275 3074 Nonnulli
2306 3022 2497 3081 etiam,
2537 3036 2636 3071 nec

1566 3115 1630 3149 ex
1659 3099 1815 3149 corde
1839 3098 2088 3160 redeunt3
2134 3096 2226 3146 sed
2254 3105 2433 3145 tamen
2462 3091 2637 3143 forma

1565 3169 1922 3237 poenitentiae,
1964 3184 2126 3234 quam
2167 3166 2470 3231 suscipiunt
2500 3179 2635 3230 pau-

1565 3240 1732 3300 latim,
1764 3239 1821 3289 in
1851 3240 1929 3290 eis
1961 3238 2325 3289 humilitatem
2351 3251 2473 3285 cum
2499 3234 2634 3284 cha-

1564 3310 1719 3360 ritate
1744 3310 1929 3360 nutrit.
1950 3311 2058 3359 Nec
2087 3307 2157 3358 ob
2179 3307 2438 3372 pudorem
2457 3319 2637 3355 cessas

1562 3396 1593 3431 a
1619 3379 1953 3430 confessione
1977 3397 1991 3429 ε
2026 3379 2156 3446 quia
2183 3374 2548 3428 erubescentia
2580 3383 2635 3425 et

1563 3451 1783 3519 pudoris
1829 3450 2084 3510 anxietas,
2118 3465 2178 3499 ac
2206 3445 2511 3525 confitentis
2534 3444 2633 3495 hu·

1563 3522 1781 3581 militaS,
1828 3521 2060 3571 maxima
2094 3535 2215 3586 pars
2247 3527 2328 3568 est
2356 3525 2633 3583 poeniten-

1561 3593 1664 3644 tiae.
1682 3612 1708 3640 »
1731 3594 1882 3643 Unde
1920 3591 2343 3659 Chrysostomus
2373 3604 2389 3636 :
2417 3604 2443 3632 «
2481 3585 2634 3635 Con-

1559 3664 1720 3715 fessio
1748 3674 2083 3729 peccatorum
2103 3671 2183 3711 est
2216 3660 2434 3725 signum
2474 3657 2633 3707 bonae

1559 3736 1772 3795 mentiS,
1804 3745 1855 3785 et
1885 3732 2261 3784 testimonium
2292 3727 2633 3780 conscientiae

1556 3806 1731 3856 Deum
1800 3804 2076 3866 timentis;
2139 3800 2406 3869 perfectus
2478 3797 2632 3849 enim

1556 3878 1721 3928 timor
1756 3877 1917 3927 solvit
1955 3891 2176 3926 omnem
2211 3874 2488 3939 pudorem.
2516 3870 2636 3920 Illic

1556 3957 1735 4000 autem
1771 3946 2050 4014 turpitudo
2090 3943 2449 3997 confessionis
2476 3941 2633 4009 aspi?-
