2784 4452
1949 234 1968 267 t

527 308 623 357 DE
656 307 1172 358 CONCEPTIONE
1203 309 1645 361 SALVATORIS
1677 311 1955 363 NOSTRI.
2300 332 2370 382 47

151 424 370 489 ptionem
407 424 779 484 humanitatiS‚
825 434 885 474 ut
911 425 1058 491 quod
1100 426 1197 476 im-

147 495 382 561 possibile
454 506 566 546 erat
636 495 852 546 mortali
943 497 1192 556 feminae,

143 567 331 631 objectu
351 576 535 616 tamen
552 565 751 616 vivifici
776 566 1015 632 corporis
1034 566 1195 618 ferret

137 638 464 704 praesentiam
521 638 843 702 majestatiS,
907 648 959 689 et
1018 639 1192 689 lucem

136 708 888 770 sustineret-inaccessibilem,
921 710 1062 759 sicut
1091 711 1190 771 sol,

135 783 335 847 quando
359 798 487 832 eum
514 782 638 832 visu
679 782 876 832 intueri
919 799 1031 832 non
1061 799 1192 849 pos-

132 871 335 916 sumus,
397 856 760 907 obumbratur
800 856 960 907 nobis
1006 858 1191 924 aliquo

131 929 398 980 velamine.
421 930 579 979 Unde
604 930 923 980 Bernardus
943 947 961 981 .·
991 948 1020 977 ει
1052 931 1193 990 Quia

133 1000 263 1051 Deus
302 999 530 1066 spiritus
582 1011 695 1061 est,
737 1017 839 1051 nos
880 1017 1007 1052 vero
1049 1018 1190 1064 car0,

136 1071 311 1122 umbra
348 1071 594 1136 corporis
641 1072 726 1122 sui
772 1073 1090 1138 temperavit
1133 1089 1191 1124 se

134 1142 294 1202 nobis,
338 1152 401 1192 ut
463 1143 674 1206 objectu
723 1142 949 1194 vivificae
1014 1145 1191 1195 carnis

134 1215 395 1265 videamus
425 1216 668 1266 Verbum
705 1215 763 1266 in
807 1233 983 1277 carne,
1018 1219 1188 1268 solem

135 1286 181 1335 in
206 1287 379 1347 nube,
417 1287 605 1336 lumen
656 1287 714 1336 in
760 1298 927 1349 testa,
976 1305 1187 1340 cereum

132 1356 394 1407 inlaterna
420 1375 434 1407 z
460 1377 489 1405 »
519 1358 635 1408 haec
665 1359 999 1412 Bet-nardus,
1031 1362 1189 1421 Quod

132 1439 292 1478 autem
330 1429 389 1479 in
436 1430 756 1481 Praefatione
795 1433 971 1484 Beatae
1008 1434 1191 1484 Mariae

131 1499 322 1550 mnitur
357 1518 372 1550 :
410 1501 546 1562 Quae
567 1507 620 1552 et
653 1502 1000 1568 Unigenitum
1034 1520 1189 1555 suum

132 1573 302 1624 Sancti
338 1575 587 1641 Spiritus
624 1576 1022 1628 obumbratione
1058 1594 1190 1629 con-

133 1645 270 1709 cepit,
293 1661 406 1694 non
428 1655 512 1695 est
539 1647 871 1697 contrarium
894 1648 1024 1698 huic
1041 1651 1188 1714 quod

130 1714 210 1765 hic
245 1716 469 1776 dicitur,
530 1717 877 1768 obumbratio
932 1719 1048 1770 fieri
1096 1735 1190 1785 per

129 1800 309 1851 corpus
359 1787 570 1837 Christi
617 1789 944 1853 applicatum
1002 1791 1189 1841 divino

136 1857 336 1907 lumini.
368 1859 510 1908 Cum
530 1858 681 1908 enim
699 1869 810 1909 tam
830 1861 1005 1912 Filius
1023 1879 1187 1928 quam

126 1929 342 1994 Spiritus
360 1921 591 1981 Sanctus
612 1931 724 1982 sint
742 1933 968 1985 virtutes
998 1937 1189 1996 PatriS,

127 2010 173 2049 et
218 2016 423 2066 corpus>
471 2002 677 2052 Christi
723 2004 940 2070 utrique
999 2006 1186 2056 virtuti

129 2072 411 2131 conveniat,
429 2072 572 2121 Filio
593 2083 852 2138 tanquam
871 2076 958 2126 cui
979 2078 1187 2138 unitur,

133 2141 340 2205 Spiritui
389 2144 586 2192 Sancto
638 2154 899 2210 tanquam
945 2149 1123 2212 agenti
1156 2164 1186 2198 a

126 2226 220 2277 quo
252 2212 554 2277 formatur;
599 2224 744 2279 patet
782 2217 929 2282 quod
952 2217 1067 2268 haec
1096 2219 1187 2269 ob-

127 2286 381 2337 umbratio
428 2298 540 2337 tam
580 2288 722 2338 Filio
757 2306 919 2355 quam
958 2293 1184 2357 Spiritui

125 2355 305 2406 Sancto
332 2358 623 2408 convenire
661 2370 854 2424 potest.
878 2362 945 2411 Et
972 2364 1186 2413 attende

125 2431 387 2493 quomodo
420 2431 511 2481 hic
552 2432 794 2498 Angelus
843 2444 1007 2484 totam
1055 2436 1185 2486 Tri-

127 2498 331 2550 nitatem
395 2501 608 2568 Virgini
677 2503 863 2555 edidit.
939 2506 1185 2555 Primum

125 2587 340 2639 namque
378 2575 645 2640 Spiritum
676 2578 933 2628 Sanctum
964 2580 1067 2629 sub
1094 2597 1189 2629 no-

126 2643 255 2694 mine
283 2646 509 2710 proprio
547 2659 955 2710 commemorat,
990 2650 1188 2701 deinde

124 2713 305 2765 Filium
337 2717 569 2768 nomine
592 2718 866 2780 .Virtuti5,
902 2731 956 2770 et
987 2736 1185 2772 conse-

126 2799 332 2851 quenter
377 2790 591 2839 Patrem
643 2792 870 2842 nomine
914 2792 1183 2843 Altissimi

126 2856 368 2910 insinuat.
417 2861 506 2910 Sic
552 2877 680 2927 ergo
716 2872 777 2912 ut
818 2872 1038 2913 notetur
1074 2874 1186 2915 tota

126 2928 348 2981 Trinitas
391 2930 582 2982 fecisse
615 2934 1060 2995 Incarnationem,
1083 2951 1184 3001 ap-

124 3000 343 3065 propriat
379 3001 484 3051 hoc
515 3002 741 3068 Spiritui
776 3005 969 3054 Sancto
1001 3006 1184 3055 Incar-

123 3071 345 3122 nationis
374 3074 831 3138 cooperationem,
865 3093 991 3126 cum
1018 3077 1182 3128 dicit:

123 3142 348 3208 Spiritus
377 3146 617 3197 Sanctus
647 3150 983 3214 superveniet
1017 3150 1070 3200 in
1099 3157 1148 3201 te
1160 3167 1181 3213 ,-

120 3215 198 3264 sed
216 3217 359 3267 Filio
380 3219 562 3269 carnis
582 3221 1034 3286 assumptionem,
1056 3239 1181 3274 cum

118 3289 354 3340 subditur
380 3307 395 3339 :
417 3291 498 3340 Et
517 3292 689 3344 virtus
715 3294 992 3346 Altissimi
1009 3298 1185 3348 obum-

121 3357 277 3410 brabit
324 3362 426 3412 tibi
437 3378 460 3424 ,⁰
491 3364 584 3412 sed
624 3363 776 3415 Patri‘
810 3367 1180 3419 auctoritatem

116 3442 225 3479 cum
280 3432 445 3491 dicit,
532 3433 825 3487 Altissimi.
896 3438 1179 3489 Excelsum

120 3515 342 3568 namque
386 3504 783 3557 Incarnationis
822 3523 962 3573 opus
1014 3510 1183 3560 totius

116 3571 391 3625 Trinitatis
421 3576 544 3637 fuit,
578 3578 708 3644 quia
734 3579 874 3630 sicut
906 3596 1176 3646 personae,

117 3644 185 3695 sic
211 3657 262 3697 et
281 3664 449 3713 opera
483 3649 772 3702 Trinitatis
799 3652 1181 3717 inseparabilia

116 3728 230 3768 sunt
277 3728 331 3769 et
381 3719 617 3772 indivisa
643 3739 659 3772 ε
693 3722 770 3774 ita
807 3733 868 3775 ut
910 3725 1179 3792 quidquid

116 3798 353 3851 operatur
391 3805 500 3841 una
544 3807 802 3857 persona,
843 3806 1095 3859 operetur
1126 3807 1179 3847 et

117 3859 219 3921 alia,
253 3863 513 3927 quamvis
533 3865 685 3915 solus
710 3865 885 3916 Filius
911 3866 1074 3919 fuerit
1101 3869 1182 3919 in-

116 3942 345 3985 carnatus
364 3973 379 3995 ,
429 3950 531 3985 nec
579 3936 762 3998 Pater,
798 3953 898 3989 nec
941 3940 1176 4006 Spiritus

1294 426 1561 490 *Sanctus3
1588 438 1650 478 ut
1665 444 1758 493 per
1778 430 2022 479 eamdem
2050 431 2369 495 sapientiam

1303 516 1412 566 qua
1445 502 1590 552 Deus
1622 503 1891 552 mundum
1921 503 2247 563 condiderat,
2279 521 2370 555 re-

1301 573 1507 637 paratio
1558 573 1742 636 fieret,
1796 585 1850 625 et
1913 575 2008 641 qui
2063 576 2158 625 Dei
2197 578 2370 629 Filius

1301 653 1414 693 erat
1442 644 1500 693 in
1527 645 1827 704 divinitate,
1867 645 1981 710 ipse
2003 644 2151 695 filius
2182 647 2370 697 homi-

1302 715 1389 765 nis
1422 714 1572 767 fieret
1622 718 1681 766 in
1730 718 2100 777 humanitate,
2135 734 2202 768 ne
2241 721 2368 770 Filii

1300 801 1503 835 nomen
1533 787 1600 835 ad
1629 786 1801 836 alium
1831 787 2099 846 transiret,
2133 788 2228 852 qui
2255 806 2368 840 non

1300 867 1443 907 esset
1490 857 1664 907 Filius
1715 869 1913 908 aeterna
1963 858 2255 909 nativitate.
2301 862 2368 912 Et

1300 930 1568 980 habemus
1606 931 1787 981 simile
1818 931 1884 981 de
1917 931 2092 981 tribus
2130 932 2369 983 induen-

1297 1001 1447 1051 tibus
1479 1017 1655 1051 unum
1686 1002 1754 1052 de
1792 1002 2116 1068 semetipsiS,
2140 1003 2205 1052 de
2236 1004 2369 1068 qui-

1300 1071 1403 1121 bus
1435 1071 1540 1121 dici
1575 1081 1769 1137 potest,
1799 1073 1946 1137 quod
1978 1088 2168 1122 omnes
2201 1073 2367 1124 simul

1297 1143 1522 1193 unicum
1559 1143 1764 1194 faciunt
1794 1160 1961 1209 opus;
2010 1156 2062 1194 et
2097 1145 2368 1210 quidquid

1296 1216 1425 1267 facit
1452 1233 1615 1277 unuS,
1654 1216 1780 1268 facit
1822 1218 1961 1268 alius
1975 1234 1991 1281 ;
2037 1235 2147 1268 non
2184 1229 2366 1268 tamen

1296 1287 1543 1338 induitur
1575 1288 1683 1338 nisi
1721 1304 1882 1339 unus·
1917 1290 2069 1340 Unde
2107 1290 2367 1356 Augusti-

1299 1373 1401 1407 nus
1429 1376 1446 1407 .-
1479 1377 1507 1404 «
1536 1359 1611 1408 Ita
1660 1358 1998 1424 singulorum
2036 1376 2265 1426 quaeque
2304 1361 2366 1411 in

1298 1427 1566 1477 Trinitate
1603 1443 1764 1493 opera
1809 1429 2049 1479 Trinitas
2092 1442 2362 1496 operatur,

1297 1501 1592 1567 unicuique
1658 1503 1903 1567 operanti
1950 1505 2366 1569 cooperantibus

1295 1573 1527 1633 duobuS,
1554 1573 1907 1624 conveniente
1927 1573 1980 1623 in
2002 1575 2175 1625 tribus
2194 1573 2366 1641 agen-

1295 1645 1349 1694 di
1382 1646 1684 1706 concordia,
1715 1663 1825 1696 non
1859 1646 1917 1696 in
1945 1663 2057 1697 uno
2089 1647 2367 1701 deficiente

1297 1714 1531 1765 efficacia
1560 1717 1866 1781 peragendi.
1897 1737 1925 1765 »

1367 1801 1430 1851 19
1472 1785 1744 1836 Cmusrus
1789 1803 1957 1838 ποτε
2009 1789 2248 1838 SANCTUS
2297 1806 2366 1839 ετ

1295 1857 1337 1906 F
1341 1873 1484 1911 mins
1504 1858 1603 1907 Dm
1632 1875 1974 1910 vocarun.—
1994 1861 2122 1911 Ideo
2146 1867 2198 1910 et
2224 1862 2368 1925 quod

1297 1935 1551 1978 nascetur
1587 1943 1662 1979 ex
1701 1937 1750 1979 te
1783 1930 2060 1992 Sanctum,
2091 1932 2367 1982 vocabitur

1296 2000 1481 2050 Filius
1497 2001 1605 2051 Dei
1613 2019 1633 2062 ‚-
1656 2017 1766 2051 non
1784 2003 2066 2068 adoptivus
2095 2004 2234 2054 sicut
2252 2004 2368 2066 alii,

1294 2072 1389 2120 sed
1413 2072 1691 2132 naturalis,
1740 2072 1835 2138 qui
1876 2084 2057 2123 tamen
2094 2075 2162 2124 ab
2207 2084 2372 2124 aeter-

1298 2159 1368 2193 no
1403 2143 1507 2193 fuit
1540 2144 1747 2205 Filius,
1782 2146 1877 2194 sed
1917 2162 2029 2195 non
2066 2146 2369 2204 ‚vocabatur

1292 2216 1376 2266 vel
1412 2214 1858 2266 manifestabatur
1895 2216 2116 2265 nomine
2161 2215 2366 2281 aliqu0,

1292 2286 1400 2335 nisi
1422 2286 1481 2336 in
1497 2296 1758 2351 tempore.
1781 2286 1947 2345 Quasi
1968 2287 2166 2336 diceret
2186 2304 2201 2336 ι
2226 2286 2370 2345 Quia

1293 2357 1443 2408 enim
1489 2356 1816 2407 foecundaris
1865 2357 2064 2407 virtute
2131 2358 2370 2423 Spiritus

1297 2428 1497 2487 Sancti,
1539 2445 1650 2478 non
1688 2429 1897 2494 prolem
1929 2428 2033 2478 viri
2063 2429 2368 2493 generabis,

1293 2499 1387 2547 sed
1408 2497 1612 2547 Filium
1631 2498 1728 2547 Dei
1750 2514 1763 2547 :
1786 2498 1915 2562 quia
1937 2514 2046 2547 non
2061 2514 2125 2547 ex
2139 2498 2373 2549 libidine

1296 2568 1589 2634 concipieS,
1631 2569 1754 2619 ideo
1786 2585 1897 2618 non
1925 2579 2250 2634 peccatorem
2272 2570 2372 2619 sed

1294 2641 1553 2691 Sanctum
1583 2640 1793 2706 gignes,
1827 2651 1879 2690 et
1903 2656 1999 2705 per
2031 2656 2371 2706 consequens

1292 2714 1415 2764 sine
1454 2715 1641 2765 dolore
1688 2714 1882 2781 paries·
1927 2715 2082 2765 Unde
2121 2717 2386 2765 Bernar-'

1292 2785 1395 2836 dus
1414 2804 1433 2836 .-
1457 2804 1484 2832 «
1502 2787 1645 2845 Quid
1660 2797 1743 2837 est
1760 2787 1951 2844 dicere,
1973 2786 2235 2852 quoniam
2257 2802 2368 2836 non

1290 2859 1358 2909 de
1394 2860 1652 2921 homine,
1683 2861 1777 2911 sed
1812 2861 1879 2910 de
1926 2860 2131 2925 Spiritu
2173 2862 2367 2911 Sancto

1291 2930 1601 2996 concipies?
1638 2931 1924 2997 Concipies
1972 2942 2151 2982 autem
2189 2934 2368 2982 virtu-

1296 3013 1406 3053 tem
1434 3003 1728 3063 Altissimi,
1760 3003 1864 3052 hoc
1890 3013 1971 3053 est
2000 3004 2204 3053 Filium
2233 3005 2366 3069 Dei;

1298 3076 1421 3126 ideo
1462 3083 1516 3126 et
1541 3076 1687 3141 quod
1709 3082 1962 3126 nascetur
1983 3091 2059 3126 ex
2087 3083 2150 3139 te,
2180 3078 2234 3127 id
2262 3087 2364 3139 est,

1290 3164 1355 3197 ex
1389 3158 1482 3198 tua
1513 3163 1639 3198 vera
1668 3158 1878 3207 natura,
1907 3149 2183 3211 Sanctum,
2212 3164 2365 3200 voca-

1291 3220 1436 3269 bitur
1463 3219 1644 3269 Filius
1675 3219 1796 3281 Dei,
1828 3218 1886 3268 id
1912 3229 2011 3278 est,
2049 3235 2160 3268 non
2180 3221 2361 3270 solum

1289 3291 1384 3357 qui
1414 3291 1480 3339 de
1510 3290 1636 3340 sinu
1667 3290 1837 3340 Patris
1870 3290 1928 3339 in
1957 3301 2174 3341 uterum
2202 3302 2370 3347 tuum,

1294 3361 1521 3412 veniens
1549 3361 1899 3412 obumbrabit
1933 3362 2053 3422 tibi,
2081 3364 2174 3412 sed
2194 3362 2359 3412 etiam

1293 3435 1348 3485 id
1386 3432 1532 3501 quod
1563 3435 1632 3485 de
1667 3445 1762 3486 tua
1794 3435 2095 3485 substantia
2132 3433 2360 3486 sociabit

1291 3504 1417 3565 sibi,
1467 3521 1532 3556 ex
1574 3505 1678 3555 hoc
1714 3506 1820 3571 jam
1857 3506 2132 3557 vocabitur
2176 3505 2358 3556 Filius

1287 3576 1396 3627 Dei
1407 3592 1428 3638 ;
1473 3577 1935 3642 quemadmodum
1980 3585 2033 3627 et
2082 3576 2130 3626 is
2180 3575 2273 3642 qui
2323 3589 2357 3626 a

1286 3648 1443 3698 Patre
1477 3658 1558 3698 est
1587 3657 1713 3698 ante
1750 3649 1928 3699 secula
1961 3646 2192 3713 genituS‚
2227 3656 2360 3697 tuus

1289 3739 1508 3789 quoque
1550 3723 1745 3773 amodo
1789 3722 2122 3789 reputabitur
2160 3720 2354 3773 Filius.

1284 3794 1373 3843 Sic
1410 3804 1589 3844 autem
1643 3803 1697 3844 et
1738 3795 1885 3860 quod
1934 3803 2119 3842 natum
2162 3801 2243 3842 est
2290 3807 2358 3844 ex

1285 3866 1424 3933 ipso,
1457 3867 1561 3918 erit
1587 3877 1734 3929 tuus,
1772 3878 1826 3917 et
1876 3866 2023 3933 quod
2059 3881 2123 3915 ex
2169 3875 2220 3917 te
2251 3882 2358 3919 na·-

1285 3943 1463 3994 scetur
1491 3942 1593 3994 erit
1619 3943 1764 4009 ejus;
1799 3951 1862 3993 ut
1892 3951 2072 3993 tamen
2113 3958 2225 3995 non
2244 3943 2359 3996 sint
