2784 4452
399 267 496 320 192
1032 248 1269 300 PRIMAE
1304 247 1553 299 PARTIS
1587 247 1821 299 CAPUT
1852 247 1992 298 XIX.

376 382 448 418 ,se
474 373 789 432 praeparent.
810 363 1140 415 Praenuntius
1164 361 1367 413 Christi
1399 362 1453 413 in

387 439 596 489 deserto
624 437 834 496 clamat,
858 435 987 502 quia
1018 436 1046 486 J
1051 436 1211 485 udaeae
1230 448 1262 485 a
1285 434 1454 500 gratia

385 508 485 558 Dei
513 507 733 557 desertae
760 515 815 556 et
851 505 1134 565 destitutae,
1167 519 1262 555 seu
1295 505 1452 554 dere-

382 580 523 632 lictae
545 578 796 631 solatium
819 577 1228 644 Redemptionis
1244 592 1453 628 annun-

382 653 498 704 tiat.
543 653 611 703 Et
663 653 799 703 bene
853 651 1164 717 designatur
1217 651 1451 701 Joannes

383 723 441 774 in
471 723 792 790 proprietate
813 721 984 785 vocis,
1030 720 1158 788 quia
1200 731 1311 770 erat
1348 736 1478 771 an--

383 795 661 846 nuntiator
695 792 857 844 Verbi
888 792 1078 853 divini,
1109 792 1163 841 id
1192 801 1272 841 est
1294 791 1452 853 Chri-

382 865 472 929 sti,
504 865 599 932 qui
630 862 926 915 secundum
969 861 1336 926 divinitatem,
1368 871 1449 912 est

378 935 619 986 Verbum
645 933 820 984 Patris
850 950 863 983 z
896 933 1035 983 sicut
1076 947 1180 982 vox
1208 933 1448 983 humana

368 1007 462 1058 'est
488 1006 788 1072 expressiva
815 1005 961 1056 verbi
1005 1006 1268 1059 mentalis,
1303 1005 1448 1056 ·Vox

379 1096 507 1147 ergo
535 1090 752 1131 vocatur
777 1081 1027 1139 loannes,
1055 1079 1183 1145 quia
1204 1080 1445 1130 Verbum

377 1164 596 1204 vocatur
625 1152 892 1204 Christus,
936 1152 1086 1202 Sicut
1125 1152 1274 1202 enim
1304 1167 1445 1217 prae-

379 1225 518 1275 cedit
543 1241 647 1275 vox
674 1225 918 1284 verbum,
948 1223 1022 1274 ita
1043 1225 1273 1274 loannes
1306 1239 1444 1288 prae-

374 1298 516 1348 cedit
557 1298 855 1349 Christum.
897 1298 1034 1348 Nam
1077 1297 1257 1348 statim
1286 1307 1349 1348 ut
1378 1313 1445 1347 ex

375 1387 467 1422 ore
498 1372 768 1439 loquentis
807 1387 974 1422 sonus
1002 1371 1061 1421 in
1098 1371 1443 1436 qualescum-

373 1457 480 1509 que
549 1442 818 1508 procedit,
890 1458 993 1493 vox
1057 1451 1168 1505 est3
1213 1442 1440 1493 verbum

347 1522 550 1562 -autem
607 1512 851 1562 nondum
911 1521 1009 1573 est,
1093 1512 1222 1579 quia
1279 1528 1441 1563 omne

370 1583 595 1634 verbum
637 1582 842 1648 aliquid
886 1582 1169 1648 significat.
1210 1584 1275 1633 Et
1302 1583 1442 1635 sicut

370 1668 474 1703 vox
503 1652 810 1703 manifestat
836 1653 1078 1713 verbum,
1103 1653 1180 1703 sic
1206 1654 1440 1704 Joannes

370 1723 680 1787 Christum3
742 1723 870 1791 quia
927 1733 1204 1790 propterea
1256 1724 1437 1786 venit,

368 1803 431 1844 ut
458 1809 581 1844 eum
612 1794 669 1844 in
702 1795 860 1845 Israel
890 1794 1273 1845 manifestaret.
1304 1796 1438 1845 Item

368 1880 472 1915 vox
511 1865 870 1932 propinquior
911 1874 992 1915 est
1030 1865 1193 1915 verbo
1215 1903 1228 1925 ,
1271 1881 1436 1932 quam

368 1949 565 1998 sonus;
629 1935 757 2002 quia
828 1935 1006 2001 primo
1073 1935 1289 1985 auditur
1345 1951 1437 1985 so·-

367 2020 504 2065 nus,
543 2005 736 2056 deinde
802 2005 1091 2072 percipitur
1140 2005 1285 2072 quod
1333 2021 1437 2057 vox

367 2085 477 2137 est,
509 2086 571 2127 et·
591 2075 785 2126 deinde
806 2076 1033 2126 verbum
1063 2076 1206 2142 quod
1237 2076 1436 2127 dicitur

367 2161 461 2211 per
485 2161 688 2198 vocem.
713 2145 798 2196 Sic
817 2146 1047 2197 Joannes
1076 2147 1435 2212 propinquior

365 2228 446 2268 est
503 2217 721 2269 Christo
772 2233 935 2285 quam
977 2217 1069 2268 alii
1124 2218 1430 2284 Prophetae,

364 2303 605 2355 quorum
634 2290 916 2355 prophetia
935 2288 1039 2339 fuit
1061 2289 1216 2356 quasi
1242 2306 1430 2350 sonuS,

363 2369 605 2424 respectu
646 2360 891 2423 Joannis3
937 2360 1064 2426 quia
1107 2360 1186 2411 illi
1228 2362 1293 2412 de
1341 2377 1430 2411 re-

364 2428 544 2488 motiS,
583 2427 683 2478 iste
715 2429 780 2478 de
810 2430 1116 2496 propinquo
1146 2430 1428 2481 Christum

363 2497 636 2559 indicavit,
666 2499 847 2549 dicens
877 2518 893 2549 ι
923 2501 1067 2551 Ecce
1084 2503 1280 2567 Agnus
1302 2502 1426 2553 Dei.

361 2567 555 2618 Merito
623 2584 750 2635 ergo
829 2570 1061 2620 Joannes
1136 2586 1430 2636 praecursor

359 2638 582 2688 Domini
612 2649 859 2703 vocatur3
903 2639 1032 2705 quia
1061 2650 1113 2689 et
1142 2641 1423 2702 nascendo,

360 2717 413 2759 et
456 2708 802 2775 baptizand0,
858 2718 910 2760 et
960 2710 1326 2776 praedicando,
1375 2721 1427 2763 et

360 2781 673 2843 moriendo,
737 2792 790 2834 et
863 2782 977 2847 ipsa
1044 2781 1127 2832 sui
1183 2783 1426 2834 nominis

359 2853 731 2916 appellatione,
793 2851 1070 2903 Christum
1125 2852 1424 2904 Dominum

359 2925 725 2989 praecurrebat.

421 2992 453 3043 6
485 2994 684 3045 Sem-m
723 2996 921 3046 Domm
966 3011 1218 3054 Quouono
1251 3012 1422 3047 PARA-

358 3064 500 3130 run?
527 3093 589 3104 —
615 3067 718 3116 Sed
765 3067 898 3134 quid
934 3067 1226 3128 clamabat,
1281 3068 1422 3118 alius

356 3137 698 3203 Evangelista
726 3139 802 3189 sic
832 3149 1026 3201 narrat,
1057 3140 1242 3191 dicens
1264 3158 1277 3191 ι
1299 3142 1421 3191 Ρα-

354 3216 488 3271 rate,
517 3208 569 3258 id
590 3218 670 3259 est
689 3220 993 3276 praeparate,
1015 3212 1155 3262 viam
1177 3211 1417 3274 Domini,

354 3280 554 3331 scilicet
591 3280 768 3347 quoad
816 3282 1190 3331 mandatorum
1219 3282 1419 3347 imple-

350 3353 586 3417 tionem;
622 3359 799 3403 rectas
832 3353 995 3411 facite
1033 3354 1252 3404 semitas
1279 3354 1414 3421 ejuS,

351 3423 551 3474 scilicet
596 3422 771 3490 quoad
824 3423 1174 3485 consiliorum
1208 3439 1415 3489 super-

350 3493 734 3558 erogationem,
784 3502 844 3544 ut
880 3492 995 3558 ipse
1025 3493 1092 3544 ad
1111 3509 1208 3543 vos
1228 3493 1415 3545 venire

346 3565 616 3631 dignetur,
665 3577 717 3618 et
744 3567 802 3617 in
832 3566 988 3617 vobis
1017 3566 1286 3628 habitare,
1317 3567 1412 3633 qui

349 3636 454 3686 nisi
503 3653 616 3703 per,
660 3639 801 3689 viam
860 3647 914 3689 et
970 3638 1189 3689 semitas
1247 3648 1412 3688 rectas

348 3710 519 3761 nescit
574 3711 845 3773 incedere,
884 3711 988 3762 ,vel
1039 3711 1105 3761 ad
1155 3709 1411 3761 homines

344 3778 563 3831 intrare.
586 3783 741 3833 Unde
764 3782 1078 3834 Psalmista:
1112 3782 1242 3832 Vias
1267 3787 1406 3841 tuas,

344 3852 590 3917 Domine,
620 3856 926 3909 demonstra
947 3855 1092 3919 mihi,
1110 3860 1162 3907 et
1188 3854 1407 3906 semitas
1476 3921 1481 3927 ι

1562 368 1684 413 tuas
1717 361 1876 413 edoce
1933 376 2031 412 me.
2079 361 2320 411 Primum
2362 361 2623 415 clamabat

1559 433 1624 482 ad
1644 448 1851 492 ornneS,
1872 431 2164 482 secundum
2185 433 2248 482 ad
2267 431 2622 498 proficientes,

1560 506 1625 556 Et
1659 506 1744 556 hae
1787 505 2021 568 semitae,
2050 519 2144 570 per
2179 519 2313 571 quas
2342 504 2447 555 cito
2471 521 2624 557 com-

1558 575 1813 642 pendiose
1875 575 2181 642 pervenitur
2240 576 2305 625 ad
2359 577 2585 642 patriam
2605 616 2622 638 ,

1558 645 1754 696 melius
1793 645 2146 697 rectificantur
2201 645 2259 695 in
2308 646 2622 707 solitudine,

1557 719 1611 769 id
1638 729 1716 769 est
1738 719 1793 769 in
1836 719 2235 770 mundanorum
2266 720 2624 786 elongatione,

1555 801 1608 842 et
1637 790 1948 842 omnimoda
1993 791 2372 857 temporalium
2412 793 2623 844 abstra-

1554 863 1760 926 ctione,
1814 878 1881 914 ne
1922 879 2014 929 per
2052 863 2213 913 colles
2241 862 2424 914 devios
2452 880 2623 915 mun—

1551 933 1702 984 danae
1729 933 2095 986 oblectationis
2116 972 2131 998 ‚
2174 933 2446 1000 contingat
2469 935 2623 985 ober-

1552 1019 1683 1054 rare.
1740 1004 1851 1054 Has
1899 1014 2080 1054 autem
2126 1004 2344 1054 semitas
2395 1004 2619 1070 quidam

1551 1076 1863 1142 obliquant,
1912 1077 2007 1143 qui
2049 1076 2279 1142 speciem
2322 1077 2621 1130 sanctitatis

1550 1150 1960 1215 praetendentes,
1971 1151 2053 1200 vel
2068 1149 2314 1201 habitum
2339 1151 2620 1217 religionis

1550 1231 1833 1287 gestante&
1856 1221 1914 1272 in
1938 1220 2293 1272 observantiis
2314 1221 2618 1288 religionis,

1549 1302 1602 1344 et
1643 1294 1885 1345 consiliis
1932 1293 2278 1361 evangelicis,
2325 1310 2432 1344 non
2474 1306 2618 1346 recte

1549 1366 1823 1418 ambulant
1847 1405 1863 1432 ‚
1934 1383 2029 1418 nec
2105 1366 2311 1434 seipsos
2372 1367 2429 1416 in
2504 1367 2618 1419 illis

1549 1438 1853 1489 rectificant.
1884 1438 1981 1508 Vel
2017 1453 2111 1504 per
2134 1437 2248 1489 vias
2275 1453 2396 1504 quae
2431 1439 2616 1504 aptio-

1548 1523 1632 1558 res
1660 1519 1799 1568 sunt,
1833 1518 2056 1574 possunt
2083 1507 2309 1574 intelligi
2341 1508 2613 1572 actiones;

1547 1593 1640 1643 per
1689 1578 1907 1630 semitas
1930 1617 1943 1640 ,
1991 1594 2111 1644 quae
2165 1578 2338 1644 magis
2390 1580 2615 1632 occultae

1545 1658 1691 1711 sunt,
1729 1650 1906 1700 cordis
1942 1649 2281 1700 intentiones·
2317 1649 2469 1700 Unde
2496 1666 2612 1714 pa-

1544 1725 1664 1770 rate
1695 1720 1837 1771 viam
1871 1721 2106 1782 Domini,
2139 1735 2233 1786 per
2260 1720 2388 1770 mali
2419 1721 2609 1772 deser-

1543 1791 1763 1850 tionem,
1808 1803 1860 1843 et
1903 1792 2031 1842 boni
2070 1792 2467 1857 operationem3
2511 1809 2613 1845 re-

1543 1870 1658 1914 ctas
1701 1864 1877 1932 facite
1927 1865 2146 1915 semitas
2202 1864 2344 1931 ejuS,
2399 1865 2455 1916 id
2504 1877 2608 1927 est,

1542 1934 1864 1986 intentiones
1910 1935 2172 1995 occultas»,
2215 1935 2367 1985 facite
2415 1946 2607 1998 rectaS,

1543 2024 1652 2058 non
1696 2008 1965 2069 distortaS,
2005 2007 2205 2058 scilicet
2238 2023 2335 2073 pro
2366 2010 2606 2071 aeternis,

1542 2095 1651 2129 non
1682 2095 1779 2144 pro
1806 2078 2035 2129 terrenis
2065 2077 2284 2128 faciatis.
2316 2078 2605 2131 Reforma-

1538 2150 1615 2200 tio
1641 2149 1895 2217 imaginis
1924 2150 1982 2200 in
2007 2158 2203 2210 mente,
2233 2149 2289 2199 in
2312 2149 2414 2201 hoc
2438 2160 2606 2202 atten-

1536 2221 1700 2283 ditur,
1731 2222 1877 2289 quod
1906 2221 2068 2272 facies
2097 2220 2294 2271 mentis
2323 2221 2606 2275 incurvata

1535 2294 1601 2343 ad
1629 2304 1843 2354 terram,
1875 2309 1968 2360 per
1995 2306 2329 2344 terrenorum
2360 2294 2602 2345 oblecta-

1533 2363 1753 2425 tionem,
1782 2364 2015 2430 erigatur
2046 2379 2279 2423 sursum,
2310 2374 2361 2414 et
2399 2364 2604 2415 rectifi-

1535 2445 1681 2486 cetur
1695 2451 1789 2501 per
1804 2436 2100 2486 coelestium
2115 2434 2602 2487 considerationem

1534 2509 1586 2555 et
1636 2505 1998 2556 dilectionem.
2050 2504 2206 2555 Unde
2256 2504 2313 2554 in
2359 2505 2602 2557 Canticis

1533 2575 1727 2642 legitur
1785 2593 1798 2626 ε
1844 2576 2002 2626 Recti
2059 2574 2298 2641 diligunt
2340 2581 2390 2626 te
2400 2591 2420 2636 ;
2477 2576 2600 2639 ubi,

1534 2647 1827 2696 secundum
1856 2645 2212 2707 Ber-nardum,
2241 2645 2376 2695 recti
2402 2643 2606 2696 intelli-

1532 2728 1750 2784 guntur,
1786 2718 1880 2784 qui
1912 2734 1942 2768 a
1971 2717 2197 2768 terrenis
2219 2726 2355 2770 ,sunt
2382 2716 2597 2768 abstra-

1531 2789 1621 2849 cti,
1651 2804 1710 2839 ac
1734 2787 2186 2854 contemplatione
2214 2797 2266 2837 et
2305 2786 2598 2838 dilectione

1531 2860 1629 2911 toti
1666 2861 1732 2911 ad
1774 2874 2005 2925 superna
2048 2858 2225 2910 erecti.
2264 2857 2419 2909 Unde
2461 2857 2602 2909 dicit

1529 2931 1674 2997 quod
1717 2945 1955 2998 quaerere
1995 2938 2047 2980 et
2086 2944 2269 2995 sapere
2308 2944 2427 2994 quae
2464 2941 2602 2981 sunt

1530 3016 1690 3066 super
1733 3010 1947 3061 terram,
1985 2998 2213 3049 curvitas
2254 2998 2450 3049 animae
2491 3010 2604 3059 est,

1530 3067 1775 3121 meditari
1829 3085 1953 3120 vero
2010 3078 2062 3119 et
2112 3067 2412 3118 desiderare
2467 3085 2601 3135 quae

1527 3156 1744 3191 sursum
1787 3149 1934 3201 sunt,
1972 3137 2250 3189 rectitudo,
2286 3137 2387 3187 Cui
2428 3139 2598 3190 etiam

1524 3211 1874 3271 rectitudini,
1956 3210 2255 3261 secundum
2336 3210 2596 3262 eumdem

1526 3281 1883 3343 Bernardum,
1911 3289 2190 3350 ‚attestatur
2234 3290 2435 3330 statura
2466 3295 2598 3331 ere-

1524 3364 1605 3405 cta
1628 3353 1867 3419 corporis
1892 3352 2137 3403 humani.
2164 3351 2306 3411 Quid
2336 3352 2482 3402 enim
2510 3351 2595 3403 in-

1522 3427 1815 3490 decentiuS,
1844 3442 2008 3494 quam
2033 3441 2258 3476 curvum
2282 3435 2425 3475 recto
2461 3441 2594 3475 cor-

1525 3515 1653 3565 pore
1678 3514 1858 3565 gerere
1899 3495 2176 3547 animum?
2210 3497 2458 3547 Perversa
2500 3511 2602 3548 res

1521 3580 1600 3620 est
1629 3579 1694 3621 ,et
1732 3568 1872 3620 foeda
1884 3584 1899 3632 ;
1941 3569 2146 3620 luteum
2173 3582 2284 3631 vas,
2314 3566 2460 3633 quod
2504 3575 2593 3618 est

1517 3656 1711 3706 corpus
1739 3640 1805 3690 de
1837 3648 1992 3698 terra,
2017 3638 2202 3688 oculos
2234 3637 2430 3688 habere
2454 3652 2589 3687 sur-

1518 3726 1659 3770 sum,
1690 3711 1852 3761 coelos
1894 3708 2060 3759 libere
2095 3707 2375 3774 respicere,
2412 3706 2590 3771 spiri-

1518 3782 1716 3832 tualem
1763 3796 1887 3831 vero
1933 3780 2307 3845 coelestemque
2368 3788 2589 3828 creatu-

1517 3868 1787 3918 ram-suos
1822 3869 1851 3905 e
1879 3851 2144 3905 contrario
2172 3852 2374 3913 oculos,
2413 3849 2468 3901 id
2500 3860 2594 3903 est
