2784 4452
1066 1296 1537 1385 TITULI

223 1665 958 1837 CAPITUM
1089 1663 1191 1829 81
1300 1665 2383 1830 NUMERORUM

891 2099 1120 2168 PER
1172 2098 1551 2169 ORDIN
1577 2099 1731 2167 EM

1170 2353 1433 2370 mmmm

950 2602 1609 2668 PROOEM'IUM

221 2887 242 2921 1
284 2870 484 2921 Salutis
508 2868 920 2921 fundamentum
943 2871 1096 2922 Chri·
1418 2878 1470 2919 et
1501 2867 1802 2933 disciplina.
2383 2885 2414 2936 7

242 2952 376 2991 stus·
1218 2957 1238 2991 1
1363 2954 1428 2990 10
1483 2939 1583 2989 Est
1640 2938 1807 2988 nobis
1860 2937 2015 3004 quusi
2067 2952 2269 3004 specu-

215 3028 245 3062 2
297 3013 544 3062 Peccator
586 3010 842 3061 invitatur
880 3012 944 3062 ad
995 3028 1092 3063 ve-
1418 3012 1552 3061 lurn.
2378 3027 2409 3073 7

246 3085 392 3136 niam
423 3094 477 3135 et
507 3084 862 3134 imitationem
882 3084 1111 3135 Christi.
1219 3100 1236 3133 1
1362 3101 1381 3135 1
1403 3102 1420 3135 1
1465 3085 1752 3135 Methodus
1796 3100 1905 3150 quo
1954 3084 2257 3136 meditanda

217 3154 245 3205 3
277 3156 401 3207 Vita
425 3154 629 3207 Christi
652 3165 865 3221 propter
884 3165 1088 3222 septem
1419 3167 1498 3208 est
1529 3157 1641 3207 vita
1664 3156 1889 3207 Christi.
2374 3157 2409 3205 8

245 3227 617 3277 desideranda.
1212 3242 1241 3275 2
1363 3244 1423 3278 12
1462 3228 1593 3278 Loci
1641 3227 1937 3278 notificatio
1969 3224 2256 3291 aliquando

212 3313 252 3361 4
275 3298 450 3363 Hujus
475 3298 597 3348 vitae
625 3295 848 3348 fructuS.
1211 3314 1241 3347 2
1418 3298 1652 3364 prodest.
2375 3312 2409 3363 9

219 3368 247 3419 5
306 3369 706 3435 Compendium
754 3368 879 3420 vitae
927 3369 1098 3420 Chri-
1359 3368 1419 3421 13
1467 3370 1763 3420 Dominum
1796 3370 1856 3421 in
1884 3367 2147 3419 omnibus
2166 3366 2256 3416 in-

248 3441 339 3493 sti.
377 3477 382 3482 2
419 3479 423 3484 -
627 3497 632 3501 ,
1213 3440 1239 3491 3
1415 3440 1552 3491 tueri
1575 3441 1852 3492 debemus,
2374 3455 2410 3505 9

213 3511 248 3563 6
283 3513 344 3563 S.
365 3512 671 3564 Bernartius
689 3512 864 3572 vilarni
886 3511 1099 3564 Christi.
1359 3526 1425 3575 14
1451 3512 1662 3563 Formae
1697 3509 1899 3564 Christi
1934 3508 2245 3575 descriptio.
2345 3524 2411 3560 no

242 3581 619 3649 frequentavit.
1209 3596 1245 3645 4
1359 3581 1421 3631 15
1446 3582 1721 3650 Evangelii
1749 3578 2161 3634 commendatio.
2348 3593 2411 3630 ιο

209 3668 243 3717 7
277 3650 992 3703 Commendaturmeditatio
1014 3652 1096 3703 vi-
1360 3651 1425 3705 16
1468 3654 1825 3721 Evangelistae
1883 3668 1994 3702 non
2045 3665 2261 3717 semper

185 3779 190 3785 ,
239 3730 309 3774 tae
339 3721 574 3774 chtisti.
1210 3719 1239 3770 5
1419 3740 1599 3776 rerum
1669 3735 1943 3791 gestarum
2008 3721 2260 3772 ordinem

207 3792 242 3843 8
265 3793 545 3844 Virtutum
571 3792 820 3843 omnium
845 3793 1086 3859 exempla
1416 3806 1781 3848 servaverunt.
2344 3807 2407 3841 12

195 3904 201 3911 .
237 3863 296 3913 in
327 3862 569 3915 Christo.
1207 3863 1240 3914 6
1362 3882 1425 3934 17
1450 3866 1764 3917 Exhortatio
1793 3866 1869 3916 ad
1890 3864 2137 3917 animam·
2161 3859 2258 3916 die-
2366 3899 2385 3920 s

210 3948 244 4000 9
269 3934 408 3985 Tota
434 3933 544 3985 vita
568 3933 770 3986 Christi
800 3933 1084 3987 instructio
1416 3947 1610 3988 votam.
2348 3950 2407 3985 12
