2784 4452
349 246 452 296 240

345 361 479 398 rona
504 344 779 412 proposita
806 353 903 404 est,
935 343 1213 395 subeunda
1237 352 1409 394 certa-

349 419 654 481 minasunt;
685 433 844 467 nemo
865 427 1055 483 potest,
1070 416 1175 466 nisi
1203 416 1407 475 vicerit,

348 489 617 551 coronari;
652 503 811 538 nemo
839 498 1017 538 autem
1046 488 1278 547 vincere,
1305 487 1408 537 nisi

347 570 468 610 ante
500 559 794 609 certaverit.
821 559 924 625 Ipsi
951 571 1168 625 quoque
1196 572 1409 607 coronae

349 632 517 697 major
535 641 614 680 est
642 631 863 691 fructuS,
893 628 986 679 ubi
1022 629 1192 694 major
1214 636 1294 678 est
1324 629 1408 678 la-

348 703 464 754 bor.
513 704 577 752 Et
606 701 725 751 ideo
752 701 1101 751 tentationem
1130 713 1407 765 nunquam

346 774 538 824 timere
589 773 881 831 debemuS,
929 781 1009 821 est
1053 771 1201 821 enim
1247 785 1408 821 causa
1447 806 1450 815 ⁴

345 842 585 894 victoriae
615 881 628 902 ,
690 841 910 892 materia
969 840 1405 907 triumphorum3

268 954 272 958 Α
347 933 458 968 non
490 916 777 967 timeamus
806 914 1149 974 tentationes,
1176 914 1268 963 sed
1299 930 1409 964 ma·

347 988 431 1054 gis
467 988 522 1038 in
562 986 945 1037 tentationibus
985 985 1295 1051 gloriemur,
1330 986 1409 1035 di-

346 1069 527 1109 centes
557 1073 681 1107 cum
710 1057 967 1122 Apostolo
1018 1072 1033 1106 ε
1088 1057 1221 1106 Cum
1248 1057 1409 1124 infir-

346 1146 482 1192 mor,
516 1136 637 1180 tunc
666 1136 861 1196 potens
910 1144 1042 1180 sum.
1072 1130 1228 1179 Tunc
1260 1129 1405 1179 enim

346 1201 574 1253 nectitur
612 1216 806 1251 corona
827 1199 1075 1266 justitiae;
1103 1201 1230 1251 tolle
1260 1202 1407 1250 Mar-

344 1282 525 1338 tyrum
555 1271 874 1331 certamina,
932 1270 1103 1321 tulisti
1150 1285 1403 1333 coronas;

342 1346 471 1397 tolle
505 1344 792 1403 cruciatuS,
833 1343 1001 1394 tulisti
1031 1343 1404 1394 beatitudines.

343 1418 462 1468 Non
490 1417 748 1467 debemus
780 1416 944 1481 igitur
982 1415 1299 1466 tentationes
1330 1431 1406 1467 se-

342 1488 449 1538 culi
480 1503 576 1554 pro
605 1486 760 1537 malis
792 1486 999 1545 timere,
1034 1485 1235 1552 quibus
1262 1486 1405 1536 bona

345 1558 564 1625 praemia
590 1566 982 1622 comparantur,
1013 1556 1104 1606 sed
1126 1556 1297 1622 magis
1323 1572 1407 1607 ro-

343 1644 465 1694 gare
490 1626 938 1692 contemplatione
953 1626 1279 1676 conditionis
1302 1627 1405 1677 hu-

349 1714 540 1758 manae,
566 1708 626 1747 ut
657 1712 744 1747 eas
763 1696 1086 1747 tentationes
1114 1696 1405 1747 subeamus

340 1786 476 1836 quas
516 1769 651 1819 ferre
703 1784 992 1834 possumus
1020 1784 1034 1817 ε
1064 1788 1091 1815 ι)
1120 1768 1235 1818 haec
1262 1771 1401 1819 Am-

342 1843 572 1893 brosiuS.
604 1842 758 1892 Unde
786 1851 838 1891 et
865 1842 1173 1906 Prosper-us
1208 1857 1224 1892 .·
1260 1858 1288 1887 «
1316 1842 1400 1891 Ad

342 1929 593 1981 magnam
624 1913 906 1964 utilitatem
938 1912 1182 1963 fidelium
1222 1928 1401 1963 reser-

337 1996 459 2035 vata
481 1994 561 2034 est
577 1983 794 2034 materia
813 1983 1183 2043 certaminum,
1208 1994 1268 2034 ut
1288 1999 1398 2034 non

338 2055 609 2121 superbiat
651 2054 893 2105 sanctitas
915 2093 929 2115 ,
976 2054 1235 2120 quamdiu
1291 2054 1400 2104 ho-

335 2127 502 2178 stium
530 2126 806 2176 incursum
840 2124 1000 2175 sentit
1029 2123 1337 2175 infirmitas.
1368 2143 1397 2172 n

404 2197 469 2249 25
501 2199 891 2249 Tnnnrronun
930 2212 1137 2248 spsscnzs
1174 2213 1240 2248 ετ
1293 2213 1400 2247 κο-

338 2286 457 2321 nus,
514 2298 575 2308 —
628 2272 865 2320 Attentat
919 2280 1097 2319 autem
1153 2269 1401 2319 diabolus

338 2341 637 2405 specialiter
665 2355 755 2390 sex
789 2339 965 2389 modis
999 2356 1014 2389 ι
1045 2340 1101 2390 in
1129 2339 1286 2390 bonis
1307 2356 1400 2406 per

337 2412 644 2473 elationem,
673 2412 728 2460 in
764 2410 919 2460 malis
949 2426 1042 2477 per
1068 2412 1400 2477 desperatio-

339 2498 484 2542 nem,
515 2482 571 2532 in
620 2482 730 2531 otio
760 2497 854 2546 per
892 2482 1180 2541 luxuriam,
1211 2482 1268 2532 in
1302 2498 1400 2532 ne-

338 2551 500 2618 gotiis
530 2566 624 2617 per
661 2550 1046 2611 turbationem,
1094 2551 1151 2602 in
1195 2552 1400 2616 justitia

336 2638 432 2687 per
476 2621 836 2672 crudelitatem
862 2660 875 2681 ,
930 2621 986 2670 in
1034 2621 1399 2673 misericordia

335 2710 431 2760 per
468 2694 845 2744 adulationem.
874 2694 939 2744 Et
967 2694 1218 2760 quamvia
1250 2696 1398 2745 mul-

335 2766 407 2816 tis
453 2766 628 2816 modis
678 2777 875 2827 tentet,
929 2776 1163 2832 quatuor
1221 2776 1398 2817 tamen

336 2838 515 2887 modis
572 2837 872 2903 specialiter
912 2836 1105 2902 decipit
1133 2847 1185 2887 et
1213 2836 1350 2888 fallit
1379 2854 1395 2887 ε

336 2908 514 2974 primo
541 2946 555 2968 ,
605 2909 880 2958 suadendo
929 2907 1131 2957 bonum
1185 2917 1399 2973 propter

338 2979 560 3039 malum,
609 2988 667 3028 ut
708 2995 830 3029 cum
891 2976 1101 3028 homini
1158 2977 1395 3029 instabili

334 3049 520 3108 suadet
540 3048 818 3113 religionis
839 3048 1158 3114 ingressum,
1181 3057 1398 3114 propter

330 3121 436 3173 hoc
460 3131 520 3171 ut
548 3131 805 3186 apostatet
827 3123 1192 3187 postmodum.
1220 3149 1281 3159 —
1308 3118 1397 3184 Se-

331 3192 527 3252 cundo,
552 3192 824 3241 suadendo
854 3193 1057 3242 malum
1086 3193 1189 3242 sub
1218 3192 1395 3257 specie

332 3265 480 3329 boni,
501 3274 560 3315 ut
589 3264 852 3330 perjurare
885 3280 980 3329 pro
1011 3264 1169 3315 rebus
1199 3264 1392 3315 alienis

330 3336 728 3389 conservandis.
750 3366 813 3373 —
841 3336 1042 3396 Tertio,
1071 3338 1391 3388 dissuaden-

327 3410 399 3459 do
446 3410 650 3459 bonum
704 3418 958 3475 tanquam
1015 3408 1298 3469 nocivum,
1328 3419 1389 3459 ut
1431 3459 1434 3462 ,

326 3495 453 3530 cum
482 3479 752 3529 dissuadet
781 3479 924 3528 bono
959 3477 1074 3528 viro
1113 3478 1390 3545 religionis

327 3548 652 3615 ingressum,
685 3563 751 3598 ne
797 3548 863 3597 de
889 3547 993 3598 hoc
1019 3548 1300 3613 paeniteat,
1335 3559 1387 3600 et

327 3619 608 3685 egrediens
633 3618 1008 3669 confundatur.
1044 3618 1144 3669 Vel
1173 3621 1387 3684 quando

327 3689 599 3741 dissuadet
626 3690 782 3741 alicui
811 3689 1107 3740 orationem
1134 3692 1217 3741 vel
1245 3691 1388 3741 elee-

330 3778 627 3829 mosynam,
683 3778 749 3812 ne
777 3779 869 3829 per
897 3763 1000 3813 hoc
1041 3763 1276 3814 incurrat
1306 3779 1390 3814 va-

326 3849 455 3886 narn
501 3836 745 3902 gloriam.
801 3864 861 3875 —
907 3836 1110 3896 Quarto
1128 3875 1141 3898 ,
1171 3836 1386 3888 dissua-

969 228 1209 279 PRIMAE
1246 228 1492 280 PARTIS
1524 228 1759 280 CAPUT
1793 229 1953 280 XXII.

1521 343 1699 394 dendo
1729 344 1932 394 malum
1971 353 2030 395 ut
2072 345 2221 411 pejus
2246 346 2487 407 adducat,
2523 358 2586 400 ut

1519 414 1737 479 quando
1791 414 2064 465 dissuadet
2122 415 2582 482 intemperantiam

1517 483 1688 534 victus
1729 494 1781 534 et
1820 485 2020 546 somni,
2049 496 2108 536 ut
2152 486 2208 536 in
2244 502 2350 536 non
2379 487 2588 539 discre-

1516 564 1625 604 tam
1665 555 2044 606 abstinentiam
2064 595 2077 618 ,
2126 559 2272 624 quod
2305 558 2453 623 pejus
2479 570 2582 620 est,

1518 625 1753 676 inducat.
1816 627 1983 678 Multa
2034 643 2159 694 ergo
2220 628 2584 681 sollicitudine

1518 697 1920 760 praecavendum
1951 708 2031 748 est
2056 698 2331 759 omnibus,
2364 715 2430 750 ne
2457 700 2584 751 dia-

1519 767 1707 833 bolicis
1752 768 2026 834 capiantur
2081 768 2296 820 insidiis
2322 808 2336 829 ‚
2378 779 2430 820 et
2464 772 2585 836 ejus

1518 838 1858 890 involvantur
1912 840 2150 907 laqueis,
2206 857 2345 908 quos
2376 843 2582 909 ubique

1518 910 1797 973 praetendit
1846 913 2021 962 modis
2072 911 2250 963 variis.
2291 913 2583 967 UndeLeo

1517 982 1658 1049 Papa
1693 998 1708 1033 z
1740 1004 1763 1030 ι
1810 985 1928 1035 Non
1966 985 2167 1036 desinit
2216 987 2389 1038 hostis
2432 989 2582 1039 anti-

1516 1068 1657 1118 quus
1686 1053 2071 1121 transfigurans
2116 1071 2172 1107 se
2219 1056 2275 1106 in
2307 1058 2577 1123 Angelum

1517 1121 1654 1172 lucis
1697 1123 2072 1189 deceptionum
2105 1112 2326 1192 laquebs
2375 1127 2580 1194 ubique

1519 1194 1861 1257 praetendere.
1945 1195 2105 1246 Novit
2176 1197 2260 1247 cui
2325 1198 2581 1250 adhibeat

1515 1275 1678 1316 aestus
1705 1266 2032 1332 cupiditatis,
2062 1269 2149 1319 cui
2178 1269 2449 1320 illecebras
2474 1287 2580 1337 gu-

1515 1339 1577 1388 1ae
1608 1339 1828 1405 ingerat,
1860 1341 1947 1391 cui
1978 1352 2211 1408 apponat
2233 1342 2582 1396 incitamenta

1514 1410 1753 1471 luxuriae,
1776 1411 1862 1461 cui
1891 1413 2142 1464 infundat
2160 1414 2307 1464 virus
2336 1414 2573 1467 invidiae.

1513 1480 1674 1531 Novit
1744 1497 1907 1548 quem
1965 1499 2190 1534 rnoerore
2258 1487 2538 1538 conturbet
2558 1525 2573 1547 ,

1513 1566 1675 1616 quem
1696 1553 1890 1618 gaudio
1913 1552 2075 1613 fallat,
2106 1570 2266 1621 quem
2292 1566 2445 1607 metu
2473 1572 2575 1623 op-

1511 1623 1724 1688 primat,
1751 1640 1911 1690 quem
1943 1627 2299 1679 admiratione
2326 1630 2571 1693 seducat;

1510 1709 1730 1745 omnem
1801 1696 2019 1748 discutit
2087 1700 2572 1761 consuetudinem,

1508 1766 1727 1817 ventilat
1745 1784 1915 1833 curaS,
1945 1780 2213 1821 scrutatur
2238 1772 2487 1836 affectus;
2520 1784 2573 1824 et

1510 1835 1583 1885 ibi
1632 1839 1822 1902 quaerit
1871 1856 2054 1891 causas
2131 1842 2393 1902 nocendi,
2475 1843 2570 1894 ubi

1508 1922 1777 1974 quemque
1824 1910 2120 1962 studiosius
2166 1911 2359 1966 viderit
2403 1929 2573 1964 occu-

1508 1977 1650 2042 pari:
1676 1998 1703 2024 n
1729 1979 1840 2030 haec
1876 1982 2001 2032 Leo,
2030 1982 2268 2033 Sollicite
2295 1998 2422 2050 ergo
2450 1985 2571 2050 qui-

1508 2049 1637 2100 libet
1662 2051 1863 2117 vigilet,
1895 2053 2022 2118 quia
2049 2055 2229 2105 nullus
2256 2054 2374 2105 sine
2401 2065 2572 2107 tenta-

1509 2118 1655 2170 tione
1685 2130 1782 2170 est.
1819 2121 1974 2171 Unde
2002 2123 2319 2173 Ber-nardus
2348 2141 2366 2174 .·
2397 2142 2423 2170 «
2453 2126 2569 2176 Hoc

1509 2192 1854 2258 praemonitos
1881 2209 1977 2245 vos
2005 2210 2121 2246 esse
2149 2197 2288 2260 v010,
2309 2197 2436 2264 quia
2466 2213 2567 2249 ne-

1508 2282 1598 2316 mo
1634 2267 1690 2316 in
1724 2283 1942 2333 corpore
1986 2269 2160 2320 vivere
2209 2271 2402 2336 poterit
2452 2272 2568 2324 sine

1506 2340 1816 2401 tentatione,
1850 2352 1902 2392 et
1930 2342 2024 2408 qui
2049 2344 2116 2393 ab
2144 2359 2250 2394 una
2292 2344 2565 2407 liberatur,

1509 2410 1686 2461 statim
1717 2424 1981 2478 exspectet
2007 2414 2183 2478 aliam,
2227 2425 2279 2465 et
2319 2415 2393 2465 sic
2425 2427 2568 2483 petat

1507 2481 1574 2531 ab
1601 2497 1661 2532 ea
1681 2481 1913 2548 liberari,
1946 2494 2005 2534 ut
2033 2485 2240 2535 noverit
2259 2484 2417 2535 aliam
2435 2502 2568 2552 pro-

1507 2552 1654 2602 tinus
1684 2569 1798 2604 esse
1841 2566 2148 2620 venturam3
2196 2557 2390 2623 saepius
2417 2558 2565 2609 enim

1504 2622 1566 2673 fit
1592 2632 1653 2672 ut
1686 2639 1847 2674 unam
1877 2626 2141 2677 Dominus
2179 2627 2409 2694 patiatur
2436 2629 2569 2680 diu-

1505 2692 1613 2743 tius
1642 2691 1943 2755 immorari,
1971 2711 2038 2745 ne
2082 2697 2186 2746 alia
2215 2697 2385 2763 possit
2412 2713 2564 2749 acce-

1503 2765 1657 2823 dere,
1702 2774 1794 2814 aut
1824 2765 1890 2815 ab
1927 2782 2035 2816 una
2063 2767 2222 2818 citius
2250 2768 2472 2829 liberet,
2503 2779 2563 2820 ut

1503 2835 1606 2885 alia
1634 2835 1803 2901 possit
1831 2852 2070 2888 exercere
2099 2855 2157 2888 ι»
2187 2839 2297 2889 haec
2317 2840 2563 2891 Bernar-

1505 2907 1625 2958 dus·

1568 2979 1637 3030 26
1666 2981 1746 3031 Dr:
1773 2995 2179 3032 umrsrnxrronn
2211 2980 2564 3029 Ακῦειοιωκ.

1503 3080 1563 3090 —-
1586 3053 1822 3103 Victoria
1846 3053 2025 3119 itaque
2057 3050 2188 3102 facta
2219 3061 2271 3102 et
2303 3061 2564 3102 tentatore

1503 3122 1640 3172 victo
1673 3139 1781 3189 prae
1806 3122 2121 3173 confusione
2150 3122 2443 3184 recedente,
2461 3136 2563 3171 ve-

1504 3205 1700 3245 nerunt
1729 3206 1792 3245 et.
1822 3194 2092 3244 redierunt
2118 3192 2332 3259 Angeli,
2353 3203 2414 3243 ut
2438 3207 2563 3243 ser-

1499 3265 1703 3317 vientes
1724 3264 2013 3330 etsubjecti
2027 3263 2132 3313 sibi
2151 3265 2216 3313 ad
2235 3263 2558 3328 obsequium

1498 3338 1700 3402 parati,
1738 3347 1790 3388 et
1828 3337 2135 3388 accedentes
2183 3335 2564 3386 ministrabant
2599 3347 2604 3351 ·

1498 3407 1565 3469 ei,
1594 3408 1733 3464 sicut
1761 3423 1887 3458 vero
1920 3406 2151 3456 Domino
2173 3405 2375 3471 proprii
2417 3405 2557 3456 servi

1497 3482 1823 3531 voluntatem
1854 3480 1965 3545 ejus
1986 3479 2284 3545 implentes,
2301 3478 2415 3543 qui,
2431 3494 2561 3544 proe·

1497 3551 1727 3617 cipiente
1745 3551 1998 3611 Domin0‚
2027 3551 2092 3600 ad
2112 3560 2324 3616 tempus
2337 3564 2560 3601 recesse-

1498 3631 1635 3685 rant,
1669 3637 1895 3687 agonem
1921 3623 2034 3687 ejus
2064 3620 2249 3685 procul
2289 3619 2559 3685 aspicien-

1496 3702 1603 3756 tes,
1672 3702 1731 3742 ut
1792 3692 2046 3743 divinitas
2100 3691 2214 3755 ejus
2276 3689 2555 3740 diabolum

1497 3764 1668 3831 maff's
1695 3766 1905 3830 lateret3
1949 3775 2002 3817 et
2041 3774 2103 3814 ut
2147 3762 2555 3814 convenientius

1494 3837 1674 3889 locum
1703 3838 1942 3890 tentandi
1965 3838 2203 3898 haberet,
2228 3850 2296 3886 ne
2318 3834 2454 3886 forte
2478 3833 2554 3885 vi-
