2784 4452
289 383 359 433 88
966 377 1203 430 PRIMAE
1241 375 1486 426 PARTIS
1532 374 1766 426 CAPUT
1799 373 1886 425 IX.

287 495 492 548 carnari
557 496 866 557 constituit,
917 505 969 545 et
1024 494 1099 545 sic
1152 492 1350 541 factum

284 569 567 619 hominem
604 568 804 619 scilicet
836 566 1133 624 mortalem,
1170 570 1350 613 osten-

285 640 368 691 dit
398 640 567 705 nobiS‚
597 640 725 706 quia
750 639 808 689 in
826 637 1020 687 deitate
1041 635 1208 686 videri
1240 650 1349 684 non

288 720 512 777 poterat.
569 711 648 761 Et
697 714 949 760 venerunt
993 707 1345 773 festinantes,

293 781 659 849 principaliter
704 795 769 830 ex
809 777 1115 829 vehementi
1153 776 1349 843 gaudio

283 864 337 905 et
368 854 633 904 desiderio
678 852 895 903 videndi
934 849 1193 901 infantem
1246 864 1348 899 na—

281 937 424 988 tum,
467 936 520 977 et
555 925 869 977 secundario
919 934 980 974 ut
1009 923 1169 973 citius
1219 922 1345 972 red—

281 997 423 1048 irent
456 998 520 1048 ad
555 1011 770 1063 gregem
807 1010 967 1045 suum
1001 994 1120 1044 sine
1161 1003 1346 1042 custo-

279 1067 367 1117 dia
434 1068 754 1125 dimissum,
821 1066 878 1116 in
952 1080 1060 1131 quo
1132 1071 1346 1113 notatur

278 1153 465 1189 eorum
507 1137 719 1188 devotio
749 1147 801 1187 et
836 1134 1141 1186 sollicitudo
1194 1149 1344 1199 quae-

277 1210 457 1274 rendi3
519 1225 679 1260 nemo
732 1209 880 1260 enim
944 1224 1068 1259 cum
1134 1206 1340 1257 desidia

277 1296 541 1346 quaerenS,
572 1280 850 1331 Christum
882 1278 1123 1329 invenire
1167 1292 1340 1327 mere-

274 1361 380 1402 tur.
433 1353 515 1401 Ad
560 1367 724 1418 quem
761 1351 1057 1402 secundum
1104 1350 1334 1410 Redemi,

272 1419 588 1472 festinanter
640 1421 751 1483 ire,
813 1431 927 1482 est,
977 1437 1087 1471 non
1140 1420 1337 1486 pedum

272 1513 489 1564 gressus
514 1500 817 1560 accelerare,
844 1500 935 1550 sed
982 1498 1040 1548 in
1065 1497 1169 1548 fide
1204 1514 1339 1548 sem-

271 1585 367 1636 per
411 1586 470 1622 ac
513 1571 708 1622 virtute
756 1570 1026 1637 proficere.
1060 1569 1138 1619 Et
1188 1570 1337 1620 inve-

270 1647 462 1692 nerunt
497 1641 743 1692 Mariam
784 1647 836 1691 et
866 1639 1096 1704 Joseph,
1145 1645 1197 1689 et
1237 1639 1335 1689 In—

259 1711 472 1777 fantem
506 1712 743 1777 positam
799 1711 852 1761 in
903 1709 1192 1775 praesepio.
1249 1708 1332 1758 Ex

267 1781 596 1833 abundantia
635 1782 836 1847 quippe
871 1779 1034 1846 paciS,
1069 1795 1175 1845 qua
1204 1789 1334 1829 tunc

265 1850 520 1902 homines
583 1852 885 1918 gaudebant
910 1889 924 1910 ,
989 1859 1039 1899 et
1116 1859 1335 1914 propter

263 1923 546 1990 hospitum
638 1922 1133 1989 supervenientium
1219 1920 1330 1971 fre-

268 1995 544 2061 quentiam
589 2006 754 2061 portae
786 2010 896 2044 non
929 1993 1326 2052 claudebantur,

264 2062 386 2115 ideo
438 2076 675 2131 pastores
718 2076 871 2116 nocte
922 2064 1118 2114 intrare
1162 2073 1214 2113 et
1261 2063 1326 2113 ad

260 2133 502 2186 Puerum
530 2136 713 2187 venire
758 2144 1020 2202 poterant.
1052 2133 1328 2184 Invenitur

265 2205 515 2259 Christus
566 2223 690 2258 cum
752 2206 920 2257 Maria
961 2204 1210 2271 Virgine,
1274 2216 1326 2257 et

261 2276 460 2344 Joseph
492 2279 609 2330 viro
650 2279 789 2343 justo
811 2316 824 2337 ,
856 2287 908 2327 et
950 2276 1003 2327 in
1032 2278 1321 2344 praesepiO,

261 2362 356 2411 per
397 2350 544 2415 quod
586 2349 857 2408 docemur,
903 2349 1048 2414 quod
1086 2349 1180 2415 qui
1209 2351 1325 2400 vult

254 2417 504 2469 invenire
552 2418 858 2479 Christum,
912 2419 1069 2468 debet
1127 2418 1325 2469 habere

256 2489 583 2554 munditiam
652 2488 831 2538 cordis
887 2499 1126 2554 respectu
1194 2491 1320 2550 sui,

257 2559 404 2623 quod
434 2574 529 2624 per
557 2560 781 2609 Mariam
821 2559 1104 2624 Virginem
1116 2574 1131 2621 ;
1172 2560 1319 2624 justi-

254 2628 387 2679 tiam
433 2637 674 2694 respectu
717 2629 980 2695 proximi,
1033 2630 1178 2695 quod
1227 2646 1322 2695 per

252 2700 454 2766 Joseph
489 2701 724 2765 justum3
769 2710 821 2751 et
865 2700 1227 2752 humilitatem
1259 2718 1316 2753 ac

256 2770 605 2822 reverentiam
636 2782 877 2838 respectu
907 2771 1023 2831 Dei,
1048 2774 1193 2838 quod
1224 2789 1318 2838 per

254 2842 465 2893 humile
524 2843 844 2909 praesepium
903 2843 1167 2895 innuitur.
1222 2847 1315 2896 In—

252 2912 466 2962 venitur
497 2924 675 2964 autem
724 2914 975 2966 Christus
1045 2916 1315 2967 mediante

251 2982 420 3034 Maria
448 2994 501 3034 et
528 2985 745 3050 Joseph,
768 2984 821 3034 id
849 2996 947 3046 est,
978 2988 1313 3053 contempla-

249 3053 398 3104 tione
443 3063 495 3104 et
535 3056 761 3115 actione,
794 3055 850 3104 in
903 3057 1054 3121 cujus
1083 3056 1310 3123 figuram

248 3124 426 3184 Jacob,
457 3125 550 3192 qui
588 3135 640 3176 et
681 3127 855 3187 Israel,
905 3127 959 3177 id
999 3139 1095 3189 est,
1126 3130 1312 3181 videns

246 3194 420 3245 Deum
445 3195 617 3246 dictus
642 3206 739 3255 est,
764 3205 1048 3264 utramque
1065 3213 1307 3261 uxorem,

247 3265 448 3316 scilicet
476 3266 673 3316 Rachel
701 3276 753 3316 et
780 3266 932 3316 Liam
967 3268 1172 3320 habuit.
1215 3271 1309 3321 Vi-

245 3336 428 3387 dentes
480 3343 655 3397 cautem
706 3337 877 3388 oculis
942 3339 1309 3404 corporalibus

246 3417 298 3457 et
329 3409 562 3458 exterius
603 3423 833 3474 puerum
863 3410 1161 3460 secundum
1183 3427 1302 3461 car-

244 3487 389 3537 nem,
421 3485 783 3545 cognoverunt
804 3479 1125 3545 cogitatione
1156 3481 1307 3531 intel-

240 3547 470 3609 lectuali,
521 3560 573 3600 et
613 3565 707 3616 per
753 3547 913 3599 fidem
965 3550 1191 3602 interius
1237 3552 1306 3603 de

251 3616 457 3681 Verbo,
498 3619 552 3669 id
598 3630 707 3680 est,
748 3619 888 3670 Filio
951 3620 1047 3671 Dei
1099 3621 1301 3672 dictum

239 3700 389 3749 esse,
432 3691 574 3756 quod
628 3691 825 3742 dictum
889 3698 1008 3742 erat
1058 3692 1171 3743 illis
1238 3694 1304 3744 de

229 3772 405 3824 puero
437 3761 562 3824 hoc,
614 3772 665 3813 et
702 3762 778 3812 sic
808 3778 902 3828 per
933 3763 1301 3829 cognitionem

240 3828 620 3893 humanitatis,
652 3843 912 3884 venerunt
942 3835 1006 3884 ad
1036 3835 1303 3900 cognitio-

237 3910 366 3948 nem
412 3900 651 3966 deitatis;
702 3904 855 3970 quia,
885 3915 946 3955 ut
987 3905 1299 3970 praedictum

236 3977 337 4028 est,
368 3984 474 4019 non
519 3972 696 4023 solum
738 3975 989 4035 exterius,
1020 3977 1111 4026 sed
1135 3976 1298 4027 etiam

1462 489 1689 540 interius
1723 487 1939 539 fuerunt
1959 487 2261 550 {illuminati
2293 488 2360 537 de
2395 503 2525 555 cog-

1457 559 1664 610 nitione
1713 559 1877 609 Verbi
1938 557 2211 608 incarnati.
2270 557 2342 608 Et
2389 559 2525 610 ado-

1457 639 1632 680 rantes
1669 629 1902 679 Puerum
1918 666 1931 687 ,
1974 627 2268 679 referebant
2309 644 2429 695 quae
2454 630 2523 680 ab

1456 699 1678 767 Angelis
1704 699 1997 750 audierant.
2013 699 2091 749 Et
2108 713 2289 749 omnes
2316 699 2409 765 qui
2431 714 2523 751 au-

1456 769 1668 821 dierunt
1694 769 1880 820 mirati
1908 774 2047 832 sunt,
2097 778 2149 819 et
2174 769 2241 818 de
2269 769 2522 820 Incarna-

1454 840 1618 891 tionis
1642 840 1918 906 mysteriO,
1953 850 2005 891 et
2042 840 2111 891 de
2138 850 2415 906 pastorum
2437 851 2520 894 at-

1453 912 1752 963 testatione.

1518 998 1583 1050 17
1618 985 1934 1034 MoRAmn-:R
1961 999 2029 1033 εἰ·
2046 969 2338 1034 ANAdocxcE
2366 983 2519 1034 Cam-

1452 1069 1590 1104 sruu
1620 1070 1674 1103 m
1701 1068 1887 1104 Parnm
1915 1069 2163 1103 mvizume
2189 1067 2518 1104 vom-:wrmus

1450 1139 1774 1174 necessrium.
1800 1151 1862 1160 —-
1890 1123 2163 1173 Moraliter
2188 1138 2253 1173 ex
2282 1123 2517 1189 praemis-

1449 1193 1525 1243 sis
1556 1204 1697 1254 nota,
1725 1193 1873 1260 quod
1896 1192 2201 1243 volentibus
2225 1192 2513 1258 spirituali-

1448 1272 1528 1313 ter
1581 1264 1819 1314 invenire
1890 1263 2190 1322 Christum,
2234 1263 2337 1313 tria
2389 1272 2515 1314 sunt

1448 1334 1769 1394 necessaria,
1821 1333 2022 1383 scilicet
2074 1350 2088 1383 ε
2137 1333 2372 1400 colloqui
2419 1348 2513 1398 per

1446 1403 1850 1454 meditationem
1874 1403 2289 1469 scripturarum,
2334 1413 2510 1454 trans-

1445 1474 1523 1524 ire
1571 1490 1664 1541 per
1696 1475 2203 1540 contemplationem
2242 1484 2511 1525 creatura-

1444 1559 1565 1594 rum
1590 1582 1604 1604 ,
1654 1543 1904 1595 festinare
1948 1559 2042 1610 per
2081 1544 2509 1611 degustationem

1443 1615 1753 1679 gratiarum.
1816 1614 1915 1666 Vel
1974 1614 2211 1665 volentes
2272 1614 2510 1665 invenire

1442 1684 1755 1746 Christum,
1827 1684 2085 1735 debemus
2140 1684 2375 1750 colloqui
2415 1701 2511 1751 per

1442 1764 1777 1820 peccatorum
1830 1754 2218 1805 confessionem
2240 1793 2253 1814 ,
2285 1755 2508 1806 transire

1440 1840 1536 1890 per
1569 1825 1863 1875 carnalium
1898 1835 1951 1876 et
1984 1825 2361 1891 temporalium
2405 1827 2506 1876 ab-

1438 1896 1750 1961 jectionem,
1794 1896 2046 1947 festinare
2086 1911 2181 1961 per
2248 1895 2508 1949 ferventis

1438 1966 1688 2018 desiderii
1750 1966 2213 2030 accelerationem3
2280 1976 2332 2016 et
2403 1967 2506 2017 hoc

1435 2054 1607 2106 usque
1640 2039 1697 2090 in
1724 2039 2058 2100 Bethlehem,
2080 2039 2134 2090 id
2167 2049 2265 2103 est,
2291 2040 2505 2091 domum

1429 2112 1611 2175 puniit,
1666 2126 1759 2176 per
1809 2111 2119 2161 divinorum
2170 2111 2502 2176 degustatio—

1436 2196 1579 2232 nem.
1613 2182 1677 2233 Et
1696 2191 1823 2233 tunc
1851 2181 2189 2233 inveniemus
2220 2181 2501 2234 Christum

1434 2254 1491 2305 in
1520 2256 1779 2321 praesepio
1813 2256 1988 2306 cordis
2029 2256 2219 2315 nostri,
2243 2271 2336 2321 per
2364 2256 2500 2307 deli-

1431 2327 1628 2379 ciosam
1696 2344 1807 2380 suae
1856 2329 2150 2394 praesentiae
2204 2329 2499 2379 exhibitio-

1431 2413 1572 2458 nem,
1625 2399 1776 2463 cujus
1810 2398 2019 2449 deliciae
2059 2407 2186 2448 sunt
2222 2412 2339 2448 esse
2380 2412 2498 2450 cum

1426 2468 1561 2528 filiis
1600 2468 1886 2519 hominum.
1945 2467 2246 2534 Anagogice
2317 2478 2497 2519 autem

1427 2554 1523 2604 per
1566 2539 1882 2590 Bethlehem
1904 2578 1917 2600 ‚
1958 2555 2079 2605 quae
2124 2539 2499 2605 interpretatur

1428 2611 1617 2662 domus
1662 2612 1843 2677 panis,
1890 2611 2059 2677 patria
2092 2611 2320 2661 coelestis
2347 2612 2494 2662 desi-

1425 2695 1645 2751 gnatur3
1676 2685 1803 2751 quia
1831 2685 1907 2735 ibi
1936 2694 2017 2734 est
2063 2684 2153 2734 ille
2186 2685 2372 2735 beatus
2395 2701 2495 2752 pa-

1426 2759 1541 2819 nis,
1590 2760 1656 2809 de
1708 2775 1817 2825 quo
1859 2758 2000 2809 infra
2027 2758 2494 2811 diciturzBeatus

1423 2833 1515 2898 qui
1557 2832 1900 2884 manducabit
1960 2846 2158 2898 panem
2205 2833 2258 2883 in
2320 2848 2494 2900 regno

1421 2904 1542 2953 Dei.
1591 2905 1672 2954 Ad
1713 2904 1851 2955 hanc
1896 2903 2239 2964 Bethlehem,
2294 2904 2490 2971 triplici

1419 2978 1646 3029 transitu
1711 2978 2019 3045 pervenitur
2063 2994 2077 3028 ε
2121 2978 2331 3044 primus
2371 2988 2490 3039 est,

1419 3050 1485 3100 de
1510 3050 1661 3103 vitiis
1702 3052 1768 3102 ad
1821 3051 2074 3114 virtutes;
2119 3051 2402 3112 secundus,
2423 3053 2489 3103 de

1416 3120 1614 3172 virtute
1648 3122 1704 3172 in
1744 3122 2029 3184 virtutem3
2068 3122 2257 3172 tertius
2295 3131 2393 3183 est,
2423 3138 2488 3174 ex

1416 3193 1519 3243 hoc
1573 3195 1778 3245 mundo
1847 3194 1912 3245 ad
1978 3194 2211 3255 Patrem,
2254 3194 2366 3246 sive
2420 3197 2487 3247 de

1415 3275 1591 3315 morte
1629 3265 1695 3315 ad
1745 3264 1930 3315 vitam.
1974 3264 2141 3330 Igitur
2188 3267 2480 3316 secundum

1414 3336 1703 3387 consilium
1746 3336 1929 3399 Bedae,
1961 3346 2290 3389 transeamus
2317 3338 2480 3390 etiam

1413 3422 1514 3457 nos
1542 3407 1787 3471 exemplo
1820 3406 2018 3456 horum
2072 3418 2346 3472 pastorum
2381 3423 2479 3459 us-

1411 3491 1518 3542 que
1554 3476 1611 3527 in
1652 3475 1970 3527 Bethlehem
2008 3476 2273 3528 civitatem
2311 3478 2480 3529 David

1410 3547 1721 3613 cogitando,
1750 3562 1809 3597 ac
1832 3548 2128 3598 recolamus
2158 3549 2403 3609 amando,
2428 3559 2480 3600 et

1411 3616 1842 3667 lncarnationem-
1877 3617 2080 3668 Christi
2133 3616 2312 3684 dignis
2372 3619 2478 3669 ho-

1410 3689 1634 3740 noribus
1698 3688 2032 3739 celebrando.
2115 3689 2477 3742 Transeamus

1408 3763 1587 3822 etiam,
1619 3761 1835 3827 abjectis
1864 3761 2166 3812 carnalibus
2217 3764 2476 3830 concupi-

1406 3834 1652 3893 scentiis,
1685 3843 1797 3883 toto
1832 3833 2098 3883 desiderio
2133 3835 2331 3885 mentis
2378 3850 2473 3885 us—

1406 3905 1588 3971 quein
1616 3904 1932 3955 Bethlehem
1962 3919 2267 3970 supernam,
2294 3905 2347 3955 id
2372 3915 2472 3964 est,

1404 3978 1630 4028 domum
1669 3976 1824 4042 panis
1872 3976 2001 4037 vivi,
2033 3992 2139 4027 non
2180 3992 2346 4027 manu
2387 3975 2470 4027 fa-
