2784 4452
386 344 488 397 144

379 446 458 497 dit
498 445 852 513 praedicando·
901 445 1107 495 Bonum
1149 450 1232 494 est
1270 442 1446 509 igitur

379 520 494 585 ejus
541 517 805 582 exemp10,
856 517 926 566 ab
959 516 1321 566 adolescentia
1342 515 1446 581 ju-

378 604 510 655 gum
556 586 776 638 Domini
815 593 1041 652 portare
1053 602 1074 648 ;
1109 597 1160 636 et
1187 587 1317 636 dum
1348 601 1446 635 na-

377 668 496 712 tura
523 668 702 708 tenera
729 667 824 716 est,
857 657 1015 707 bonis
1044 672 1101 706 se
1127 671 1445 716 assuescere,

382 739 434 781 et
489 729 543 778 in
599 728 949 793 praedicandis
1003 726 1272 778 auditores
1326 739 1446 776 actu

377 799 690 865 praecedere.
761 799 839 848 Ex
898 814 1007 863 quo
1071 797 1305 847 sumitur
1356 814 1448 847 ar—

380 880 732 939 gumentum,
781 871 926 937 quod
980 880 1267 937 antequam
1323 870 1449 936 quis

382 943 643 1009 perfectus
710 941 905 1005 fuerit,
963 942 1194 991 aliorum
1274 940 1449 1006 magi—

383 1015 607 1065 sterium
666 1013 911 1064 obtinere
974 1030 1084 1063 non
1139 1014 1310 1063 debet.
1345 1015 1451 1063 Ma-

384 1087 542 1137 nebat
591 1088 818 1136 Joannes
865 1085 921 1134 in
965 1086 1207 1146 deserte,
1235 1085 1326 1136 ubi
1370 1095 1449 1135 est

384 1175 474 1210 aer
519 1159 722 1225 purior,
762 1159 959 1209 coelum
999 1159 1255 1224 apertiuS,
1286 1168 1336 1209 et
1365 1158 1449 1208 fa-

385 1230 647 1279 miliarior
692 1231 867 1292 DeuS,
911 1239 972 1280 ut
1024 1231 1152 1295 quia
1210 1230 1449 1280 nondum

383 1300 637 1366 baptismi
687 1309 741 1349 et
795 1300 1191 1365 praedicationis
1238 1311 1450 1366 tempus

383 1373 691 1430 advenerat,
739 1372 1074 1422 orationibus
1120 1383 1347 1429 vacaret,
1401 1383 1453 1423 et

385 1460 508 1494 cum
535 1443 753 1511 Angelis
781 1455 1203 1505 conversaretur,
1235 1455 1286 1496 et
1305 1457 1453 1496 extra

383 1517 680 1566 multorum
731 1515 993 1565 malitiam
1035 1516 1348 1579 nutriretur,
1402 1526 1454 1566 et

383 1589 660 1640 neminem
697 1599 969 1639 vereretur
1014 1604 1264 1655 arguere,
1314 1589 1454 1639 nihil

383 1663 489 1714 sibi
521 1663 788 1726 conscius,
820 1673 872 1714 et
912 1673 1048 1713 esset
1083 1662 1189 1713 fide
1235 1662 1452 1728 dignuS,

383 1732 480 1799 qui
537 1732 813 1784 Christum
869 1742 979 1782 erat
1038 1732 1451 1798 praedicamruS‚

386 1814 438 1854 et
458 1804 524 1853 de
553 1803 668 1869 ipso
689 1802 1084 1854 testificaturus.
1116 1804 1286 1853 Nemo
1311 1802 1455 1853 enim

385 1874 602 1925 alterius
649 1874 798 1924 testis
839 1890 957 1924 esse
1005 1883 1178 1939 potest
1207 1874 1453 1937 idoneus,

387 1944 494 1995 nisi
529 1944 677 2011 prius
706 1945 866 1995 fuerit
903 1960 1051 2010 suuS.
1096 1944 1257 2010 Fugit
1294 1944 1456 2010 igitur

388 2028 593 2068 turmas
623 2027 674 2068 et
699 2019 998 2068 tumultum
1037 2018 1251 2083 populi;
1295 2034 1362 2067 ne
1391 2034 1456 2068 ex

388 2090 785 2141 cohabitatione
806 2090 1142 2141 contraheret
1160 2089 1453 2149 infamiam,

386 2163 472 2213 vel
499 2162 605 2213 vita
635 2162 871 2229 aliquam
914 2163 1176 2212 maculam
1219 2161 1453 2212 scandali

385 2235 470 2284 vel
508 2233 709 2283 delicti.
755 2233 860 2292 Qui
891 2233 934 2283 si
971 2233 1025 2283 in
1055 2234 1259 2283 mundo
1295 2248 1456 2282 man-

387 2305 572 2368 sisset,
623 2303 758 2354 forte
806 2304 1012 2354 malitia
1065 2315 1116 2354 et
1170 2320 1456 2355 conversa-

385 2376 535 2427 tione
569 2374 858 2425 horninum
892 2377 1207 2442 depravatus
1247 2375 1454 2426 fuisset.

389 2445 654 2496 Mundum
695 2446 872 2510 itaque
914 2445 1068 2510 fugit,
1099 2455 1159 2496 ut
1201 2446 1458 2497 sanctita-

389 2525 497 2565 tem
541 2530 696 2564 suam
744 2516 1037 2566 custodiret
1059 2555 1071 2575 ,
1132 2526 1184 2566 et
1240 2532 1306 2566 ne
1356 2518 1457 2568 levi

389 2586 577 2636 saltem
624 2585 808 2644 verb0,
864 2586 949 2634 vel
1004 2596 1217 2650 peccato
1239 2625 1252 2646 ,
1293 2587 1458 2638 vitam

389 2657 692 2707 macularet.
738 2656 900 2718 Nam,
941 2657 1234 2713 secundum
1281 2658 1461 2724 Chry-

389 2734 705 2790 sostomum‚
777 2727 914 2778 sicut
997 2727 1330 2793 impossibile
1378 2741 1461 2780 est

386 2801 636 2850 arborem
683 2800 827 2866 juxta
853 2800 997 2850 viam
1045 2800 1303 2865 positam,
1346 2801 1463 2852 fru-

390 2881 506 2922 ctus
532 2887 704 2938 usque
732 2872 796 2922 ad
829 2871 1190 2922 maturitatem
1217 2889 1457 2936 servare·,

391 2943 470 2993 sic
513 2942 795 2993 hominem
833 2944 978 3009 juxta
1013 2945 1276 2994 mundum
1307 2945 1462 3010 posi—

391 3026 529 3076 tum,
557 3031 727 3081 usque
755 3016 808 3064 in
849 3015 1012 3065 finem
1043 3015 1166 3066 vitae
1205 3016 1464 3067 innocen—

391 3085 523 3136 tiam
567 3086 855 3138 custodire.
905 3089 1040 3138 Sunt
1088 3097 1266 3138 autem
1308 3105 1463 3155 quae-

393 3157 517 3207 dam
579 3158 812 3222 arboreS,
869 3174 992 3224 quae
1046 3158 1170 3208 licet
1215 3160 1272 3209 in
1308 3160 1464 3209 horto

393 3226 506 3277 sint
548 3228 812 3293 plantatae,
845 3227 916 3278 ita
960 3230 1103 3294 quod
1135 3231 1200 3280 ad
1229 3230 1465 3296 stipitem

396 3305 734 3348 transeuntes
775 3314 882 3348 non
917 3311 1146 3364 possunt
1187 3301 1464 3367 attingere,

393 3377 572 3418 tamen
601 3384 778 3419 ramos
807 3385 935 3421 suos
971 3387 1066 3436 per
1091 3370 1233 3421 viam
1263 3386 1466 3436 expan-

395 3438 559 3500 dunt,
609 3449 661 3489 et
695 3439 816 3490 ideo
847 3442 1198 3492 molestantur
1234 3457 1264 3491 a
1291 3451 1467 3491 trans-

396 3511 677 3577 euntibus;
737 3513 812 3564 sic
856 3524 936 3564 est
988 3517 1057 3565 de
1109 3514 1375 3580 religiosis
1412 3515 1468 3565 in

397 3586 631 3652 negotiis
673 3588 1002 3639 secularibus
1043 3605 1100 3640 se
1138 3589 1469 3655 implicanti-

407 3656 528 3708 bus.
1366 3686 1369 3689 -
1431 3660 1432 3665 ’

467 3746 505 3795 4
538 3731 679 3782 LAus
719 3734 938 3784 Joanms
981 3734 1257 3784 BArrtsrAE
1295 3751 1471 3785 uomi-

404 3814 620 3849 cnontm
652 3818 924 3854 muncrms.
958 3832 1021 3842 —
1059 3804 1335 3855 Excellens
1370 3807 1475 3856 val-

401 3868 470 3918 de
497 3879 548 3918 et
576 3870 840 3923 mirabilis
879 3884 959 3925 est
1007 3890 1140 3943 puer
1171 3876 1266 3925 iste
1305 3877 1473 3926 Joan-

400 3950 517 3991 nes.
540 3942 657 4006 Ipse
679 3943 826 3994 enim
860 3945 962 3996 fuit
987 3946 1197 4012 primus
1229 3948 1469 4009 eremita,

1050 327 1287 378 PRIMAE
1322 324 1571 376 PARTIS
1602 325 1836 377 CAPUT
1867 328 2005 379 XIV.

1551 456 1609 491 ac
1637 441 1996 509 principium,
2031 454 2085 495 et
2124 444 2210 495 via
2248 443 2499 510 religiose
2525 445 2616 495 vi-

1549 530 1671 564 vere
1698 516 2013 568 volentium.
2045 518 2123 567 De
2161 510 2310 583 cujus
2354 515 2613 582 singulari

1551 589 1955 639 conversatione
1990 590 2190 640 Petrus
2218 591 2506 640 Ravennas
2544 590 2616 640 ita

1550 658 1740 708 scribit
1769 675 1782 708 :
1810 677 1837 704 «
1860 658 2000 709 Infra
2018 658 2429 709 teneritudinem
2453 674 2622 708 anno·

1552 744 1672 778 rum
1710 729 1893 779 beatus
1935 729 2035 779 iste
2072 745 2220 796 puer,
2269 728 2476 794 Spiritu
2514 730 2620 779 du-

1552 808 1717 857 cente,
1766 800 1829 850 ad
1869 815 2110 850 eremum
2140 802 2331 849 ductus
2373 808 2475 856 est,
2522 815 2621 851 nec

1552 869 1772 919 obstetit
1834 869 1998 920 aetatis
2073 869 2386 934 infirmitas,
2453 886 2621 937 quam

1553 940 1798 1004 majestas
1872 938 2090 989 Domini
2138 939 2457 989 fecundavit.
2512 941 2625 989 Re-

1553 1009 1712 1075 liquit
1751 1010 1984 1059 Joannes
2032 1010 2319 1070 mundum,
2371 1009 2624 1060 homines

1553 1078 1716 1145 fugit,
1788 1080 2013 1145 patriam
2094 1080 2293 1143 nescitl,
2377 1090 2624 1145 parentes

1554 1161 1895 1215 aspernatur,
1930 1160 1981 1200 et
2010 1150 2068 1199 in
2102 1150 2271 1198 solius
2321 1149 2627 1200 divinitatis

1553 1222 1760 1287 apicem
1797 1222 1959 1272 beatae
2000 1220 2465 1286 contemplationis
2507 1220 2629 1287 figit

1555 1294 1813 1345 obtuitus,
1862 1295 1997 1344 Mira
2041 1310 2221 1344 rerum
2253 1294 2585 1344 conversatio
2611 1332 2626 1359 ,

1554 1366 1837 1424 hominem
1869 1366 1958 1417 vix
2000 1367 2262 1416 mundum
2297 1366 2625 1431 ingressum,

1557 1439 1747 1488 mundi
1772 1438 1998 1505 gloriam
2020 1438 2219 1504 fugere,
2252 1447 2302 1486 et
2334 1438 2501 1488 seculi
2532 1454 2630 1488 cu-

1554 1509 1802 1575 piditates
1832 1525 1939 1558 non
1981 1510 2158 1560 solum
2199 1507 2477 1568 oblivisci,
2531 1510 2629 1559 sed

1555 1591 1607 1633 et
1635 1582 1868 1640 nescire,
1900 1591 2219 1647 perpetuum
2261 1597 2384 1630 cum
2429 1581 2632 1632 divini—

1554 1665 1659 1706 tate
1708 1656 1944 1706 stabilire
2000 1654 2362 1705 consortium!
2424 1656 2629 1705 Reces-

1556 1742 1650 1777 sus
1691 1726 1984 1787 montium,
2029 1726 2282 1777 silvarum
2330 1725 2629 1790 anfractuS,

1556 1811 1610 1852 et
1652 1801 1871 1851 vallium
1948 1802 2305 1866 subterjacens
2377 1801 2629 1861 vastitas,

1558 1889 1723 1939 puero
1772 1872 2085 1938 patriarchae
2139 1872 2445 1933 domicilia,
2501 1889 2632 1923 cum

1558 1961 1663 1995 nox
1741 1955 1984 2011 coegerat
2010 1983 2024 2005 ,
2104 1946 2465 2011 praebuerunt.
2540 1945 2634 1996 Sic

1557 2020 1786 2069 Joannes
1822 2018 1991 2069 aetatis
2030 2034 2408 2085 supergressus
2442 2018 2634 2068 infan-

1558 2088 1707 2149 tiam,
1746 2098 1797 2139 et
1842 2087 2127 2138 nobilioris
2167 2089 2377 2155 generis
2406 2104 2635 2155 genero-

1558 2163 1768 2213 sitatem
1820 2162 2045 2222 oblitus,
2084 2162 2185 2212 soli
2230 2172 2378 2213 vacat
2426 2160 2632 2211 divini-

1559 2234 1687 2294 tati,
1758 2233 1929 2284 forma
1993 2234 2155 2294 vitae,
2235 2233 2629 2284 monachorum

1560 2305 1923 2372 propositum,
1974 2305 2411 2355 anachoretarum
2472 2305 2634 2369 prin-
2663 2331 2677 2344 ·

1558 2375 1791 2441 cipium,
1821 2375 1986 2426 totius
2023 2375 2299 2442 religionis
2340 2374 2580 2425 assertio,
2605 2394 2636 2422 n

1561 2446 1717 2496 Unde
1784 2455 1835 2496 et
1890 2446 2312 2514 Chrysostomus
2353 2463 2369 2496 :
2410 2465 2435 2491 «
2482 2445 2639 2495 Sicut

1560 2517 1891 2566 sacerdotum
1936 2515 2205 2581 principes
2234 2525 2362 2566 sunt
2394 2517 2639 2579 Aposto-

1562 2587 1617 2651 li,
1649 2587 1725 2637 sic
1755 2587 2145 2637 monachorum
2183 2586 2424 2653 princeps
2465 2586 2636 2635 Joan-

1564 2673 1659 2708 nes
1702 2655 1936 2721 Baptista
1986 2666 2089 2716 est,
2147 2666 2410 2722 quantum
2467 2655 2635 2706 tradit

1565 2729 1913 2778 Hebraeorum
1939 2727 2214 2792 scriptura,
2246 2736 2299 2776 et
2327 2740 2496 2790 usque
2528 2723 2642 2773 ho-

1561 2798 1649 2849 die
1705 2798 1759 2848 in
1803 2798 2062 2848 memoria
2116 2807 2211 2848 est.
2266 2795 2640 2857 Considerate,

1564 2871 1852 2935 monachi,
1922 2870 2236 2936 dignitatem
2319 2879 2548 2919 vestram
2623 2884 2639 2917 z

1565 2945 1796 2995 Joannes
1837 2944 2084 3010 princeps
2124 2952 2311 2994 vestrae
2353 2952 2433 2991 est
2466 2940 2641 3007 digni-

1569 3015 1710 3066 tatiS.
1745 3018 1863 3082 Ipse
1892 3015 2205 3074 monachus,
2236 3013 2416 3063 statim
2457 3022 2516 3062 ut
2545 3027 2638 3062 na—

1569 3097 1656 3137 tus
1704 3097 1813 3146 est,
1847 3086 1903 3136 in
1954 3096 2133 3136 eremo
2173 3084 2319 3144 vivit,
2358 3083 2410 3132 in
2453 3098 2642 3132 eremo

1570 3157 1831 3217 nutritur,
1862 3155 2141 3206 Christum
2175 3163 2414 3220 expectat
2441 3153 2495 3202 in
2539 3168 2640 3202 so-

1571 3229 1833 3289 litudine,
1871 3245 1979 3278 non
2018 3229 2133 3278 vult
2158 3243 2283 3277 cum
2316 3224 2645 3276 hominibus

1569 3299 1893 3360 conversari,
1932 3299 1986 3349 in
2030 3314 2210 3349 eremo
2252 3313 2374 3347 cum
2416 3296 2647 3362 Angelis

1569 3373 1849 3439 probatur3
1885 3372 2009 3422 felix
2042 3371 2142 3422 ista
2177 3368 2510 3421 conversatio
2538 3369 2646 3418 de-

1570 3445 1773 3511 spicere
1803 3443 2069 3506 homines‚
2109 3442 2345 3507 Angelos
2377 3453 2645 3506 quaerere,

1570 3517 1732 3567 urbes
1748 3516 2006 3574 deserere,
2022 3523 2075 3565 et
2102 3513 2158 3562 in
2174 3511 2465 3563 solitudine
2486 3509 2650 3561 Chri-

1573 3599 1719 3639 stum
1749 3586 2006 3637 invenire.
2037 3585 2316 3638 Christum
2352 3599 2458 3634 non
2482 3597 2649 3647 quae-

1575 3661 1724 3711 rebat
1773 3659 1829 3709 in
1878 3659 2107 3725 temple,
2163 3658 2254 3708 sed
2304 3657 2358 3707 in
2395 3656 2638 3717 deserto;

1572 3728 1834 3797 separavit
1878 3744 1935 3779 se
1986 3744 2017 3779 a
2054 3726 2417 3778 multitudine.
2454 3724 2651 3775 Oculis

1574 3802 1979 3868 expectantibus
2015 3801 2291 3852 Christum
2324 3797 2474 3848 nihil.
2494 3797 2650 3848 aliud

1574 3876 1801 3942 dignum
1827 3884 1907 3924 est
1929 3872 2159 3939 aspicere
2186 3871 2290 3921 nisi
2316 3869 2601 3921 Christum
2627 3884 2646 3919 ε

1576 3947 1758 4000 felices
1776 3956 1905 3998 sunt
1927 3945 2021 4013 qui
2050 3945 2329 3997 imitantur
2355 3943 2646 4003 Joannem,
