2784 4452
433 358 634 421 QUOD
665 358 854 411 PUER
878 360 1082 412 JESUS
1109 360 1474 416 INVENTUS
1498 362 1631 416 EST
1660 364 1733 415 IN
1795 363 2106 416 TEMPLO.
2323 365 2419 418 153

158 476 460 545 quentibus
516 476 826 527 sublimiter
866 477 1239 543 respondebat.

160 548 467 614 Stupebant
505 557 684 597 autem
711 547 956 598 videntes
996 548 1111 613 ejus
1151 548 1239 599 in-

160 619 408 678 fantiam,
440 628 494 668 et
522 628 701 668 tamen
738 618 815 668 sic
857 619 1116 671 sublimia
1151 621 1239 670 lo·-

159 700 451 756 quentem;
486 689 728 739 videntes
756 704 882 739 eum
922 705 1145 755 corpore
1185 700 1238 741 et

157 770 312 811 aetate
332 775 580 825 parvum,
607 759 699 809 sed
725 758 1236 825 interrogationibus

156 842 210 883 et
239 832 520 898 responsis
545 846 834 897 magnum3
874 832 1157 883 hominem
1183 842 1234 883 et

158 918 271 953 non
303 904 483 953 Deum
529 902 948 962 consideranteS,
992 913 1047 953 et
1093 902 1236 954 inter

158 973 267 1022 alta
306 988 430 1038 quae
473 972 718 1032 audiunt,
759 983 812 1022 et
850 971 1066 1024 infirma
1113 989 1235 1040 quae

156 1045 346 1097 vident
394 1045 560 1095 dubia
603 1045 957 1097 admiratione
1005 1047 1234 1097 turban-

157 1130 266 1169 tur.
295 1118 410 1168 Nos
436 1128 615 1168 autem
642 1133 750 1168 non
773 1134 898 1168 cum
923 1118 1231 1169 senioribus

155 1190 490 1248 Judaeorum,
531 1203 693 1254 super
730 1189 1015 1254 prudentia
1052 1199 1105 1240 et
1142 1205 1231 1239 re-

157 1260 379 1326 sponsis
409 1259 526 1324 ejus
554 1268 883 1324 stupeamus,
918 1275 1092 1325 neque
1122 1259 1231 1309 mi—

155 1347 372 1394 remur;
403 1332 499 1381 sed
524 1331 704 1396 ipsum
728 1346 915 1381 verum
947 1332 1120 1382 Deum
1151 1347 1234 1381 ve·

155 1417 394 1468 rumque
448 1401 727 1451 hominem
774 1417 890 1452 esse
930 1402 1229 1461 credamus,

156 1491 188 1527 a
228 1492 342 1542 quo
375 1485 459 1525 est
486 1474 668 1525 omnis
710 1474 989 1540 sapientia,
1018 1485 1070 1525 et
1107 1491 1229 1526 curn

157 1562 269 1613 quo
301 1545 409 1596 fuit
437 1561 648 1611 semper
675 1555 728 1596 et
763 1555 844 1596 est
868 1556 988 1595 ante
1033 1562 1227 1607 aevum,

154 1619 392 1671 scientes
407 1618 704 1669 secundum
722 1618 1067 1683 Prophetiam
1083 1619 1230 1683 quod

156 1689 236 1740 sic
269 1690 534 1740 Parvulus
567 1699 722 1739 natus
751 1698 832 1739 est
873 1688 1051 1748 nobis,
1083 1690 1230 1755 quod

154 1770 443 1831 permanet
479 1760 622 1810 Deus
650 1759 822 1811 fortis.

222 1848 257 1899 9
301 1833 486 1881 MAmA
526 1847 860 1881 mrcnnoon
897 1832 1091 1881 Fumi(
1128 1848 1229 1882 cun

154 1919 213 1954 nt
262 1919 475 1953 Tauno
522 1918 867 1952 nsuausssmr.
909 1929 971 1939 -—
1011 1903 1090 1953 Et
1130 1919 1229 1969 pa-

153 1985 336 2025 rentes
361 1974 492 2040 ejus,
533 1973 769 2024 videntes
807 1988 932 2024 eum
980 1973 1038 2023 in
1084 1984 1228 2025 tem-

154 2051 267 2117 plo,
300 2050 357 2099 in
392 2048 572 2099 medio
615 2049 895 2098 doctorum
935 2050 1225 2110 sedentem,

153 2122 423 2171 admirati
464 2126 617 2182 sunt,
667 2119 820 2170 valde
877 2131 1095 2187 propter
1150 2121 1226 2171 rei

153 2191 632 2260 inexperientiam;
669 2191 798 2258 quia
832 2206 1113 2259 nunquam
1142 2191 1226 2243 fe-

152 2276 297 2316 cerat
325 2280 441 2314 rem
470 2266 631 2314 talem
660 2265 742 2314 vel
769 2264 1024 2316 similem.
1059 2265 1228 2316 Mater

153 2347 338 2388 autern
367 2337 503 2401 ejus„
524 2335 678 2402 quasi
700 2335 1041 2397 reviviscens,
1068 2336 1224 2387 exhi-

152 2408 341 2467 larata,
380 2407 495 2456 Deo
531 2406 728 2472 gratias
759 2405 868 2471 egit
910 2406 1223 2458 immensas

152 2478 225 2528 At
250 2493 384 2543 puer
408 2477 581 2537 lesus,
604 2476 793 2527 videns
814 2478 1058 2537 Matrem,
1080 2478 1227 2528 venit

152 2551 219 2600 ad
267 2564 420 2612 eam;
460 2564 624 2616 quem
671 2548 786 2613 ipsa
831 2549 1131 2615 suscipiens
1174 2561 1226 2601 et

153 2619 386 2671 dulciter
427 2619 694 2678 osculans,
728 2632 788 2667 ac
822 2618 1015 2669 deinde
1053 2619 1226 2684 respi-

152 2691 303 2742 ciens
337 2690 391 2739 in
429 2689 621 2740 faciem
659 2690 772 2754 ejus
798 2689 1063 2750 decoram,
1089 2690 1227 2740 dixit

152 2766 222 2815 ad
264 2765 424 2815 illum
469 2781 483 2814 ε
524 2764 658 2827 Fili,
684 2763 815 2829 quid
846 2764 1037 2829 fecisti
1075 2764 1226 2815 nobis

154 2838 282 2888 sic?
310 2836 479 2896 Quasi
507 2835 741 2886 diceret:
764 2834 1226 2885 Desideratissime

154 2909 279 2967 Fili,
331 2923 499 2975 quare
551 2906 654 2956 hoc
700 2905 890 2963 fecisti,
945 2916 1020 2964 ut,
1068 2905 1226 2956 nobis

154 2978 539 3047 ignorantibus
562 2986 614 3027 et
634 2975 1012 3037 nescientibuS,
1034 2974 1123 3024 hic
1152 2990 1226 3025 re-

155 3049 444 3101 maneres?
481 3049 588 3108 Qui
629 3057 737 3098 tarn
777 3046 1003 3106 dilectae,
1034 3055 1085 3095 et
1116 3056 1224 3096 tam

152 3120 400 3187 diligenti
464 3119 619 3169 Matri
685 3127 888 3168 tantam
948 3116 1225 3167 materiam

152 3193 358 3243 doloris
395 3190 592 3242 inferre
620 3187 877 3256 potuisti?
911 3189 1056 3248 Pete,
1098 3188 1224 3249 Fili,

153 3262 257 3313 hoc
294 3261 438 3312 mihi
476 3260 717 3324 indicari,
757 3268 817 3309 ut
853 3259 1010 3309 dolor
1052 3274 1223 3319 meus,

152 3347 220 3383 ex
260 3333 364 3383 hac
397 3346 455 3381 re
496 3341 809 3395 conceptus,
861 3330 1031 3379 valeat
1069 3328 1224 3379 miti-

151 3403 287 3470 gari.
337 3404 514 3463 Quem
561 3401 729 3467 Virgo
777 3410 945 3451 mater
982 3415 1077 3465 per
1119 3399 1222 3449 tri-

150 3478 326 3528 duum
355 3477 517 3527 anxio
546 3476 728 3526 dolore
763 3475 1064 3542 quaesierat‚
1101 3483 1223 3541 post

149 3548 525 3601 inventionem
548 3547 684 3597 inter
702 3563 987 3598 moerorem
1017 3556 1069 3597 et
1100 3562 1223 3612 gau·

146 3619 307 3669 dium
342 3619 535 3685 posita,
571 3616 657 3683 pia
689 3617 1012 3668 correctione
1043 3615 1222 3666 incre—

147 3690 314 3757 pavit.
336 3688 537 3755 Joseph
561 3698 757 3749 autem,
789 3688 915 3738 licet
936 3698 1083 3753 pater
1104 3688 1219 3753 ejus

145 3760 440 3823 diceretur,
472 3777 580 3811 non
611 3759 712 3810 fuit
745 3774 909 3810 ausus
936 3759 1093 3808 illum
1133 3774 1221 3809 ar-

145 3846 336 3896 guere,
368 3846 492 3881 cum
521 3830 745 3881 firmiter
772 3830 1006 3880 crederet
1037 3828 1219 3895 ipsum

144 3901 250 3953 Dei
281 3902 486 3953 Filium
516 3918 648 3963 esse,
674 3902 766 3953 sed
795 3903 979 3960 Mater,
1010 3916 1075 3951 ex
1105 3915 1221 3950 ma-

146 3973 299 4025 xima
345 3975 631 4026 dilectione
674 3989 836 4041 quarn
882 3972 1114 4024 habebat
1153 3972 1217 4023 ad

1346 476 1551 529 Filium
1592 496 1756 546 quem
1789 480 1866 531 sic
1904 480 2192 547 quaerebat,
2223 482 2302 533 sic
2327 499 2421 533 ar-

1348 550 1541 614 guebat
1581 550 1755 612 illum,
1795 551 1922 617 quia
1956 567 2109 601 amor
2153 553 2420 604 excellens

1345 621 1514 671 nescit
1538 623 1782 673 modum.
1814 622 2082 688 Loquitur
2122 638 2248 688 ergo
2280 623 2414 689 ipsa,

1344 700 1398 741 et
1426 707 1536 742 non
1572 692 1774 759 Joseph
1801 693 1967 758 :quia
2002 692 2062 742 in
2092 707 2156 742 ea
2181 691 2285 742 fuit
2311 709 2418 744 ma-

1342 760 1426 825 jor
1466 761 1669 813 doloris
1703 763 1939 815 affectus·
1996 763 2150 813 Unde
2192 763 2415 829 Grego-

1342 831 1462 881 rius
1512 849 1530 882 .·
1587 851 1613 879 α
1664 833 1848 892 Maria,
1909 832 2166 884 maternis
2231 834 2415 886 affecta

1341 902 1656 967 visceribus,
1687 904 1844 970 quasi
1875 920 1997 954 cum
2038 904 2290 955 lamentis
2322 904 2414 954 in-

1341 972 1696 1038 quisitionem
1725 975 2029 1026 dolorosam
2073 976 2328 1036 ostendit,
2357 986 2412 1027 et

1340 1043 1526 1094 omnia
1572 1044 1710 1095 sicut
1750 1056 1920 1096 mater
1965 1046 2316 1108 fiducialiter,
2358 1057 2413 1098 et

1340 1113 1655 1176 humiliter,
1712 1128 1764 1166 et
1815 1116 2104 1168 affectuose
2157 1117 2413 1183 exprimit

1337 1183 1520 1234 dicens
1573 1202 1586 1235 ε
1649 1187 1799 1249 Fili,
1846 1187 1976 1252 quid
2014 1188 2208 1253 fecisti
2257 1188 2411 1239 nobis

1338 1253 1419 1305 sic
1446 1254 1481 1304 ξ)
1513 1274 1540 1302 »
1572 1256 1726 1307 Unde
1754 1268 1807 1308 et
1833 1258 2119 1308 Anselmus
2150 1275 2169 1309 .·
2203 1276 2231 1305 α
2264 1257 2412 1318 Quid

1338 1327 1384 1377 si
1413 1328 1717 1379 duode'nem
1752 1345 1846 1395 per
1869 1330 2109 1380 triduum
2143 1346 2269 1380 cum
2301 1332 2409 1381 Ma-

1337 1409 1419 1448 tre
1484 1400 1801 1465 quaesieris?
1867 1402 1914 1453 O
1988 1411 2189 1467 quanta
2260 1402 2413 1468 copia

1338 1468 1509 1519 fluent
1552 1471 1816 1537 lacrymae,
1857 1488 1980 1522 cum
2016 1472 2250 1523 audieris
2290 1475 2408 1524 Ma-

1335 1552 1474 1591 trem
1529 1544 1671 1593 dulci
1734 1545 1968 1611 quadam
2045 1546 2411 1611 increpatione

1335 1612 1539 1664 Filium
1580 1615 1950 1667 verberantem
1987 1626 2038 1666 et
2084 1615 2350 1667 dicentem
2391 1634 2408 1667 ς

1338 1683 1481 1747 Fili,
1520 1686 1651 1751 quid
1672 1687 1867 1752 fecisti
1908 1687 2059 1738 nobis
2087 1685 2218 1737 sic?
2255 1707 2278 1732 ι·
2310 1688 2410 1738 Vel

1336 1765 1519 1819 posset
1551 1756 1658 1806 dici
1690 1751 1835 1823 quod
1871 1771 1980 1807 non
2024 1756 2128 1807 fuit
2158 1757 2407 1823 increpa-

1334 1824 1432 1886 tic,
1475 1827 1566 1876 sed
1605 1827 1693 1893 pia
1730 1829 1795 1878 de
1836 1829 1953 1894 ejus
1991 1828 2232 1879 absentia
2271 1845 2406 1879 con·
2434 1838 2445 1848 ‘

1336 1898 1568 1963 questio.
1613 1898 1757 1949 Ecce
1789 1905 1952 1966 pater
2001 1905 2153 1961 tuus,
2205 1898 2407 1949 scilicet

1335 1968 1625 2028 nutritius,
1662 1975 1714 2019 et
1755 1983 1859 2036 ego
1901 1969 2162 2030 dolentes,
2207 1968 2408 2019 scilicet

1332 2038 1401 2089 de
1441 2040 1733 2090 amissione
1761 2050 1852 2090 tua
1888 2050 1939 2090 et
1967 2039 2236 2101 absentia;
2269 2051 2407 2105 quae·

1332 2110 1581 2161 rebamus
1639 2117 1721 2173 te,
1774 2111 1927 2176 cujus
1981 2109 2263 2178 praesentia
2325 2118 2407 2159 est

1337 2181 1498 2232 nobis
1530 2182 1861 2233 dulcissima.

1421 2269 1481 2302 10
1548 2254 1898 2313 Momm-raa,
1978 2268 2156 2302 bonon
2223 2266 2407 2300 Amnon.

1332 2336 1458 2379 QuAE
1503 2323 1776 2373 Cumsruu
1817 2337 2091 2385 reunion-3
2139 2336 2206 2371 ετ
2233 2336 2408 2371 nonus

1334 2410 1447 2452 Quo
1476 2410 1642 2444 nem-:r
1666 2410 1772 2444 suu
1798 2410 2074 2452 Qua-:nana
2107 2422 2168 2431 —
2206 2393 2266 2442 In
2292 2408 2403 2458 quo

1334 2463 1609 2514 moraliter
1642 2464 1991 2528 instruimur;
2036 2464 2182 2530 quod
2221 2464 2406 2513 dolere

1333 2533 1593 2584 debemus
1628 2550 1750 2584 cum
1790 2536 2001 2595 Jesum,
2043 2534 2098 2584 id
2133 2544 2213 2585 est
2256 2535 2405 2584 salu-

1332 2615 1444 2655 tem
1473 2616 1745 2668 aeternam,
1778 2607 2101 2668 amittimus,
2133 2607 2281 2674 quod
2313 2622 2407 2673 per

1334 2690 1610 2744 peccatum
1661 2679 1755 2741 fit,
1804 2696 1929 2731 cum
1989 2696 2286 2747 peccamus,
2342 2680 2407 2730 Et

1331 2762 1461 2802 tunc
1503 2770 1628 2804 eum
1673 2770 1980 2820 quaeramus
2025 2770 2120 2820 per
2160 2754 2403 2805 triduum

1330 2823 1696 2889 poenitentiae,
1739 2824 1939 2875 scilicet
1983 2840 2077 2890 per
2119 2823 2404 2874 contritio-

1333 2913 1458 2948 nem
1483 2913 1605 2948 cum
1632 2899 1835 2959 dolore,
1873 2913 1967 2963 per
2009 2897 2404 2948 confessionem

1331 2986 1458 3020 cum
1520 2971 1758 3036 pudore,
1824 2985 1918 3036 per
1983 2970 2402 3021 satisfactionem

1331 3059 1459 3094 cum
1496 3045 1694 3104 labore,
1727 3053 1777 3094 et
1814 3044 2211 3095 reinveniemus
2254 3060 2401 3095 eum.

1330 3117 1432 3166 Sed
1459 3115 1593 3167 heu!
1617 3116 1771 3166 multi
1798 3119 1919 3182 plus
1944 3118 2129 3167 dolent
2157 3119 2222 3167 de
2246 3117 2403 3167 amis-

1330 3188 1482 3238 sione
1534 3202 1715 3237 rerum
1754 3189 2189 3248 transeuntium,
2236 3203 2400 3253 quam

1329 3260 1395 3309 de
1447 3258 1736 3309 amissione
1782 3269 1994 3310 aeternae
2043 3258 2230 3309 salutis
2288 3273 2399 3307 suae

1328 3339 1381 3380 et
1460 3329 1712 3380 aliorum.
1789 3330 1944 3380 Unde
2009 3327 2331 3380 Bet-nardus
2379 3344 2398 3381 ε

1331 3418 1358 3445 α
1388 3399 1543 3451 Cadit
1568 3399 1749 3459 asina,
1781 3409 1833 3449 et
1877 3409 1957 3449 est
1982 3398 2077 3465 qui
2127 3397 2397 3460 sublevet;

1330 3472 1470 3539 perit
1496 3472 1691 3532 anima,
1722 3481 1773 3522 et
1804 3487 1911 3523 non
1943 3481 2022 3521 est
2051 3469 2143 3536 qui
2176 3484 2399 3518 succur-

1330 3555 1427 3595 rat.
1451 3564 1477 3591 n
1508 3545 1718 3594 Sacrata
1740 3543 1907 3610 Virgo
1929 3552 2134 3608 patrem
2161 3541 2273 3606 ejus
2304 3556 2401 3605 ap-

1330 3616 1492 3682 pellat
1530 3613 1748 3679 Joseph,
1779 3622 1894 3663 tum
1939 3622 2153 3678 propter
2180 3610 2399 3660 Judaeo-

1329 3703 1453 3737 rum
1478 3685 1861 3751 suspicionem,
1891 3693 2007 3734 tum
2042 3693 2258 3749 propter
2282 3682 2400 3745 ejus

1328 3756 1716 3813 educationem,
1747 3765 1863 3805 tum
1903 3764 2118 3819 propter
2146 3752 2398 3818 genealo-

1328 3828 1429 3893 giae
1479 3819 1909 3892 explicationem.
1964 3824 2030 3873 Et
2077 3832 2204 3872 nota
2248 3822 2402 3889 quod

1330 3912 1609 3963 nunquam
1651 3894 1883 3960 legimus
1929 3892 2129 3959 Joseph
2160 3893 2397 3943 Domino

1328 3971 1496 4022 fuisse
1524 3972 1781 4030 locutum,
1818 3968 1909 4018 sed
1939 3967 2040 4018 hoc
2077 3968 2291 4034 Virgini
2321 3968 2400 4017 di-
