2784 4452
282 324 384 373 ¹04

275 424 604 490 praedicant3
657 428 875 479 secundi
923 444 1244 483 venerantur
1288 443 1340 483 et

273 497 524 561 adorant3
574 500 715 549 tertii
765 503 1139 568 amplexantur
1167 516 1218 555 et
1255 516 1339 556 te-

275 577 421 618 nent.
467 570 774 621 Secundum
820 574 1117 639 quosdam,
1167 577 1340 642 Magis

271 639 508 689 Judaeam
551 640 909 708 intrantibus,
957 647 1108 697 stella
1156 648 1340 714 dispa-

271 709 411 770 ruit,
448 720 510 760 ut
541 712 846 763 amittentes
869 714 1081 766 itineris
1114 718 1303 769 ducem
1322 757 1337 778 ,

272 798 487 834 necesse
525 784 780 836 haberent
822 802 1089 840 recurrere
1113 792 1179 840 ad
1205 792 1340 842 civi-

270 862 435 903 tatem
462 855 661 919 regiam
678 894 691 915 ,
722 856 923 908 scilicet
946 860 1258 924 Jerusalem,
1287 873 1338 912 et

273 922 483 974 ibidem'
512 924 784 992 inquirere
820 929 885 979 de
921 946 1043 997 rege
1067 943 1210 983 nato.
1240 936 1339 984 Se-

272 999 510 1048 cundum
534 1015 660 1050 vero
683 1001 835 1064 alios,
861 1018 983 1053 cum
1014 1006 1154 1071 Magi
1178 1008 1337 1057 Jeru-

271 1072 437 1122 salem
492 1072 557 1122 ad
618 1076 964 1139 quaerendum
1031 1078 1096 1128 de
1165 1080 1339 1130 Puero

272 1140 500 1206 ingressi
552 1141 811 1208 fuissent,
867 1149 1031 1198 stellae
1083 1150 1335 1200 ducatum

271 1211 594 1273 amiserunt,
632 1216 893 1279 quoniam
933 1219 1199 1270 auxilium
1227 1221 1336 1270 hu-

272 1296 496 1332 manum
543 1285 876 1349 requirentes
929 1289 1065 1353 juste
1119 1292 1338 1355 perdere

270 1351 517 1403 divinum
562 1370 898 1420 meruerunt,
939 1361 1068 1426 quia
1092 1374 1231 1412 recte
1254 1364 1340 1412 di-

269 1423 398 1474 vino
424 1425 747 1478 deseruntur
768 1431 990 1492 auxilio,
1016 1433 1110 1500 qui
1142 1434 1340 1485 huma-

270 1510 403 1545 num
454 1510 777 1563 praeponunt
817 1502 1020 1554 divino.
1062 1505 1134 1554 Et
1166 1516 1339 1570 potest

271 1568 425 1618 stella
470 1570 572 1621 ista
615 1571 943 1625 illuminatio
969 1576 1148 1642 gratiae
1177 1578 1339 1628 intel-

270 1639 385 1705 ligi,
417 1641 547 1707 quia
588 1643 721 1693 dum
763 1646 890 1696 boni
922 1662 952 1697 a
984 1648 1142 1699 malis
1174 1650 1341 1699 consi-

270 1711 405 1791 lium
421 1726 684 1778 quaerunt,
697 1732 878 1768 veram
890 1718 1339 1773 illuminationem

270 1792 544 1835 amittunt.
1192 1847 1195 1854 ,

334 1852 365 1903 6
385 1854 699 1909 stPARrrto
719 1876 933 1912 sTELLAE
952 1879 1193 1914 PROPTER
1215 1882 1340 1922 QUA-

270 1940 415 1975 ruon
444 1942 716 1981 annones.
747 1961 808 1970 —
832 1935 933 1984 Sed
960 1934 1071 1985 sive
1093 1946 1216 1987 ante
1255 1937 1339 1985 in-

270 2014 515 2065 gressum
566 2003 623 2053 in
678 2006 1000 2069 Jerusalem,
1059 2008 1169 2059 sive
1220 2021 1339 2075 post

270 2069 571 2136 ingressum
592 2076 874 2143 disparuit.
895 2080 1116 2131 Factum
1140 2092 1218 2132 est
1237 2083 1340 2133 hoc

269 2156 300 2190 a
331 2142 444 2193 Deo
472 2146 736 2210 pluribus
777 2150 846 2200 de
892 2152 1082 2202 causis,
1128 2152 1333 2213 Prima,

266 2224 485 2282 propter
531 2217 679 2285 ipsos
716 2222 926 2289 Magos,
965 2235 1025 2275 ut
1056 2224 1150 2291 qui
1188 2225 1338 2290 prius

268 2281 482 2342 fuerant
532 2292 847 2343 commoniti
899 2295 1098 2345 coelesti
1148 2295 1333 2362 sign0,

266 2357 714 2413 confirmarentur
741 2364 904 2415 etiam
933 2367 1076 2417 dicto
1106 2369 1336 2434 prophe-

266 2427 373 2481 tico
419 2445 485 2480 ex
532 2432 812 2485 doctorum
861 2438 938 2489 ibi
977 2440 1333 2491 residentium

266 2513 618 2564 respons0.—
644 2505 901 2569 Secunda,
928 2521 1145 2577 propter
1169 2514 1334 2562 Chri-

266 2576 444 2629 stum,
493 2581 555 2621 ut
593 2574 708 2638 ejus
749 2577 998 2630 nativitas
1030 2581 1085 2629 in
1123 2581 1336 2632 civitate

265 2638 410 2702 regia
435 2642 821 2711 publicaretur,
856 2658 908 2698 et
946 2651 1228 2716 prophetia
1269 2653 1334 2702 de

262 2708 382 2758 loco
408 2711 701 2765 nativitatis
719 2717 922 2768 Christi
944 2719 1162 2786 impleta
1185 2737 1337 2770 mon-

264 2786 536 2832 straretur.
553 2813 614 2821 —
639 2787 836 2850 Tertia,
864 2799 923 2839 ut
945 2791 1131 2848 studio
1153 2792 1334 2858 Mago-

265 2863 415 2910 rum,
469 2853 808 2909 damnaretur
860 2859 1076 2926 pigritia
1119 2861 1334 2912 Judaeo-

263 2936 405 2982 rum,
424 2925 517 2989 qui
534 2928 796 2981 Gentibus
810 2933 1036 2984 sollicite
1052 2933 1331 2984 Christum

264 2997 646 3060 quaerentibuS,
665 3002 767 3068 ipsi
794 3004 852 3053 in
873 3006 1023 3056 nullo
1047 3006 1179 3055 moti
1207 3018 1334 3058 sunt

263 3064 330 3115 ad
354 3072 723 3132 quaerendum.
747 3102 809 3113 --
834 3075 1050 3138 Quarta,
1081 3088 1140 3127 ut
1161 3079 1332 3129 Judaei

263 3135 544 3193 Christum
571 3158 680 3191 non
704 3144 1037 3211 recipientes,
1060 3148 1335 3199 inexcusa-

263 3206 399 3258 biles
421 3209 488 3259 de
511 3212 770 3263 adventus
793 3217 908 3278 ejus
935 3218 1126 3268 notitia
1151 3234 1331 3269 rema-

257 3287 480 3343 nerent,
518 3300 642 3334 cum
688 3287 830 3352 Magi
864 3289 1065 3340 Judaeis
1095 3300 1326 3357 tempuS‚

261 3363 313 3403 et
365 3355 535 3407 Juuaei
584 3359 755 3425 Magis
804 3361 982 3412 locum
1038 3363 1330 3415 nativitatis

260 3427 616 3495 ostenderent.
657 3431 752 3480 Per
794 3431 898 3482 hoc
929 3433 1091 3484 etiam
1125 3433 1326 3500 figura-

261 3495 416 3548 batur
479 3502 620 3566 quod
682 3501 814 3552 fides
866 3503 1067 3554 Christi
1130 3514 1240 3554 erat
1298 3521 1327 3556 a

259 3567 526 3621 Gentibus
577 3572 766 3623 devote
816 3573 1150 3640 recipienda,
1205 3586 1255 3625 et
1298 3593 1328 3627 a

257 3635 458 3690 Judaeis
483 3656 580 3706 pro
610 3643 798 3708 majori
839 3653 986 3710 parte
1042 3645 1097 3695 in
1147 3644 1328 3695 infide·

257 3705 405 3759 litate
451 3713 850 3764 remanentibus
890 3713 1186 3764 refutanda.
1233 3716 1323 3765 Isti

259 3776 398 3843 Magi
418 3780 511 3831 fixi
528 3781 745 3834 fuerunt
766 3785 822 3834 in
843 3783 1038 3835 timore
1053 3784 1256 3835 Christi
1274 3796 1328 3836 et

256 3846 362 3898 fide
384 3848 600 3914 firmati,
627 3855 753 3921 quia
777 3872 886 3906 non
918 3857 1157 3906 obstante
1180 3857 1324 3922 quod

258 3918 457 3971 scirent
479 3923 626 3987 juxta
652 3926 887 3979 edictum
915 3927 1210 3993 imperiale,
1248 3942 1324 3977 ca-

925 314 1166 368 PRIMAE
1202 318 1450 369 PARTIS
1486 320 1722 373 CAPUT
1754 324 1842 374 XI.

1451 435 1602 501 pitali
1656 440 1920 490 sententia
1992 442 2328 506 puniendum
2397 462 2514 499 esse

1449 508 1780 577 quicumque
1808 528 1989 579 regem
2013 515 2181 565 alium
2202 532 2366 583 quam
2392 520 2515 570 sub·

1448 580 1641 645 jectum
1665 583 1910 636 Romano
1937 586 2165 652 imperio
2186 589 2510 650 nominaret,

1448 649 1729 703 Christum
1755 664 1930 707 tamen
1956 657 2211 723 intrepidi
2238 670 2366 710 sunt
2395 676 2518 711 con-

1449 722 1593 776 fessi.
1624 727 1782 777 Unde
1818 729 2239 798 Chrysostomus
2275 751 2295 784 .-
2339 752 2366 780 «
2412 737 2515 786 Sed

1450 797 1718 863 numquid
1743 800 2069 861 nesciebant,
2095 804 2243 868 quod
2272 804 2329 854 in
2355 806 2515 856 Jeru-

1448 867 1614 918 salem
1644 870 1899 935 regnabat
1923 872 2195 923 Herodes?
2234 875 2515 942 Numquid

1450 954 1559 988 non
1585 939 1974 1006 intelligebant,
1995 945 2141 1009 quod
2157 945 2509 1013 quicumque,

1447 1023 1571 1075 rege
1595 1010 1825 1072 vivente,
1868 1015 2097 1064 alterum
2146 1030 2329 1082 regem
2383 1034 2515 1084 pro—

1448 1081 1664 1132 nuntiat
1691 1093 1783 1133 aut
1810 1085 2009 1145 adorat,
2043 1087 2269 1153 punitur
2308 1089 2365 1138 in
2399 1105 2516 1139 san-

1448 1150 1612 1217 guine
1653 1152 1672 1202 'r
1740 1155 1843 1204 Sed
1903 1155 2035 1206 dum
2104 1158 2518 1211 considerabant

1448 1236 1627 1286 regem
1654 1221 1917 1286 futurum,
1952 1243 2062 1277 non
2092 1228 2359 1287 timebant
2386 1246 2516 1295 prae-
2541 1291 2550 1304 ἱ

1448 1302 1695 1357 sentem3
1728 1295 1905 1346 adhuc
1932 1313 2043 1347 non
2066 1297 2313 1349 viderant
2355 1300 2522 1350 Chri-

1450 1374 1613 1425 stum,
1644 1367 1825 1431 etjam
1868 1370 2037 1434 parati
2068 1381 2221 1421 erant
2249 1371 2387 1421 mori
2421 1388 2520 1438 pro

1450 1434 1687 1486 Christ0.
1714 1435 1762 1486 O
1795 1437 1933 1489 beati
1963 1440 2104 1505 Magi
2132 1441 2226 1506 qui
2255 1451 2379 1493 ante
2398 1458 2521 1492 con-

1449 1515 1691 1570 spectum
1735 1509 2095 1560 crudelissimi
2149 1511 2295 1577 regis·
2334 1513 2520 1577 prius—

1448 1591 1612 1641 quam
1663 1577 1946 1630 Christum
1993 1581 2254 1640 viderent,
2317 1583 2522 1633 Christi

1448 1645 1572 1697 facti
1603 1659 1731 1698 sunt
1761 1650 2093 1702 confessores
2123 1652 2180 1703 Ξ»
2203 1652 2319 1703 haec
2344 1654 2519 1722 Chry-

1448 1724 1731 1769 sostomuS.

1512 1805 1542 1855 7
1586 1790 1826 1842 HERoms
1872 1808 2067 1853 Tmou,
2130 1810 2195 1844 ET
2248 1810 2518 1847 TURBA‘rm

1446 1858 1768 1911 JERUSALEM.
1791 1890 1852 1898 —
1875 1863 2115 1914 Audiens
2139 1870 2316 1915 autem
2343 1866 2521 1917 Hero-

1446 1930 1556 1980 des.
1568 1945 1691 1993 rex,
1725 1932 1851 1982 talia
1876 1933 1943 1983 de
1973 1934 2144 1984 Puero
2175 1946 2317 1997 nat0‚
2348 1938 2524 1988 turba-

1448 2006 1533 2051 tus
1560 2008 1656 2064 est,
1685 2002 1885 2053 timens
1911 2020 1979 2055 ne
2011 2017 2331 2071 regnaturus
2372 2019 2514 2071 esset

1446 2087 1543 2137 pro
1578 2087 1659 2133 eo,
1690 2081 1747 2123 se
1774 2084 2038 2141 tanquam
2076 2077 2377 2143 alienigena
2415 2079 2517 2129 de-

1446 2142 1651 2193 stituto·
1671 2143 1775 2194 Ubi
1795 2146 2136 2211 Augustinus
2163 2164 2181 2197 .-
2203 2165 2230 2193 «
2253 2148 2396 2207 Quid
2412 2149 2516 2199 erit

1444 2212 1681 2263 tribunal
1696 2213 2000 2277 judicantiS,
2017 2217 2234 2282 quando
2252 2220 2516 2285 superbos

1444 2298 1595 2348 reges
1606 2299 1743 2334 cuna
1754 2286 2245 2340 terrebatinfantis?
2260 2290 2517 2340 Timeant

1445 2372 1587 2406 nunc
1617 2372 1768 2422 reges
1796 2357 1860 2408 ad
1891 2359 2062 2410 Patris
2103 2361 2375 2412 dexteram
2406 2363 2516 2427 jam

1443 2428 1737 2487 sedentem,
1768 2445 1931 2495 quem
1968 2446 2061 2480 rex
2095 2432 2300 2498 impius
2330 2433 2518 2484 timuit

1441 2498 1617 2548 adhuc
1645 2500 1835 2550 matris
1855 2501 2019 2551 ubera
2042 2503 2388 2555 lambentem.
2405 2523 2433 2552 η
2449 2506 2518 2555 Et

1443 2584 1553 2618 non
1600 2571 1778 2620 solum
1818 2571 2067 2622 turbatus
2111 2583 2191 2623 est
2231 2574 2366 2640 ipse,
2419 2576 2513 2625 sed

1441 2644 1492 2688 et
1528 2639 1699 2690 omnis
1723 2642 2074 2710 Jerosolyma
2101 2657 2219 2694 cum
2260 2643 2372 2705 illo,
2407 2660 2513 2693 no-

1440 2708 1601 2758 vitate
1641 2710 1885 2760 miraculi
1926 2726 2195 2776 percussa,
2234 2723 2286 2763 et
2333 2712 2509 2764 favere

1439 2784 1626 2832 volens
1656 2783 1875 2844 Herodi,
1907 2800 2070 2850 quem
2104 2786 2346 2847 timebat,
2378 2789 2509 2854 quia

1440 2854 1545 2905 sibi
1590 2856 1843 2920 subjecta.
1880 2857 2033 2922 Saepe
2076 2858 2224 2908 enim
2272 2861 2506 2925 populus

1441 2926 1562 2992 plus
1591 2925 1671 2977 eis
1700 2927 1898 2993 injuste
1926 2927 2064 2978 favet
2095 2944 2234 2995 quos
2270 2931 2512 2982 crudeles

1440 2999 1671 3061 sustinet
1697 3017 1710 3050 ε
1741 3001 1885 3051 unde
1916 3016 2009 3050 rex
2041 3000 2278 3066 injustus
2318 3018 2509 3054 omnes

1442 3069 1724 3120 ministros
1782 3070 1942 3120 habet
1979 3069 2179 3135 impios
2230 3081 2282 3122 et
2318 3072 2510 3122 adula-

1441 3150 1602 3192 toreS.
1636 3160 1663 3188 ι)
1693 3140 2001 3192 Secundum
2026 3156 2153 3206 ergo
2183 3142 2513 3211 Chrysosto-

1439 3226 1596 3272 mum,
1637 3212 1883 3262 turbatur
1920 3212 2092 3262 omnis
2157 3213 2508 3282 Jerosolyma

1438 3298 1553 3334 cum
1586 3284 1699 3345 illa,
1738 3284 1821 3334 vel
1849 3299 2007 3334 causa
2047 3285 2393 3345 adulationiS,
2422 3288 2505 3337 vel

1438 3354 1670 3406 timoris.
1722 3356 2037 3406 Turbantur
2092 3357 2253 3407 etiam
2308 3357 2398 3408 ille
2454 3368 2506 3408 et

1437 3426 1545 3486 isti,
1576 3427 1705 3493 quia
1727 3427 1802 3491 de*
1822 3427 2053 3478 adventu
2080 3427 2208 3493 justi
2233 3443 2342 3477 non
2370 3430 2503 3493 pos—

1436 3508 1565 3548 sunt
1591 3497 1819 3564 gaudere
1844 3498 2039 3565 iniqui.
2069 3499 2168 3548 Vel
2193 3498 2504 3564 accipiendo

1437 3569 1526 3620 hic
1549 3578 1753 3635 partem
1785 3585 1881 3635 pro
1907 3579 2041 3629 τοῖο,
2072 3569 2245 3620 omnis
2273 3570 2503 3621 Jeroso-

1436 3641 1589 3708 lyma
1618 3639 1940 3706 intelligitur
1966 3640 2057 3689 illa
2084 3654 2223 3705 parS,
2243 3655 2366 3706 quae
2395 3639 2510 3699 sibi

1434 3711 1640 3760 favebat
1670 3725 1684 3774 ;
1742 3709 1820 3760 sic
1878 3709 2241 3759 communiter
2303 3709 2502 3759 dicitur

1434 3774 1651 3848 quando
1675 3781 1902 3845 majores
1930 3779 2160 3830 civitatis
2190 3779 2396 3847 aliquid
2414 3779 2502 3830 fa-

1432 3853 1600 3912 ciunt,
1628 3852 1773 3919 quod
1805 3860 1915 3901 tota
1953 3850 2139 3901 civitas
2179 3850 2312 3900 illud
2341 3849 2524 3911 facit3.

1432 3923 1597 3975 sicin
1639 3922 1934 3989 propositO,
1965 3921 2060 3988 qui
2102 3931 2255 3972 erant
2297 3920 2502 3970 ibidem
