2784 4452
568 318 661 368 DE
693 314 1147 372 CONCEPTION
1155 321 1197 371 E
1227 321 1667 373 SALVATORIS
1701 324 1746 374 N
1752 325 1981 376 OSTRI.
2321 348 2356 397 4
2372 348 2391 383 1

171 433 380 484 comites
430 433 656 485 feminas
704 436 1055 498 desiderabat,
1102 454 1222 504 quae

170 505 329 555 bonas
364 505 710 571 cogitationes
763 507 992 558 habebat
1030 526 1045 559 ε
1082 510 1216 576 quin

164 577 318 626 etiam
342 588 468 627 tunc
495 579 599 628 sibi
628 579 814 630 minus
837 582 949 631 sola
992 581 1216 632 videba-

166 656 261 707 tur,
293 664 411 698 cum
450 650 562 699 sola
592 661 748 710 esset,
778 666 904 700 nam
948 653 1215 717 quemad-

163 721 376 770 modum
406 723 517 772 sola
553 723 637 773 cui
675 732 755 773 tot
792 723 917 773 libri
965 725 1215 775 adessent

160 802 235 842 tot
268 794 601 861 Archangeli,
629 806 708 847 tot
743 798 1061 863 Prophetae?
1116 800 1215 849 de-

161 863 321 929 nique
355 866 567 916 Gabriel
601 867 695 916 ubi
728 883 845 918 eam
879 869 1109 920 revisere
1132 886 1214 920 so-

159 934 294 985 lebat
333 936 550 986 invenit.
592 958 619 984 »
648 937 807 989 Unde
857 939 985 989 alibi
1018 941 1214 992 Hiero-

159 1019 346 1071 nymus
370 1026 387 1057 .·
415 1027 442 1053 ε(
467 1008 703 1058 Habebis
729 1010 976 1060 cellulam
1012 1027 1133 1078 quae
1161 1021 1212 1062 te

159 1077 325 1126 solum
366 1080 553 1143 capiat,
594 1079 705 1130 imo
757 1096 867 1130 non
905 1082 1010 1132 eris
1054 1085 1167 1133 sola
1195 1100 1213 1142 :-

153 1149 378 1214 angelica
401 1161 578 1201 tecum
601 1153 758 1203 turba
780 1153 1080 1204 versabitur
1088 1170 1103 1218 3
1132 1164 1211 1205 tot

152 1223 273 1272 socii
297 1235 430 1289 quot
452 1226 620 1276 sancti
647 1243 663 1275 ε
695 1227 810 1292 lege
829 1227 1207 1294 Evangelium,

150 1294 407 1348 fabulatur
450 1311 627 1350 tecum
684 1302 869 1364 Jesus3
922 1303 1206 1368 replicabis

147 1369 422 1433 Apostolos
458 1373 544 1422 vel
570 1373 893 1438 Prophetas3
934 1375 1201 1440 numquid

146 1440 336 1504 poteris
360 1443 519 1492 talem
552 1443 719 1494 alium
769 1445 878 1494 tuis
928 1445 1202 1495 sermoni-

146 1512 238 1562 bus
255 1514 451 1564 habere
474 1516 810 1566 consortem?
832 1535 859 1563 >³
877 1517 946 1568 Et
970 1518 1202 1567 Bernar-

142 1584 238 1634 dus
256 1602 274 1635 .·
295 1603 322 1630 «
351 1586 646 1651 Nunquam
672 1588 856 1638 minus
880 1588 1029 1639 solus
1054 1605 1196 1650 sum,

136 1669 295 1720 quam
328 1658 546 1722 quando
580 1659 730 1708 solus
755 1673 896 1710 sum.
915 1679 941 1706 n
959 1660 1198 1711 Creden-

135 1724 265 1775 dum
288 1737 461 1776 autem
478 1728 628 1792 quod
652 1738 780 1778 tunc
803 1738 913 1779 erat
936 1740 1045 1779 tota
1068 1731 1198 1782 abs-

138 1808 303 1848 tracta
318 1799 368 1848 in
391 1800 743 1852 devotissima
763 1803 1022 1863 oratione,
1039 1805 1120 1853 vel
1136 1804 1193 1854 in

134 1868 324 1920 intima
356 1873 810 1937 contemplatione
831 1912 844 1933 ,
877 1889 1198 1941 consurgen-

132 1951 184 1991 te
206 1941 337 1993 forte
362 1954 493 1994 tunc
530 1942 830 2009 specialiter
862 1960 926 1994 ex
963 1946 1192 1996 medita-

130 2011 273 2063 tione
310 2031 472 2080 super
500 2017 674 2065 salute
698 2015 908 2080 generis
944 2017 1190 2078 humani,

131 2087 357 2151 qualiter
377 2087 584 2138 scilicet
608 2103 704 2153 per
734 2088 1015 2154 Virginem
1039 2090 1192 2140 debe·

128 2159 212 2209 bat
231 2160 446 2210 salvari.
468 2161 626 2211 Unde
654 2161 819 2211 etiam
855 2161 1075 2228 quidam
1101 2163 1191 2213 di-

125 2245 262 2295 cunt,
315 2251 438 2285 eam
491 2246 622 2285 tunc
663 2246 784 2285 actu
824 2237 1018 2302 legisse
1055 2236 1189 2287 illud

125 2305 305 2356 Isaiae:
345 2308 492 2357 Ecce
560 2307 731 2372 Virgo
771 2308 1043 2373 concipiet,
1090 2318 1187 2358 etc.

124 2377 180 2427 In
249 2379 354 2428 hoc
405 2378 574 2443 igitur
622 2389 742 2428 actu
813 2388 921 2429 tam
978 2378 1190 2429 *intimae

123 2449 606 2515 contemplationiS,
628 2465 738 2515 quo
763 2460 873 2500 erat
893 2450 1005 2500 Deo
1022 2451 1192 2499 totali·

125 2529 200 2569 ter
231 2520 549 2580 coadunata,
585 2520 863 2586 ingressus
892 2529 972 2570 est
1003 2521 1189 2587 Ange-

124 2590 204 2640 lus
225 2592 291 2640 ad
317 2607 455 2641 eam.
482 2591 820 2641 Rationabile
844 2592 991 2641 enim
1032 2591 1190 2641 vide-

123 2671 221 2721 tur,
245 2662 393 2728 quod
420 2663 638 2727 quando
685 2662 1032 2727 corporaliter
1079 2661 1185 2711 sibi

122 2735 282 2785 voluit
307 2736 458 2785 uniri
482 2736 719 2786 Verbum
755 2746 1034 2795 aeternum,
1056 2745 1188 2785 tunc

122 2805 227 2870 ipsa
262 2806 620 2872 spiritualiter
661 2807 765 2857 sibi
817 2806 981 2857 fuerit
1031 2806 1185 2856 unita

122 2877 173 2927 iu
199 2878 676 2944 contemplationis
703 2889 844 2929 actu.

177 2950 208 3001 8
240 2953 429 3000 Minus
468 2966 720 3009 Quouono
751 2966 947 3000 GRA‘rtA
983 2950 1186 3000 PLENA?

120 3048 173 3058 -
220 3023 521 3087 Ingressus
572 3020 755 3086 itaque
814 3021 1061 3086 Angelus
1109 3020 1185 3070 ad

120 3108 223 3145 eam
261 3095 570 3162 Virginem,
602 3094 929 3152 in,thalamo
961 3103 1013 3143 et
1047 3109 1184 3143 con-

119 3167 234 3217 clavi
281 3168 630 3218 domunculae
677 3183 787 3217 suae
850 3175 1177 3226 manentem,

119 3238 231 3287 etei
257 3239 326 3287 ad
373 3254 599 3288 sensum
647 3236 909 3303 corporali
953 3236 1179 3295 visione,

118 3317 163 3357 et
208 3308 454 3359 humana
507 3308 683 3374 specie
734 3323 996 3374 apparens
1053 3307 1129 3357 ait
1165 3324 1179 3357 ε

116 3381 231 3443 Ave,
254 3380 452 3447 gratia
476 3380 658 3445 plena,
685 3379 949 3430 Dominus
982 3386 1149 3429 tecum
1160 3395 1180 3441 ;

117 3452 376 3504 benedicta
408 3458 465 3503 tu
505 3454 559 3503 in
588 3452 916 3503 mulieribus·
942 3452 1182 3517 Angelus

116 3523 165 3572 in
183 3524 426 3574 hominis
451 3524 623 3574 forma
647 3539 908 3590 apparens
927 3523 1080 3589 quasi
1099 3539 1182 3573 ex·

113 3596 280 3660 emplo
304 3595 507 3655 docuit,
535 3594 664 3661 quia
696 3596 869 3645 Deum
894 3593 1178 3653 incarnari,

114 3675 158 3714 et
213 3664 484 3730 Spiritum
551 3664 822 3730 cooperari
894 3663 1178 3714 nuntiavit.

116 3735 241 3795 Quia
274 3738 427 3787 enim
458 3737 612 3786 illum
646 3736 931 3798 nuntiavit,
974 3736 1067 3801 qui
1122 3736 1181 3786 in·

114 3809 163 3855 se
217 3806 532 3867 invisibilis,
583 3822 776 3873 corpus
819 3806 1032 3858 visibile
1080 3823 1213 3856 vo--

118 3879 207 3930 tuit
236 3897 306 3931 ex
328 3879 557 3946 Virgine
586 3895 814 3940 sumere,
840 3896 1071 3947 congrue
1094 3881 1179 3930 de-

120 3949 223 4001 buit
247 3951 515 4016 corporali
545 3950 718 4017 specie
747 3966 1015 4017 apparere.
1052 3950 1178 3999 For-

1289 477 1292 480 .
1330 439 1497 490 mavit
1533 451 1713 491 autem
1774 444 2010 509 Angelus
2058 445 2162 496 sibi
2203 464 2399 516 corpus

1327 509 1587 570 lucidum,
1614 512 1742 578 quia
1784 515 2080 564 secundum
2122 520 2395 585 Augusti-

1327 596 1469 643 num,
1504 580 1638 632 facie
1678 584 1922 644 rutilanS,
1962 597 2014 636 et
2050 599 2195 640 veste
2231 607 2394 643 coru-
2431 592 2434 595 ’

1326 654 1693 720 scansVirgini
1715 657 1978 722 apparuit.
2000 661 2394 716 Convenienter

1324 739 1450 774 vero
1500 727 1854 778 annuntiatur
1889 729 2100 796 Virgini
2137 733 2390 786 Incarna—

1323 794 1403 845 tio
1442 797 1624 858 Verbi,
1653 809 1713 849 ut
1767 799 1967 851 scilicet
2002 803 2153 867 prius
2208 804 2389 870 ipsum

1322 867 1588 934 concipiat
1625 881 1805 921 mente
1843 888 2006 938 quam
2035 889 2209 925 carne.
2251 876 2389 926 Mu-

1323 945 1445 992 tans
1464 957 1591 1007 ergo
1606 943 1849 1008 Angelus
1874 960 2057 996 nomen
2080 947 2234 1007 Evae,
2259 948 2389 999 dicit

1319 1011 1534 1077 Virgini
1562 1030 1575 1062 z
1601 1015 1730 1076 Ave,
1760 1014 2006 1066 indicans
2029 1032 2148 1067 eam
2172 1018 2239 1067 ab
2261 1034 2386 1067 om-

1321 1084 1376 1133 ni
1422 1101 1499 1135 vae
1553 1087 1797 1139 liberam.
1842 1089 1974 1148 Quae
2020 1090 2156 1141 bene
2196 1093 2385 1157 gratia

1308 1155 1475 1221 plena
1496 1156 1712 1218 dicitur,
1746 1159 1874 1225 quia
1913 1160 2034 1210 aliis
2068 1161 2133 1211 ad
2158 1177 2383 1213 mensu-

1317 1243 1432 1278 ram
1467 1231 1634 1295 gratia
1667 1232 1852 1296 datur;
1883 1233 1996 1283 haec
2028 1244 2206 1284 autem
2250 1237 2381 1295 sola,

1315 1299 1541 1364 gratiam
1574 1317 1738 1367 quam
1777 1303 1924 1353 nulla
1967 1304 2072 1354 alia
2117 1316 2385 1356 meruerat

1314 1383 1597 1423 consecuta
1639 1383 1736 1434 est,
1774 1385 1835 1424 ut
1873 1375 2055 1440 gratiae
2090 1377 2384 1442 repleretur

1312 1442 1560 1496 Auctore.
1596 1446 1730 1506 Quae
1761 1463 1885 1497 cum
1926 1446 2094 1510 gratia
2126 1449 2281 1513 plena
2310 1448 2383 1499 sit

1312 1530 1464 1579 prius
1508 1517 1671 1566 etiam
1717 1533 1883 1583 quam
1931 1518 2215 1583 concipiat,
2258 1530 2381 1584 post

1310 1587 1712 1652 conceptionem
1765 1599 1966 1655 quanta
2003 1590 2099 1640 Dei
2143 1591 2379 1641 abundet

1309 1658 1496 1722 gratia,
1528 1659 1653 1724 quis
1694 1661 1929 1726 cogitare
1966 1661 2181 1727 possit?
2219 1662 2378 1712 Unde

1307 1729 1683 1798 Hieronymus
1706 1750 1723 1782 .·
1746 1750 1773 1778 «
1795 1733 1866 1782 Et
1886 1733 2023 1782 bene
2046 1734 2219 1798 plena,
2246 1733 2376 1798 quia

1307 1801 1495 1851 ceteris
1520 1817 1613 1866 per
1645 1814 1819 1868 partes
1849 1813 2135 1868 praestatur
2168 1804 2369 1869 gratia;

1306 1871 1488 1921 Mariae
1513 1889 1640 1923 vero
1680 1874 1845 1924 simul
1870 1889 1928 1923 se
1966 1884 2133 1925 totam
2173 1874 2374 1925 infudit

1305 1943 1487 2007 gratiae
1511 1945 1810 2009 plenitudo.
1832 1966 1858 1992 »
1880 1946 2016 1995 Vere
2041 1946 2229 2012 gratia
2260 1947 2374 2012 ple·

1304 2028 1392 2075 na,
1427 2030 1522 2079 1³8¹·
1546 2031 1709 2082 quam
1739 2018 1886 2081 largo
1924 2017 2104 2067 Sancti
2136 2016 2396 2087 Spiritus„

1303 2082 1479 2135 imbre
1509 2086 1791 2151 superfusa
1826 2097 1907 2137 est
1944 2087 2125 2137 omnis
2164 2088 2372 2143 creatuss

1302 2170 1394 2218 ra3
1441 2172 1561 2222 quae
1599 2157 1747 2207 coelis
1781 2157 1929 2207 dedit
1964 2158 2369 2223 gloriany‘ter-

1300 2225 1375 2276 ris
1395 2228 1588 2287 Deum,
1623 2243 1913 2294 pacemque
1947 2224 2368 2290 refudit'homi-

1302 2300 1483 2361 nibus,
1521 2301 1682 2352 fidem
1711 2299 2175 2366 gentibussfi‘nem
2199 2301 2366 2361 vitiis,

1297 2372 1421 2423 vitae
1476 2374 1722 2424 ordinem
1752 2412 1766 2433 ,
1820 2374 2066 2424 moribus
2118 2374 2365 2440 discipli-

1301 2462 1446 2498 nam.

1361 2536 1396 2587 9
1437 2522 1688 2572 Donamus
1736 2537 1844 2571 cuit
1897 2521 2096 2572 Manui.
2121 2549 2183 2558 —
2212 2521 2365 2572 Dici-

1297 2603 1385 2642 tur
1433 2607 1651 2659 quoque
1695 2592 1743 2643 ei
1786 2609 1799 2642 ε
1851 2593 2116 2643 Dominus
2165 2599 2361 2655 tecum,

1297 2664 1513 2724 scilicet,
1540 2664 1611 2714 sit
1649 2663 1705 2713 in
1748 2674 1900 2713 utero
1927 2663 2021 2728 qui
2065 2673 2145 2712 est
2186 2673 2362 2713 tecum

1296 2736 1353 2786 in
1377 2736 1588 2798 animo;
1632 2735 1919 2801 adimpleat
1960 2744 2220 2793 ventrem,
2265 2734 2360 2800 qui

1294 2807 1554 2872 adimplet
1586 2815 1822 2856 mentem
1835 2821 1849 2868 ;
1888 2812 2054 2855 tecum
2090 2821 2196 2853 non
2237 2814 2361 2854 tan-

1293 2887 1411 2927 tum
1456 2893 1550 2942 per
1596 2876 1904 2935 essentiam,
1959 2875 2257 2942 potentiam
2307 2885 2362 2926 et

1294 2949 1656 3015 praesentiam,
1700 2948 1929 3013 qualiter
1961 2958 2041 2998 est
2075 2948 2132 2997 in
2173 2948 2361 2998 omni-

1295 3022 1396 3071 bus
1425 3021 1614 3080 rebus;
1646 3035 1743 3081 nec
1780 3020 1956 3069 solum
1996 3035 2091 3084 per
2113 3018 2358 3084 gratiam,

1293 3106 1356 3140 eo
1389 3091 1553 3140 modo
1590 3105 1699 3155 quo
1738 3098 1817 3139 est
1842 3089 1899 3138 in
1939 3088 2135 3139 sanctis
2172 3089 2360 3138 homi-

1293 3162 1457 3211 nibus
1472 3177 1487 3224 ;
1517 3162 1608 3211 sed
1640 3160 1801 3210 etiam
1827 3177 1921 3227 per
1944 3162 2118 3211 carnis
2141 3176 2359 3211 assum-

1292 3232 1535 3298 ptionem
1564 3232 1767 3283 detuis
1795 3232 2104 3298 purissimis
2133 3232 2358 3297 sangui-

1291 3304 1474 3353 nibus,
1527 3303 1633 3354 Ubi
1671 3314 1814 3362 nota,
1858 3304 2004 3369 quod
2058 3313 2110 3353 et
2153 3303 2197 3353 si
2249 3313 2358 3353 tota

1291 3377 1542 3427 salutatio
1583 3377 1839 3443 Angelica
1866 3377 1936 3426 sit
1973 3375 2185 3441 Virgini
2232 3390 2357 3440 gra-

1290 3451 1518 3511 tissima,
1568 3450 1669 3501 ista
1716 3461 1894 3501 tamen
1929 3451 2182 3509 clausula,
2204 3447 2355 3498 scili-

1288 3531 1370 3572 cet
1403 3522 1666 3572 Dominus
1710 3528 1875 3572 tecum
1923 3521 2203 3587 potissime
2234 3534 2356 3568 eam

1288 3593 1529 3653 delectat,
1553 3603 1605 3643 et
1639 3592 1759 3643 ideo
1785 3592 2044 3658 singulari
2074 3589 2355 3641 devotione

1286 3663 1513 3713 dicenda
1552 3673 1691 3713 esset
1723 3680 1737 3713 ε
1778 3663 1900 3713 licet
1924 3663 2071 3713 enim
2097 3663 2203 3728 jam
2242 3671 2352 3710 erat

1287 3751 1412 3784 cum
1451 3734 1692 3801 Virgine,
1739 3750 1939 3785 novum
1987 3745 2163 3784 tamen
2201 3733 2353 3783 misit

1288 3802 1564 3865 nuntium,
1614 3804 1741 3870 quia
1779 3806 1942 3855 modo
1976 3803 2239 3870 singulari
2264 3821 2353 3855 vo-

1285 3875 1388 3925 luit
1438 3891 1556 3927 esse
1609 3890 1810 3926 secum.
1854 3876 1978 3924 Haec
2026 3874 2187 3924 etiam
2237 3877 2351 3926 sola

1284 3964 1392 4014 prae
1442 3948 1700 3999 omnibus
1740 3947 2061 3998 mulieribus
2087 3958 2140 3999 et
2188 3964 2350 4013 super
