2784 4452
955 299 1052 350 DE
1082 297 1460 350 EPIPHANIA
1491 295 1769 349 DOMINI.
2384 310 2402 345 1
2420 311 2438 350 ι
2456 311 2475 345 1

221 437 402 489 regno
442 419 767 472 Salomonis.
810 418 1071 470 Salomon
1096 414 1305 466 reside-

222 494 323 544 bat
367 492 426 541 in
470 490 672 541 throno
699 490 766 539 de
807 488 968 538 ebore
1020 485 1303 537 candidis-

221 564 396 623 sim0,
434 561 530 628 qui
571 560 798 611 vestitus
824 569 935 610 erat
960 573 1094 625 auro
1131 556 1309 623 puris-

224 634 395 687 simo.
439 630 691 683 Universi
730 645 881 697 reges
925 639 1083 679 terrae
1125 642 1306 693 regem

225 707 584 757 Salomonem
617 703 802 753 videre
834 701 1139 768 cupiebant,
1175 709 1229 750 et
1256 699 1306 750 ei

225 789 461 826 munera
503 772 896 840 pretiosissima
931 769 1307 836 apportabant.

226 848 339 899 Sed
384 854 439 897 et
474 844 662 911 regina
702 845 841 894 Saba
884 842 1012 893 talia
1051 852 1105 894 et
1159 850 1311 892 tanta

228 932 465 968 munera
480 916 535 966 ei
565 914 837 975 offerebat,
861 923 1066 980 quanta
1093 921 1148 964 et
1167 927 1309 979 qua·-

230 988 311 1039 lia
367 987 427 1037 in
490 986 788 1037 Jerusalem
823 984 940 1035 visa
984 999 1095 1034 non
1135 992 1308 1036 erant.

231 1060 500 1111 ‘Pbronus
530 1074 659 1109 vero
695 1056 1000 1107 Salomonis
1040 1064 1124 1106 est
1152 1055 1313 1105 Beata

228 1133 404 1199 Virgo
437 1131 625 1191 Maria,
653 1130 710 1180 in
742 1145 852 1196 quo
874 1127 1140 1180 residebat
1158 1128 1313 1179 Jesus

233 1202 494 1255 Christus
528 1216 654 1252 vera
692 1199 988 1265 sapientia3
1029 1198 1122 1249 hic
1148 1198 1311 1248 thro-

234 1289 345 1325 nus
373 1272 549 1324 factus
566 1273 633 1322 de
659 1272 820 1322 ebore
847 1270 1078 1322 candido
1105 1279 1161 1321 et
1176 1283 1312 1320 auro

200 1359 396 1410 opum.
441 1343 594 1393 Ebur
638 1351 857 1407 propter
889 1340 976 1391 sui
1025 1339 1312 1390 candorem

235 1425 294 1467 et
330 1414 685 1480 frigiditatem
703 1452 717 1473 ,
757 1412 1002 1479 designat
1030 1409 1313 1475 virginalis

234 1485 523 1538 munditiae
562 1484 860 1536 castitatem
875 1520 893 1544 ,
930 1483 1024 1534 sed
1053 1482 1188 1532 ebur
1216 1495 1313 1530 an·-

234 1561 465 1627 tiquum
509 1558 569 1608 in
622 1557 878 1607 ruborem
924 1554 1157 1607 vertitur
1189 1570 1205 1604 ε
1237 1553 1316 1604 sic

236 1633 406 1698 longa
451 1628 668 1680 castitas
716 1626 1041 1694 martyrium
1095 1634 1315 1691 reputa-

237 1714 347 1754 tur.
377 1703 609 1760 Aurum,
643 1699 772 1766 quia
803 1699 863 1749 in
894 1699 1075 1749 valore
1098 1697 1315 1763 praecel-

238 1774 309 1825 lit
347 1786 515 1823 omne
550 1770 848 1831 metallum,
875 1768 1144 1835 significat
1189 1768 1318 1819 cha·

240 1843 460 1894 ritatem
476 1878 495 1901 ,
547 1855 673 1905 quae
714 1848 796 1890 est
850 1848 1025 1889 mater
1065 1838 1317 1898 omnium

240 1916 530 1967 virtutum.
558 1911 727 1962 Maria
753 1927 881 1977 ergo
920 1910 1122 1962 dicitur
1162 1910 1320 1961 ebur-

245 2001 382 2046 nea,
440 1992 660 2051 propter
721 1982 1046 2049 virginalem
1096 1981 1317 2033 castita-

244 2067 388 2118 tem3
434 2064 490 2105 et
527 2068 660 2105 auro
691 2053 915 2112 vestita,
952 2061 1171 2117 propter
1197 2067 1322 2118 per·

245 2124 600 2177 fectissimam
635 2122 982 2186 charitatem3
1012 2130 1067 2173 et
1100 2123 1324 2188 pulchre

243 2195 544 2265 virginitati
622 2193 968 2261 conjungitur
1037 2193 1316 2255 charitas,

240 2271 383 2338 quia
416 2269 537 2337 sine
572 2267 827 2318 charitate
868 2282 1050 2318 coram
1077 2267 1189 2317 Deo
1214 2266 1322 2316 ⁴ni--·

245 2341 331 2391 hil
386 2347 666 2404 reputatur
715 2336 1019 2402 virginitas.
1061 2335 1322 2387 Thronus

244 2410 562 2464 Salomonis
609 2424 771 2476 super
821 2424 917 2460 sex
959 2409 1157 2475 gradus
1210 2419 1324 2460 erat

249 2483 513 2534 exaltatus
530 2518 546 2542 ‚
618 2490 670 2531 et
725 2479 894 2531 Maria
952 2480 1324 2546 superexcellit

250 2557 544 2608 Beatorum
571 2569 664 2605 sex
691 2563 890 2615 status,
921 2553 1122 2604 scilicet
1162 2570 1195 2604 ε.
1221 2554 1326 2605 Pa-

250 2626 608 2681 ttiarcharum
625 2664 640 2686 ,
703 2625 1128 2691 Prophetarum,
1174 2626 1325 2690 Apo-

249 2697 539 2756 stolorum,
572 2696 887 2760 Martyrum,
912 2693 1322 2752 Confessorum,

250 2776 305 2819 et
355 2765 663 2832 Virginum.
726 2764 1025 2815 Duodecim
1086 2764 1322 2815 leunculi

249 2851 416 2904 super
443 2851 538 2887 sex
574 2836 772 2902 gradus
800 2835 1064 2886 thronum
1091 2850 1322 2886 exorna-

252 2910 413 2969 bant,
446 2907 576 2974 quia
609 2907 896 2958 duodecim
933 2906 1178 2972 Apostoli
1209 2908 1325 2957 Ma·-

251 2979 349 3031 riae
375 2988 637 3044 tanquam
667 2978 888 3044 Reginae
909 2976 1027 3028 coeli
1055 2976 1328 3028 ministra-

254 3053 404 3111 bant,
432 3051 518 3101 vel
544 3050 673 3117 quia
699 3049 985 3100 duodecim
1012 3045 1328 3100 patriarchae

251 3121 629 3188 progenitores
652 3121 834 3171 Mariae
851 3128 1020 3171 erant.
1035 3119 1330 3170 summitas

253 3190 442 3244 throni
465 3200 577 3242 erat
602 3191 852 3252 rotunda,
877 3189 1008 3257 quia
1030 3189 1197 3241 Maria
1218 3199 1330 3241 erat

251 3265 374 3319 sine
395 3266 596 3332 angulo
617 3265 861 3316 sordium
889 3274 943 3315 et
969 3275 1080 3316 tota
1101 3265 1326 3316 munda.

249 3338 391 3390 Duae
415 3352 610 3387 manus
650 3337 816 3388 sedile
845 3337 976 3388 hinc
1015 3336 1143 3387 inde
1172 3345 1329 3387 tene-

252 3409 406 3470 bant,
425 3408 558 3474 quia
583 3409 735 3459 Pater
762 3418 814 3458 et
841 3408 1137 3473 Spiritusa
1159 3408 1331 3459 Matre

254 3480 385 3534 Filii
409 3496 696 3547 nunquam
719 3481 1050 3535 recedebant.

326 3567 394 3618 17
448 3553 722 3603 Minoam:
777 3567 1061 3604 navansto.
1086 3578 1150 3590 --
1178 3550 1331 3603 Tan-

254 3624 386 3677 dem
408 3622 554 3689 Magi
589 3632 888 3674 reverenter
915 3637 976 3673 ac
1000 3623 1193 3675 devote
1233 3635 1335 3688 pe-

256 3695 358 3748 des
399 3694 557 3745 Pueri
598 3693 888 3745 deosculati
927 3703 1081 3756 sunt,
1111 3703 1163 3746 et
1200 3694 1337 3746 ado-

257 3774 378 3818 rato
425 3765 660 3817 Domino
682 3803 698 3829 ,
756 3765 1018 3832 omnique
1073 3764 1336 3831 obsequio

259 3846 509 3903 peractO,
548 3846 601 3887 et
627 3836 921 3891 devotione,
940 3837 1236 3903 completa,
1277 3851 1338 3887 ac

262 3907 642 3965 benedictione
667 3917 913 3975 accepta„
939 3907 1262 3963 inclinantes
1280 3923 1340 3962 se

1412 429 1537 465 cum
1614 427 1814 479 magno
1876 410 2091 477 gaudio,
2133 421 2479 462 recesserunt.

1415 484 1522 546 Qui
1554 500 1679 536 cum
1731 484 1798 536 de
1845 481 2022 533 reditu
2068 482 2481 542 deliberassent,

1413 570 1734 622 responsum
1793 562 2109 620 acceperunt
2157 553 2220 604 in
2274 555 2485 605 somnis

1416 642 1511 693 per
1547 626 1791 679 divinam
1831 624 2241 684 revelationem,
2289 640 2354 676 ne
2409 621 2497 676 ad‘

1415 698 1690 750 Herodem
1761 697 2030 758 metirent,
2078 695 2226 762 quia,
2276 698 2488 762 cognita

1413 772 1661 833 veritate,
1697 786 1809 821 non
1843 770 1968 821 licet
1991 768 2232 819 retroire.
2261 769 2359 819 Per
2382 770 2485 820 hoc

1414 843 1579 894 etiam
1613 843 1999 901 admonemur,
2030 841 2179 907 quod
2208 856 2336 890 cum
2365 855 2488 890 ma·-

1415 913 1484 964 lis
1522 912 1836 963 hominibus
1878 911 2186 963 societatem
2239 912 2480 977 aliquam

1417 1000 1526 1036 non
1560 983 1974 1044 contrahamuS,
2024 992 2079 1032 et
2116 982 2362 1048 cognitos
2396 996 2488 1031 er-

1417 1070 1568 1106 rores
1645 1054 1901 1105 vitemus,
1982 1052 2140 1103 Unde
2228 1053 2436 1103 Seneca
2460 1068 2488 1100 ¹.-

1419 1144 1449 1174 κ
1480 1127 1601 1177 Non
1623 1135 1707 1176 est
1748 1124 1936 1176 levitas
1976 1139 2010 1175 a
2050 1123 2268 1189 cognito
2312 1138 2492 1174 errore

1417 1198 1718 1257 discedere,
1759 1212 1869 1247 non
1924 1206 2007 1248 est
2047 1206 2204 1261 turpe
2251 1211 2376 1247 cum
2432 1210 2489 1246 re

1419 1279 1629 1320 mutare
1665 1268 1976 1319 consilium.
2004 1286 2034 1315 υ
2077 1267 2215 1327 Quia
2244 1283 2371 1333 ergo
2402 1266 2491 1316 in-

1418 1352 1510 1394 tus
1544 1342 1603 1392 in
1643 1340 1968 1391 conscientia
2001 1340 2315 1406 quaerebant
2353 1339 2488 1405 quid

1417 1414 1576 1465 vellet
1605 1412 1790 1463 divina
1816 1412 2064 1463 voluntas
2083 1411 2152 1461 de
2178 1411 2485 1462 reversione

1418 1488 1487 1538 ad
1536 1487 1838 1545 Herodem,
1896 1485 2038 1536 sicut
2089 1485 2238 1535 enim
2280 1486 2494 1551 Moyses

1418 1569 1602 1610 tacens
1628 1558 1919 1619 clamabat,
1948 1558 2028 1609 sic
2057 1556 2146 1607 isti
2180 1557 2273 1623 pio
2298 1557 2492 1608 affectu

1422 1630 1821 1696 interrogabant
1856 1629 1990 1696 quid
2019 1629 2202 1680 divina
2237 1629 2489 1680 voluntas

1420 1702 1653 1768 juberet3
1706 1701 1831 1751 ideo
1877 1701 1975 1751 Dei
2032 1711 2346 1751 meruerunt
2403 1717 2494 1751 re-

1422 1772 1770 1839 sponsionem
1787 1811 1798 1832 ,
1839 1765 2041 1822 scilice‘t
2078 1771 2368 1832 internam,
2411 1773 2496 1822 vel

1422 1842 1613 1909 Angeli
1655 1840 1961 1892 ministerio
2005 1840 2217 1891 factam.
2268 1842 2334 1891 Et
2385 1841 2486 1891 de-

1423 1914 1735 1965 scendentes
1787 1914 1857 1963 ad
1921 1927 2068 1962 mare
2084 1950 2098 1975 ,
2147 1927 2242 1977 per
2298 1926 2490 1962 navem

1423 1987 1848 2050 transfretantes,
1908 1984 1965 2034 in
2009 1984 2239 2035 Tharsis
2292 1984 2496 2035 Ciliciae

1423 2058 1673 2109 abierunt
1702 2096 1717 2119 ,
1773 2067 1828 2108 et
1863 2056 1944 2107 sic
1975 2070 2082 2121 per
2126 2056 2295 2106 aliam
2344 2055 2490 2105 viam

1426 2130 1481 2181 in
1545 2130 1820 2195 regionem
1883 2142 2039 2178 suam
2093 2128 2302 2178 reversi
2357 2132 2518 2187 sunt,

1427 2200 1574 2268 quia,
1612 2200 1914 2250 secundum
1942 2197 2360 2263 Hieronymum,
2411 2196 2506 2247 in-

1426 2269 1672 2322 fidelitati
1709 2267 1971 2319 miscendi
2018 2282 2127 2317 non
2195 2276 2349 2317 erant
2398 2267 2500 2316 Ju-

1427 2342 1698 2393 daeorum..
1774 2339 2000 2404 Propter
2083 2337 2230 2403 quod
2298 2335 2497 2387 factum

1429 2413 1670 2467 Herodes
1698 2412 1894 2472 iratus,
1926 2419 2111 2477 postea
2136 2425 2296 2461 naves
2318 2410 2500 2460 Thar-

1428 2484 1688 2536 sensium
1713 2482 1978 2547 incendit,
2021 2482 2319 2532 secundum
2355 2497 2491 2547 pro-

1428 2555 1671 2624 phetiam
1696 2555 1867 2606 David
1894 2554 2123 2605 dicentis
2151 2570 2167 2604 ε
2199 2554 2265 2604 In
2307 2555 2504 2619 spiritu

1429 2627 1717 2679 vehementi
1757 2632 1996 2677 conteres
2030 2639 2192 2676 naves
2241 2625 2492 2675 Thur-sis,

1431 2701 1591 2755 Unde
1658 2700 2086 2766 Chry-sostomus
2132 2715 2152 2749 .-
2209 2716 2237 2745 α
2288 2699 2499 2748 Intuere

1431 2780 1613 2822 autem
1669 2771 1954 2835 Magorum
2003 2767 2167 2817 fidem
2198 2805 2212 2830 ,
2272 2766 2504 2833 qualiter

1432 2854 1543 2890 non
1605 2836 1943 2889 scandalizati
1997 2845 2129 2886 sunt
2194 2835 2250 2884 in
2304 2834 2501 2900 seipsis

1432 2911 1674 2963 dicentes
1700 2910 1801 2961 :Si
1833 2923 2064 2974 magnus
2090 2918 2171 2958 est
2215 2909 2358 2959 Puer
2385 2908 2496 2970 hic,

1433 2999 1556 3051 quae
1581 2983 1874 3034 necessitas
1916 2980 2059 3047 fugae
2084 2990 2139 3031 et
2162 2981 2384 3031 occultae
2427 2995 2504 3029 re-

1436 3052 1726 3105 cessionis?
1771 3052 1898 3102 Hoc
1944 3051 2092 3101 enim
2150 3060 2231 3101 est
2267 3066 2407 3101 verae
2449 3047 2507 3099 fi-
2565 3110 2568 3111 ⁷

1437 3125 1558 3188 dei,
1627 3139 1737 3176 non
1784 3137 2024 3189 quaerere
2073 3137 2257 3173 causas
2313 3135 2501 3171 eorum

1437 3211 1561 3262 quae
1595 3209 1725 3245 vere
1769 3192 2183 3259 praecipiuntur,
2230 3192 2326 3242 sed
2369 3204 2500 3240 sua-

1438 3265 1552 3316 deri
1589 3264 1782 3316 solmn
1815 3263 1884 3314 ab
1923 3263 2003 3314 eis
2037 3280 2053 3313 ε
2101 3281 2130 3310 n
2162 3262 2277 3312 haec
2333 3259 2507 3326 Chry-

1439 3347 1729 3393 sos-tomus.

1510 3411 1573 3463 18
1606 3412 1764 3463 Vri-,¹3
1805 3427 2074 3462 muranum
2103 3423 2373 3460 annom
2415 3422 2502 3456 m-

1438 3497 1628 3533 mmm:
1651 3498 1755 3535 Pan
1787 3499 1951 3533 Anum
1971 3496 2100 3532 vum
2134 3492 2501 3530 navam-auno,

1441 3553 1591 3603 -In
1637 3552 1744 3603 hoc
1796 3568 1923 3618 ergo
1972 3551 2148 3601 forma
2193 3550 2349 3599 datur
2386 3561 2507 3596 cre-

1441 3622 1729 3684 dentibus,
1768 3633 1830 3675 ut
1871 3621 2049 3674 devoti
2082 3621 2148 3671 ad
2189 3620 2363 3670 Deum
2410 3632 2507 3667 ve-

1443 3693 1615 3757 niant,
1645 3702 1698 3744 et
1725 3693 1784 3743 in
1813 3692 2073 3743 omnibus
2099 3690 2354 3756 operibus
2395 3686 2513 3737 suis

1446 3765 1581 3832 quid
1620 3766 1801 3830 jubeat
1844 3765 2152 3827 attendant,
2199 3760 2398 3812 scilicet
2447 3775 2514 3809 ne

1445 3839 1512 3891 ad
1532 3837 1811 3890 diabolum
1841 3838 2075 3896 redeant,
2105 3834 2199 3886 sed
2229 3847 2325 3899 per
2347 3831 2513 3884 Chri-

1445 3919 1624 3971 stum,
1651 3908 1747 3974 qui
1788 3917 1869 3962 est
1895 3907 2016 3970 via,
2044 3905 2246 3959 veritas
2287 3909 2338 3955 et
2378 3903 2526 3964 vita,
