2784 4452
388 278 455 331 50
1048 275 1288 325 PRIMAE
1321 274 1570 325 PARTIS
1602 274 1835 324 CAPUT
1867 274 1934 325 V.

381 396 568 461 Virg0‚
611 407 733 459 quae
770 392 912 442 ultra
959 405 1151 440 omnes
1198 388 1452 439 homines

381 467 575 521 mundi
609 482 702 533 per
750 465 1222 517 annuntiationem
1256 463 1451 529 Angeli

376 539 732 598 attollebatur,
763 547 944 587 tamen
977 535 1035 585 in
1065 549 1123 584 se
1151 532 1456 602 profundis-

376 613 516 662 sime
540 609 959 669 humiliabatur;
980 605 1101 657 ideo
1124 607 1240 671 ejus
1268 604 1453 654 humi-

374 685 497 735 litas
531 678 1002 746 incomparabilis,
1040 692 1148 743 prae
1191 677 1452 727 omnibus

371 755 495 807 aliis
516 752 808 805 virtutibus
848 749 1272 799 commendatur.
1309 749 1454 799 Inter

373 841 564 876 omnes
596 823 744 874 enim
769 821 995 872 virtutes
1015 830 1227 871 tanturn
1253 820 1452 885 placuit

374 896 656 948 humilitas
690 894 854 943 beatae
882 890 1126 956 Virginis
1158 891 1298 941 Filio
1326 891 1445 950 Dei,

294 1013 299 1017 .
373 968 522 1034 quod
546 963 761 1016 attraxit
784 962 1056 1028 ipsum.de
1093 963 1246 1021 coelo,
1282 971 1343 1011 ut
1382 977 1448 1012 ex

369 1037 595 1104 Virgine
619 1049 832 1085 carnem
857 1041 1170 1093 assumeret,
1192 1032 1446 1098 quemad-

372 1109 597 1160 modum
645 1105 846 1156 ferrum
906 1104 1138 1155 trahitur
1197 1104 1265 1153 ab
1311 1105 1444 1154 ada-

369 1189 568 1230 mante.
585 1177 740 1228 Unde
760 1174 1103 1242 Augustinus
1134 1191 1152 1225 .·
1184 1193 1212 1222 t<
1233 1175 1282 1226 O
1318 1189 1444 1225 vera

368 1249 652 1301 humilitas
702 1262 822 1313 quae
882 1247 1056 1296 Deum
1116 1245 1439 1295 hominibus

368 1319 605 1387 peperit,
645 1317 811 1368 vitam
855 1315 1178 1367 mortalibus
1236 1315 1438 1376 edidit,

367 1390 676 1455 paradisum
729 1387 968 1453 aperuit,
1032 1395 1084 1438 et
1146 1386 1438 1437 hominum

365 1463 574 1513 animas
606 1459 880 1511 liberavit!
929 1460 1088 1509 Facta
1135 1469 1216 1509 est
1256 1458 1440 1508 Mariae

365 1532 647 1585 humilitas
683 1531 822 1582 scala
857 1529 1104 1589 coelestiS‚
1144 1544 1239 1595 per
1270 1544 1435 1594 quam

362 1607 508 1656 Deus
532 1603 807 1655 descendit
835 1602 902 1651 ad
938 1611 1123 1651 terras.
1154 1620 1182 1648 >³
1207 1601 1437 1651 Decebat

363 1677 530 1737 enim,
560 1686 621 1726 ut
646 1675 780 1725 dicit
803 1673 973 1736 Beda,
1000 1672 1148 1738 quod
1175 1671 1314 1722 sicut
1344 1687 1438 1737 per

362 1749 672 1815 superbiam
716 1749 838 1798 Evae
875 1760 1024 1796 mors
1067 1745 1126 1796 in
1165 1745 1434 1795 mundum

361 1824 597 1884 intravit,
627 1822 701 1872 ita
725 1837 820 1887 per
844 1818 1208 1870 humilitatem
1233 1819 1434 1880 Mariae,

358 1896 483 1947 vitae
523 1888 780 1945 introitus
821 1892 1157 1959 panderetur.
1196 1892 1435 1941 Tantum

359 1975 541 2017 autem
568 1963 766 2031 placuit
795 1962 1014 2014 Christo
1038 1961 1143 2012 ista
1170 1977 1274 2012 vox
1302 1961 1434 2011 Vir-

359 2037 507 2103 ginis
539 2052 662 2086 cum
701 2034 833 2085 dicit
854 2051 870 2084 2
897 2033 1044 2085 Ecce
1072 2032 1276 2084 ancilla
1311 2033 1434 2085 Do-

358 2107 509 2169 mini,
537 2106 682 2173 quod
707 2121 772 2156 ex
793 2105 898 2155 hoc
922 2104 1097 2170 magis
1125 2104 1356 2170 appellat
1376 2120 1435 2154 se

357 2177 418 2229 in
464 2177 739 2243 Scriptura
777 2174 954 2226 filium
1001 2174 1225 2237 ancilloe,
1261 2190 1427 2242 quam

356 2252 618 2319 Virginis.
667 2251 746 2302 Ex
779 2266 888 2317 quo
931 2249 1166 2300 trahitur
1212 2249 1430 2299 evidens

354 2335 755 2391 argumentum,
780 2323 926 2390 quod
954 2324 1076 2389 plus
1101 2322 1299 2388 placuit
1317 2323 1430 2373 Deo

356 2397 538 2447 Mariae
574 2397 856 2446 humilitas
902 2411 1065 2462 quam
1125 2394 1430 2461 virginitaS.

419 2466 485 2517 23
508 2468 612 2517 Sex
628 2483 800 2516 vnum
817 2482 883 2515 AB
901 2481 1018 2516 11>sA
1036 2481 1297 2526 raom-rii,
1320 2482 1433 2515 mm

351 2552 618 2588 assensum
644 2551 882 2587 PRAEBET.
907 2563 968 2572 —
983 2537 1051 2585 Et
1073 2536 1196 2586 licet
1215 2536 1432 2601 singula

353 2608 514 2658 verba
571 2607 734 2672 hujus
772 2605 1049 2671 Evangelii
1097 2606 1208 2657 sint
1268 2608 1428 2672 plena

353 2677 628 2744 mysteriis
653 2717 667 2738 ,
718 2678 820 2727 ista
871 2686 1053 2727 tamen
1092 2676 1257 2727 verba
1306 2692 1429 2742 quae

352 2749 413 2799 in
460 2748 545 2799 sui
583 2763 878 2798 consensus
926 2746 1272 2812 expressione
1312 2747 1429 2797 Vir-

351 2836 420 2885 go
447 2819 600 2885 ponit
637 2819 901 2885 praecipue
935 2819 1178 2869 redolent
1199 2818 1426 2870 virtutes

351 2890 818 2956 incomparabiles.
890 2890 1062 2964 Ponit*
1109 2890 1257 2941 enim
1333 2906 1427 2941 sex

349 2963 542 3023 verba,
606 2978 726 3029 quae
780 2964 1021 3014 redolent
1061 2978 1155 3014 sex
1198 2963 1424 3015 virtutes

350 3034 577 3084 eximias
605 3034 662 3083 in
693 3049 771 3084 ea.
791 3034 934 3084 Dicit
954 3048 1191 3100 namque
1217 3050 1231 3082 z
1252 3033 1422 3096 Ecce,

256 3154 277 3164 ,
349 3105 412 3157 in
425 3121 535 3172 quo
559 3105 864 3156 obedientia
888 3115 1166 3172 prompta3
1195 3106 1419 3171 ancilla,

347 3177 409 3227 in
431 3191 540 3243 quo
573 3176 855 3227 humilitas
889 3174 1144 3242 perfecta;
1179 3177 1420 3239 Domini,

346 3250 408 3302 in
435 3266 544 3317 quo
580 3250 862 3316 virginitas
896 3249 1236 3300 immaculata
1247 3264 1264 3313 3
1285 3250 1418 3317 fiat,

347 3321 407 3371 in
463 3337 573 3387 quo
615 3321 844 3372 charitas
890 3320 1240 3381 inflammata,
1283 3330 1416 3384 etc.;

343 3394 493 3457 mihi,
526 3394 584 3444 in
605 3410 714 3461 quo
737 3409 860 3460 spes
883 3408 1094 3456 secura3
1127 3393 1417 3443 secundum

260 3521 265 3527 ,
344 3466 562 3516 verbum
592 3471 754 3527 tuum,
792 3464 850 3515 in
880 3480 989 3530 quo
1032 3462 1165 3513 fides
1206 3463 1413 3513 devota.

347 3537 414 3588 Et
436 3553 558 3588 vere
586 3536 718 3587 fides
748 3537 938 3587 devota
959 3545 1069 3586 erat
1090 3534 1148 3584 in
1167 3534 1414 3600 Virgine,

345 3608 474 3673 quia
501 3608 634 3659 illud
658 3606 883 3658 credidit
911 3607 969 3657 in
1000 3621 1057 3656 se
1079 3606 1271 3656 debere
1298 3605 1414 3657 fieri

344 3678 411 3727 ad
441 3680 666 3729 verbum
698 3678 908 3743 Angeli,
947 3678 1091 3744 quod
1133 3693 1413 3744 nunquam

346 3764 378 3800 a
413 3751 605 3801 seculis
641 3751 811 3801 fuerat
843 3750 1106 3811 auditum,
1128 3766 1410 3817 nunquam

347 3831 637 3887 repertum,
669 3836 948 3888 nunquam
989 3822 1188 3884 visum,
1222 3832 1314 3873 aut
1345 3823 1414 3873 ab

343 3895 526 3961 aliquo
562 3896 870 3962 cogitatum.
901 3896 980 3948 De
1002 3895 1101 3950 hac
1135 3896 1240 3949 fide
1277 3896 1416 3950 dicit

1561 389 1882 439 Bernardus
1920 407 1938 440 .-
1976 407 2004 436 «
2028 390 2157 440 Tria
2197 390 2466 442 mirabilia
2501 393 2638 446 fecit

1560 459 1829 510 Dominus
1849 460 1906 510 in
1926 461 2322 524 Incarnatione;
2345 464 2635 528 conjuncta

1560 531 1781 597 quidem
1832 542 1962 583 sunt
2003 534 2069 583 ad
2112 533 2339 585 invicem
2391 537 2536 588 Deus
2577 549 2637 590 et

1562 602 1746 662 hom0,
1777 607 1948 653 ma'ter
1980 614 2034 653 et
2066 603 2237 669 virgo,
2278 604 2411 656 fides
2450 617 2503 657 et
2535 623 2636 659 cor

1560 672 1882 723 humanum.
1920 674 1988 724 Et
2025 675 2246 739 quidem
2279 676 2432 726 tertia
2470 694 2636 730 com-

1559 743 1752 793 mixtio
1775 754 1857 795 est
1882 744 2104 796 inferior
2126 746 2247 796 aliis
2277 748 2508 811 duabuS,
2531 752 2635 801 sed

1559 830 1672 863 non
1698 815 1884 865 minus
1915 815 2088 866 fortis,
2123 817 2324 867 Mirum
2359 819 2509 869 enim
2546 831 2637 872 est

1558 886 1832 951 quomodo
1862 901 1953 936 cor
1977 887 2280 938 humanum
2301 889 2390 939 his
2410 891 2640 943 duobus

1555 958 1717 1008 fidem
1732 959 2169 1020 accommodavit,
2185 963 2460 1027 quomodo
2479 965 2634 1015 credi

1556 1030 1733 1096 potuit
1755 1031 1899 1097 quod
1925 1032 2071 1081 Deus
2095 1032 2261 1082 homo
2284 1045 2439 1095 esset,
2470 1037 2632 1102 quod

1554 1101 1720 1167 Virgo
1757 1101 1929 1152 fuerat
1985 1117 2105 1168 quae
2146 1105 2465 1170 peperisset;
2511 1106 2638 1158 haec

1553 1171 1701 1221 enim
1744 1182 2021 1238 nequeunt
2056 1175 2412 1236 commisceri,
2439 1176 2634 1229 sinon

1552 1245 1772 1296 misceat
1799 1246 2073 1312 glutinum
2096 1248 2331 1313 Spiritus
2356 1251 2563 1303 Sancti.
2600 1271 2631 1300 »

1615 1332 1685 1382 24
1703 1316 1844 1366 Fan
1862 1317 1962 1367 Dm
1979 1334 2068 1368 Frr
2090 1319 2426 1371 lucinum-10.
2441 1350 2504 1359 —
2523 1323 2633 1389 lgi-

1549 1397 1639 1437 tur
1667 1388 1755 1438 his
1776 1388 1953 1439 verbis
1986 1390 2143 1441 dictis
2182 1407 2214 1441 a
2237 1393 2479 1458 Virgine,
2509 1404 2634 1446 sta-

1549 1459 1649 1509 tim
1678 1460 1738 1510 in
1768 1460 1859 1511 illa
1882 1461 2016 1511 hora
2052 1464 2408 1528 sanctissima,
2443 1466 2633 1531 Spiri-

1549 1543 1636 1583 tus
1672 1535 1899 1585 Sanctus
1942 1534 1999 1585 in
2042 1551 2161 1586 eam
2202 1539 2529 1603 supervenit,
2566 1555 2634 1591 ac

1546 1603 1644 1654 Dei
1668 1605 1871 1655 Filium
1893 1605 2061 1672 Virgo
2087 1607 2320 1672 gloriosa
2357 1610 2627 1675 concepit.

1547 1674 1704 1724 Unde
1741 1675 1923 1725 statim
1962 1676 2020 1725 in
2057 1676 2146 1727 his
2193 1678 2369 1729 verbis
2417 1680 2633 1743 Mariae,

1544 1744 1717 1795 Filius
1742 1745 1839 1795 Dei
1882 1755 2027 1797 totus
2051 1747 2268 1798 intravit
2310 1747 2367 1797 in
2403 1759 2631 1802 uterum

1544 1815 1678 1879 ejuS,
1715 1824 1767 1865 et
1796 1831 1861 1865 ex
1894 1832 1955 1867 ea
1982 1833 2195 1867 carnem
2232 1819 2547 1884 assumpsit,
2574 1831 2635 1874 et

1544 1897 1690 1938 totus
1747 1887 1963 1943 insinu
2015 1889 2185 1940 Patris
2230 1891 2506 1942 remansit.
2563 1894 2632 1944 In

1545 1959 1766 2010 instanti
1823 1960 1969 2011 enim
2024 1961 2128 2013 fuit
2188 1972 2366 2026 totum,
2426 1979 2636 2031 corpus

1544 2032 1746 2083 Christi
1774 2033 2085 2095 formatum,
2107 2045 2159 2085 et
2173 2035 2353 2086 anima
2373 2037 2628 2089 rationa—

1541 2101 1610 2152 lis
1635 2113 1832 2168 creata3
1879 2104 2043 2155 simul
2080 2116 2371 2173 utrumque
2408 2107 2632 2159 divini-

1542 2173 1636 2223 tati
1669 2175 1726 2224 in
1752 2189 1978 2241 persona
2002 2175 2128 2225 Filii
2168 2178 2534 2244 conjunctum,
2564 2191 2634 2233 ut

1542 2245 1686 2296 idem
1733 2259 1874 2298 esset
1924 2249 2068 2300 Deus
2112 2259 2165 2299 et
2210 2250 2376 2300 homo
2402 2289 2416 2311 ,
2474 2254 2638 2306 salva.

1540 2318 1825 2385 utriusque
1862 2331 2066 2371 naturae
2105 2323 2444 2387 proprietate.
2489 2324 2629 2377 Fuit

1540 2398 1719 2439 autem
1765 2406 1957 2457 corpus
1997 2392 2198 2443 Christi
2237 2393 2528 2444 formatum
2558 2411 2632 2447 ex

1540 2460 1802 2526 sanguine
1830 2463 1892 2513 Β.
1916 2462 2175 2528 Virginis,
2202 2480 2313 2514 non
2351 2480 2415 2515 ex
2436 2480 2627 2527 carne,

1540 2541 1593 2581 et
1619 2531 1724 2582 fuit
1752 2532 1807 2581 in
1832 2532 2052 2584 instanti
2087 2534 2369 2600 sanguinis
2393 2549 2625 2601 separa-

1538 2603 1634 2666 tio,
1673 2606 2044 2666 consolidatiO,
2083 2606 2350 2673 figuratiO,
2397 2609 2628 2662 anima-

1537 2673 1634 2736 tio,
1660 2675 1943 2727 deificati0.
1969 2678 2035 2727 Et
2057 2677 2112 2727 in
2140 2678 2329 2728 eodem
2364 2678 2625 2743 instanti,

1537 2746 1641 2796 fuit
1677 2747 1871 2811 plenus
1916 2756 1968 2797 et
2015 2748 2278 2813 perfectus
2333 2749 2500 2799 homo
2556 2750 2629 2802 in

1536 2818 1718 2869 anima
1765 2829 1818 2869 et
1870 2834 2044 2880 carne,
2081 2821 2377 2871 secundum
2422 2823 2654 2875 omnia·

1535 2891 1774 2957 corporis
1821 2892 2163 2953 lineamenta,
2211 2894 2304 2943 sed
2356 2896 2628 2959 parvulus

1532 2963 1703 3023 valde,
1738 2963 1814 3013 ita
1839 2975 1901 3014 ut
1932 2965 2302 3015 membrorum
2333 2964 2626 3021 distinctio

1531 3034 1623 3086 vix
1671 3045 1853 3103 posset
1906 3037 2135 3088 discerni
2178 3038 2298 3088 visu
2351 3038 2625 3093 humane.

1532 3107 1724 3158 Postea
1749 3123 1876 3158 vero
1903 3108 2208 3159 naturaliter
2237 3109 2292 3158 in
2314 3117 2467 3158 utero
2491 3125 2626 3162 cre-

1529 3177 1606 3229 vit
1632 3188 1695 3229 ut
1719 3178 1827 3242 alii,
1857 3178 1984 3229 licet
2012 3180 2377 3230 membrorum
2415 3179 2624 3232 distin-

1530 3250 1653 3312 ctio,
1691 3260 1744 3301 et
1795 3252 1991 3302 animae
2029 3251 2232 3303 infusio
2288 3252 2450 3302 dilata
2493 3269 2620 3307 non

1528 3322 1706 3386 fuerit,
1722 3332 1783 3372 ut
1796 3322 1852 3373 in
1870 3324 2011 3375 aliis.
2024 3325 2151 3375 Fuit
2164 3325 2327 3375 etiam
2342 3325 2632 3390 perfectus

1527 3394 1672 3445 Deus
1709 3393 1848 3445 sicut
1891 3405 1943 3447 et
1980 3396 2241 3462 perfectus
2277 3396 2441 3447 homo
2470 3413 2483 3447 z
2513 3413 2620 3450 se-

1525 3467 1765 3517 cundum
1795 3467 2090 3518 humanam
2112 3478 2376 3528 naturam,
2400 3483 2464 3518 ex
2486 3470 2614 3521 ani-

1527 3553 1614 3587 ma
1638 3537 1886 3589 rationali
1914 3548 1967 3588 et
2000 3539 2238 3589 humana
2270 3554 2426 3589 carne
2465 3540 2618 3591 sub-

1524 3607 1763 3672 sistens;
1837 3609 2132 3659 secundum
2201 3608 2460 3669 divinam,
2533 3626 2612 3663 ex

1522 3681 1733 3745 Verbo;
1787 3682 2072 3749 utriusque
2117 3681 2176 3732 in
2218 3682 2423 3732 unitate
2467 3698 2609 3748 per-

1522 3767 1665 3802 sonae
1724 3752 2047 3817 conjunctio.
2114 3753 2265 3803 Sicut
2323 3753 2471 3804 enim
2531 3753 2604 3807 in

1521 3822 1715 3873 deitate
1739 3832 1819 3873 est
1856 3839 1964 3874 una
1985 3824 2217 3875 essentia
2247 3835 2299 3875 et
2329 3834 2436 3875 tres
2462 3840 2604 3891 per-

1522 3911 1685 3962 sonae,
1713 3896 1787 3952 ita
1812 3896 1868 3950 in
1908 3897 2127 3952 Christo
2161 3914 2191 3951 e
2218 3914 2485 3951 converso
2519 3910 2618 3955 est
