2784 4452
775 234 869 284 DE
896 234 1161 286 REDITU
1193 235 1450 286 DOMINI
1484 236 1576 286 Ex
1607 237 1939 289 AEGYPTO.

233 362 346 414 quo
399 347 577 414 major
632 348 770 399 inter
819 356 977 401 natos
1022 350 1305 401 mulierum

232 434 347 470 non
371 418 477 469 fuit
504 435 519 468 z
548 438 576 467 n
609 419 725 474 haec
755 420 1201 488 Chrysostomus.

294 490 324 541 5
362 486 614 542 Μωυσέα
651 508 828 541 nom-:u
893 508 1036 542 unns
1082 509 1183 553 srr,
1237 509 1306 543 m-

229 576 422 619 Qunms
460 578 586 611 vxrn
618 578 740 612 asse
778 578 998 614 usnam.
1038 592 1099 602 -
1133 563 1309 614 Infeli-

226 647 316 683 ces
356 648 484 699 ergo
532 634 784 684 monachi
824 645 971 695 sunt,
1001 635 1096 701 qui
1141 636 1307 685 Joan-

230 718 359 753 nem
383 703 690 770 principem
731 720 893 755 suum
929 721 1037 755 non
1071 721 1307 771 sequen-

229 782 332 833 tes,
375 775 724 826 solitudinem
757 791 910 827 suam
948 777 1222 838 deserunt,
1254 786 1308 827 et

229 844 289 895 in
311 846 543 896 urbibus
574 862 697 915 cum
727 846 1047 898 hominibus
1075 863 1306 898 conver-

228 927 444 982 santur;
478 918 679 984 quibus
721 919 957 970 solitudo
996 935 1171 970 carcer
1205 930 1303 980 est,

230 1000 284 1041 et
339 991 604 1057 oppidum
685 991 983 1057 paradisus,
1043 992 1166 1042 Non
1228 993 1307 1043 sic

229 1061 609 1129 Hieronymus
659 1062 950 1128 sentiebat,
1003 1064 1097 1129 qui
1154 1063 1307 1114 dice·

232 1133 321 1183 bat
350 1148 365 1182 ι
395 1152 424 1179 α
452 1133 700 1185 Viderint
725 1135 816 1185 alii
869 1135 1000 1201 quid
1043 1135 1304 1197 sentiant,

230 1203 614 1269 unusquisque
682 1219 847 1255 sensu
916 1221 1019 1256 suo
1069 1205 1268 1256 dicitur
1290 1245 1304 1267 ,

229 1273 373 1323 mihi
399 1273 661 1340 oppidum
697 1289 872 1325 carcer
897 1285 995 1335 est,
1025 1284 1078 1326 et
1109 1276 1306 1327 solitu-

229 1343 301 1393 do
337 1345 619 1410 paradisus
650 1362 663 1395 ι
694 1365 722 1393 »
753 1345 867 1396 haec
907 1347 1304 1415 Hieronymus·

228 1416 499 1481 Agnoscat
550 1432 677 1483 ergo
746 1420 1048 1469 monachus
1105 1435 1306 1470 nomen

228 1501 425 1538 suum:
451 1485 616 1560 μόνος
644 1488 790 1539 enim
819 1489 1021 1550 Graece,
1050 1504 1185 1540 unus
1214 1491 1308 1540 La-

231 1566 363 1626 tine,
394 1576 448 1617 et
489 1564 628 1639 ἅχος
666 1569 874 1633 Graece,
907 1569 1082 1620 tristis
1120 1570 1307 1621 Latine

230 1637 430 1688 dicitur
473 1655 488 1689 z
539 1649 591 1689 et
620 1640 739 1690 ideo
777 1640 1096 1704 monachus,
1152 1642 1305 1707 quasi

229 1723 378 1760 unus
406 1719 459 1759 et
485 1710 655 1760 tristis
695 1711 1091 1777 interpretatur.
1121 1713 1310 1763 Sedeat

231 1781 384 1831 solus
410 1791 463 1831 et
484 1781 676 1841 tristis,
716 1792 768 1832 et
796 1781 975 1832 officio
1013 1798 1113 1833 suo
1139 1794 1306 1848 vacet,

229 1851 583 1918 alienumque
616 1853 856 1904 officium
896 1869 1007 1904 non
1064 1865 1306 1921 usurpet.

228 1924 340 1984 Qui
386 1934 563 1976 tamen
605 1926 651 1976 si
695 1927 884 1977 docere
936 1928 1085 1993 vult,
1124 1928 1307 1979 audiat

231 1995 521 2046 consilium
585 1998 877 2063 HugoniS,
944 1998 1040 2065 qui
1117 1999 1248 2050 dicit
1290 2018 1305 2050 :

229 2083 264 2113 α
290 2066 485 2117 Vilitas
512 2067 731 2119 habitus
760 2068 873 2134 tui,
901 2079 954 2120 et
983 2070 1306 2136 simplicitas

229 2138 450 2199 vultus,
495 2148 547 2188 et
594 2139 846 2191 sanctitas
882 2140 1307 2192 conversationis

228 2217 343 2260 tuae
366 2209 556 2261 docere
585 2212 780 2263 debent
809 2211 1080 2264 homines.
1112 2213 1305 2264 Melius

228 2281 496 2348 fugiendo
553 2285 815 2335 mundum
882 2286 1041 2336 doces
1063 2324 1077 2346 ,
1141 2301 1304 2351 quam

235 2355 532 2420 sequendo,
567 2375 595 2402 x>
628 2352 734 2416 Q'ui
785 2356 967 2420 etiam,
1011 2361 1305 2407 secundum

232 2426 525 2476 consilium
591 2428 892 2496 Gregorii,
955 2430 1304 2480 reverentiam

228 2499 321 2549 sui
353 2500 590 2565 habituS,
622 2502 680 2552 in
720 2502 1057 2568 cogitatione,
1085 2504 1139 2553 in
1164 2504 1308 2555 locu·

231 2571 404 2634 tione,
431 2589 646 2641 semper
673 2575 1093 2640 circumspiciat3
1122 2585 1185 2626 ut
1226 2593 1305 2641 ea,

231 2661 359 2712 quae
387 2647 580 2697 mundi
610 2658 757 2708 sunt,
801 2649 1027 2716 perfecte
1073 2650 1303 2713 deserat3

228 2727 289 2768 et
344 2719 490 2783 quod
551 2720 785 2770 ostendit
836 2720 1090 2772 humanis
1136 2720 1308 2772 oculis

231 2788 444 2851 habitu,
477 2789 580 2839 hoc
617 2800 742 2840 ante
777 2790 875 2841 Dei
921 2791 1105 2842 oculos
1146 2790 1306 2841 mori-

234 2859 340 2910 bus
368 2860 679 2926 praetendat.
714 2861 835 2910 Non
883 2877 1010 2927 ergo
1041 2861 1304 2927 glorieris,

230 2931 383 2997 quod
412 2930 471 2980 in
495 2931 784 2981 solitudine
816 2932 899 2982 vel
925 2932 1182 2998 religione
1210 2933 1305 2994 siS,

233 3015 327 3055 aut
372 3005 537 3070 longo
573 3015 817 3072 tempore
856 3005 1040 3065 fueris,
1091 3006 1196 3056 nisi
1247 3006 1305 3056 in

234 3090 297 3125 ea
346 3074 487 3124 bene
540 3075 776 3135 vixeris,
818 3075 973 3142 'quia
1018 3075 1158 3125 nihil
1205 3076 1306 3127 tibi

232 3144 479 3212 proderit
520 3162 534 3196 ε
568 3145 680 3197 imo
728 3162 917 3213 magna
950 3147 1149 3197 damna
1208 3163 1306 3212 pa—

228 3216 387 3267 tieris
405 3254 419 3277 ,
447 3216 492 3266 si
525 3218 747 3268 eremita
771 3219 855 3269 vel
882 3218 1169 3285 religiosus
1206 3236 1308 3271 vo-

234 3300 406 3350 catus,
431 3300 484 3340 et
517 3290 683 3342 vitam
722 3307 829 3342 non
866 3292 983 3358 agis
1013 3308 1026 3341 :
1058 3302 1118 3343 ut
1159 3292 1307 3343 enim

237 3361 314 3411 ait
343 3350 753 3429 Hierony-ritu&
799 3378 910 3412 non
957 3362 1308 3428 Jerosolymis

235 3429 425 3493 fuisse,
457 3432 550 3481 sed
590 3432 938 3499 Jerosolymis
969 3432 1106 3483 bene
1136 3433 1310 3484 vixis·-

230 3516 314 3562 se,
345 3503 678 3554 laudandum
707 3513 806 3555 est.
837 3504 991 3555 Unde
1032 3507 1310 3572 Augusti-

236 3586 341 3622 nus
381 3573 446 3622 ad
509 3571 701 3624 fratres
768 3574 1017 3626 eremitas
1053 3591 1068 3626 ε
1112 3593 1140 3622 α
1187 3576 1308 3626 Νοιι

235 3643 384 3693 enim
413 3643 543 3694 satis
588 3645 835 3710 prodest,
866 3647 1014 3711 quod
1045 3646 1208 3697 istum
1238 3647 1313 3697 lo·

237 3730 365 3767 cum
416 3717 791 3784 expetivimuS,
833 3717 881 3769 si
931 3719 1063 3769 tales
1104 3719 1309 3783 simus,

238 3790 427 3854 quales
467 3790 522 3840 in
577 3791 757 3842 seculo
808 3806 926 3842 esse
980 3801 1308 3857 poteramus.

238 3861 521 3929 Numquid
546 3863 705 3914 nobis
732 3863 992 3915 habitatio
1021 3862 1186 3928 hujus
1219 3879 1306 3915 se-

363 3980 502 4032 VrrA
529 3980 655 4032 Jssu
687 3982 923 4044 Cumsrt,
949 3996 1123 4033 ‘tonus
1152 3980 1191 4032 1.

2382 241 2478 308 145

1414 350 1545 401 creti
1587 352 1792 418 aliquid
1832 353 2075 418 prodest,
2127 356 2342 421 quando
2389 368 2482 424 ty-

1413 424 1635 476 rannico
1663 426 1944 477 dominatu
1973 428 2177 478 malitia
2223 430 2278 479 in
2320 432 2482 483 nobis

1411 508 1626 564 regnat,
1670 500 1884 564 quando
1932 499 2010 550 ira
2079 504 2480 569 superequitat,

1413 569 1631 634 quando
1688 570 1945 635 majorem
1994 571 2152 622 nobis
2197 573 2481 626 victoriam

1414 639 1685 690 humanus
1715 642 1907 691 oculus
1953 656 2117 706 quam
2146 643 2359 695 divinus
2388 645 2482 695 in-

1412 709 1597 770 ducit,
1653 711 1872 776 quando
1903 712 2196 763 laudabiles
2246 716 2482 768 eremitae

1411 791 1559 832 extra
1583 783 1847 833 mundum
1879 799 1977 833 nos
2012 798 2129 834 esse
2166 786 2442 838 credimus
2463 827 2479 853 ,

1412 865 1465 905 et
1494 871 1589 921 per
1615 856 1950 908 diversarum
1977 859 2294 924 passionum
2318 861 2478 923 vitia,

1412 928 1679 977 mundum
1739 927 1879 978 intra
1931 944 2030 979 nos
2075 929 2351 981 inclusum
2394 941 2479 983 te-

1412 1015 1636 1060 nemus,
1679 1001 1751 1052 ita
1786 1012 1847 1052 ut
1891 1002 1986 1068 qui
2025 1003 2345 1068 putabamus
2383 1021 2484 1057 nos

1412 1073 1662 1139 precibus
1718 1074 1918 1125 nostris
1968 1076 2149 1125 seculo
2213 1076 2315 1141 ipsi
2368 1094 2485 1130 suc·

1410 1161 1644 1210 currere,
1677 1162 1812 1212 pene
1839 1163 2052 1197 necesse
2088 1148 2160 1198 sit
2202 1159 2262 1199 ut
2293 1150 2481 1202 videa-

1411 1233 1538 1267 mur
1586 1219 1759 1284 magis
1819 1219 1984 1270 seculi
2042 1219 2484 1274 intercessoribus

1412 1288 1681 1354 indigere?
1715 1289 1953 1340 Dubium
1988 1289 2190 1358 quippe
2221 1308 2328 1343 non
2368 1304 2480 1353 est,

1412 1364 1559 1427 quod
1594 1361 1684 1412 illu
1736 1362 1912 1414 anima
1953 1379 2076 1430 quae
2115 1366 2483 1433 concupiscen-

1410 1434 1487 1485 tia
1543 1435 1880 1501 voluptatum
1934 1452 2204 1502 possessa,
2254 1439 2484 1492 efficitur

1411 1508 1698 1559 mundanae
1721 1508 2139 1560 conversationis
2156 1548 2169 1573 ,
2215 1527 2324 1561 non
2350 1527 2484 1577 pos-

1412 1576 1483 1627 sit
1511 1577 1648 1629 effici
1679 1595 1904 1646 regnum
1953 1579 2264 1632 divinitatis·
2323 1583 2481 1635 Ideo-

1412 1667 1537 1717 que,
1567 1650 1754 1703 fratres
1771 1692 1784 1712 ,
1816 1653 1988 1705 videte
2025 1654 2352 1705 vocationem
2389 1671 2482 1707 ve-

1413 1728 1604 1774 stram.
1641 1724 1840 1775 Venire
1858 1724 2080 1790 quidem
2120 1726 2185 1775 ad
2215 1741 2477 1787 eremum,

1411 1809 1628 1845 summa
1659 1795 1914 1860 perfectio
1943 1804 2052 1859 est;
2091 1797 2184 1847 sed
2216 1813 2326 1847 non
2356 1814 2480 1864 per-

1412 1862 1544 1915 fecte
1602 1865 1659 1916 in
1732 1881 1911 1916 eremo
1974 1866 2184 1926 vivere,
2267 1884 2480 1920 summa

1412 1937 1687 1987 damnatio
1733 1947 1830 1987 est.
1877 1935 2020 1997 Quid
2064 1936 2212 1987 enim
2242 1939 2478 2004 prodest,

1412 2006 1457 2057 si
1488 2009 1639 2059 locus
1673 2007 2017 2075 corporaliter
2049 2008 2265 2074 quietus
2294 2021 2480 2062 tenea-

1411 2086 1516 2141 tur,
1550 2089 1601 2129 et
1649 2078 1967 2146 inquietudo
2015 2077 2071 2127 in
2106 2080 2263 2130 corde
2299 2097 2481 2132 verse-

1411 2147 1529 2198 tur?
1558 2148 1701 2209 Quid
1721 2186 1734 2212 ‚
1777 2147 2001 2214 inquam
2020 2186 2035 2212 ‚
2070 2149 2316 2213 prodest,
2346 2151 2392 2200 si
2424 2151 2479 2201 in

1413 2217 1741 2269 habitatione
1768 2217 2050 2268 silentium
2069 2257 2082 2278 ,
2128 2216 2182 2267 in
2209 2217 2481 2271 habitato-

1411 2288 1564 2338 ribus
1599 2288 1670 2338 sit
1698 2287 1958 2338 vitiorum
1985 2288 2271 2349 tumultuS,
2296 2299 2345 2339 et
2379 2291 2484 2340 col·

1411 2358 1630 2408 luctatio
1662 2357 1994 2424 passionum,
2019 2358 2065 2408 si
2091 2359 2353 2409 exteriora
2377 2377 2481 2410 no·-

1410 2439 1518 2480 stra
1562 2428 1821 2480 serenitas
1874 2438 2080 2490 teneat,
2128 2439 2181 2480 et
2232 2429 2485 2482 interiora

1411 2503 1733 2569 tempestas?
1779 2503 1900 2554 Non
1954 2502 2103 2553 enim
2144 2502 2267 2553 ideo
2305 2504 2371 2554 ad
2409 2504 2483 2554 lo·

1411 2591 1538 2625 cum
1568 2574 1733 2625 istum
1759 2573 2029 2638 venimuS,
2054 2584 2115 2625 ut
2144 2574 2303 2624 nobis
2327 2590 2483 2625 mun·

1412 2647 1514 2696 dus
1565 2644 1882 2705 famuletur,
1926 2653 1987 2694 ut
2036 2644 2198 2694 rebus
2228 2644 2482 2696 omnibus

1411 2719 1773 2779 abundanteS,
1812 2717 1964 2767 omni
2009 2717 2189 2783 quiete
2218 2715 2480 2781 fruamur,

1413 2805 1522 2840 non
1553 2789 1742 2855 utique
1773 2789 1836 2838 ad
1864 2787 2135 2852 requiem,
2169 2802 2264 2836 nec
2291 2787 2355 2837 ad
2388 2802 2481 2837 se-

1412 2860 1717 2922 curitatem;
1748 2858 1840 2909 sed
1873 2857 1938 2907 ad
1969 2873 2203 2923 pugnam
2244 2857 2351 2907 huc
2386 2873 2481 2908 ve-

1412 2930 1615 2993 nimus,
1643 2930 1707 2979 ad
1736 2943 1963 2994 agonem
1994 2927 2379 2994 processimus,
2413 2929 2479 2978 ad

1412 3002 1703 3053 exercenda
1750 3016 1876 3051 cum
1923 3000 2069 3051 vitiis
2111 3001 2251 3051 bella
2280 3016 2481 3066 prope-

1409 3089 1612 3132 ramus,
1650 3082 1711 3123 ut
1760 3071 1961 3137 linguae
2003 3071 2181 3138 gladio
2236 3072 2483 3122 retunda-

1410 3163 1552 3208 mur,
1582 3156 1644 3198 ut
1679 3163 1789 3197 non
1833 3147 2010 3198 solum
2037 3163 2146 3197 non
2188 3145 2482 3196 inferamus

1412 3219 1665 3284 injurias,
1695 3220 1787 3270 sed
1825 3235 1922 3270 nec
1961 3220 2139 3270 statim
2186 3218 2482 3269 sentiamus

1412 3291 1586 3341 illatas
1633 3307 1648 3341 ε
1697 3310 1721 3336 ι
1771 3290 1886 3341 haec
1944 3290 2305 3356 Augustinus·
2374 3289 2481 3339 Sed

1411 3362 1521 3413 heu
1544 3360 1557 3412 Ξ
1586 3359 1739 3428 pauci
1764 3361 1928 3412 hodie
1948 3359 2186 3427 religiosi
2215 3358 2484 3425 reperiun-

1412 3444 1518 3496 tur,
1557 3434 1652 3501 qui
1694 3435 1760 3484 de
1790 3434 1931 3484 bono
1972 3434 2029 3484 in
2066 3432 2264 3483 melius
2310 3430 2481 3496 profi-

1414 3505 1592 3566 ciunt,
1618 3513 1670 3555 et
1691 3505 1757 3555 de
1780 3505 1978 3555 virtute
2004 3504 2060 3554 in
2103 3503 2357 3552 virtutem
2390 3516 2481 3550 as-

1414 3576 1668 3627 cendunt.
1697 3575 1854 3626 Unde
1871 3573 2189 3625 Bet-nardus
2213 3588 2231 3622 t
2258 3590 2286 3618 α
2310 3569 2482 3620 Multo

1413 3647 1624 3699 facilius
1664 3647 1897 3713 reperies
1957 3646 2159 3695 multos
2216 3643 2482 3694 seculares

1415 3717 1650 3770 converti
1691 3716 1757 3767 ad
1805 3717 2043 3778 bonum,
2094 3729 2259 3779 quam
2310 3727 2483 3763 unum

1416 3792 1481 3841 de
1537 3787 1802 3855 religiosis
1864 3786 2091 3837 transire
2144 3786 2209 3835 ad
2266 3783 2480 3835 melius.

1416 3860 1713 3913 Rarissima
1752 3857 1865 3910 avis
1910 3855 1967 3907 in
2009 3855 2165 3907 terris
2220 3865 2302 3907 est
2323 3894 2337 3917 ,
2386 3854 2481 3921 qui

2233 3986 2295 4022 10
