2784 4452
632 240 987 293 SERMONIS
1015 238 1087 291 IN
1131 238 1389 290 MONTE
1422 237 1840 290 CONCLUSIO.

115 357 471 411 nentissimas
521 355 749 407 virtutes
825 354 1082 418 docebat,
1136 361 1187 403 et

114 426 586 494 imperfectionem
616 425 777 492 Legis
804 424 1104 491 supplebat,
1136 431 1188 473 et

114 517 232 553 non
271 500 451 550 solum
480 508 694 549 terrena
736 498 898 559 bona,
951 495 1044 547 sed
1073 510 1187 546 coe-

113 570 276 622 lestia
315 570 456 619 bona
495 567 857 635 promittebat,
890 582 949 617 ac
986 565 1188 616 doctri-

113 656 244 691 nam
280 654 435 690 suam
470 637 790 688 mirabiliter
817 636 1187 688 confirmabat.

114 711 276 765 Unde
328 726 544 762 causam
575 709 949 761 admirationis
978 708 1189 769 subdit,

114 784 306 835 dicens
332 798 347 831 z
377 782 523 833 Erat
537 781 673 832 enim
694 781 886 832 docens
905 794 1021 842 eoS,
1054 779 1191 830 sicut

107 859 436 922 potestatem
511 853 712 904 habens
732 891 750 918 ,
823 852 1025 903 scilicet
1098 866 1192 918 per

117 927 368 991 seipsum
416 924 470 974 in
522 938 803 984 sermone,
864 922 1191 989 praeferendo

118 995 354 1048 consilia
398 994 709 1061 praeceptis,
760 1003 813 1045 et
856 1009 979 1060 quae
1007 992 1191 1043 minus

116 1068 442 1120 videbantur
466 1066 523 1117 in
553 1066 691 1132 Lege
717 1066 979 1129 addendo,
1009 1066 1194 1116 obscu-

116 1141 308 1192 ritates
346 1139 502 1207 Legis
548 1138 881 1205 explanando
903 1177 918 1200 ,
970 1138 1028 1188 in
1077 1139 1193 1203 jure

118 1213 424 1274 condend0,
455 1222 509 1262 et
531 1213 594 1263 ad
624 1210 844 1262 libitum
872 1228 1033 1263 suum
1055 1211 1195 1261 sicut

118 1294 310 1335 auctor
322 1293 375 1333 et
394 1282 641 1347 conditor
653 1282 788 1348 juris
808 1283 892 1333 sui
914 1284 1190 1347 mutand0,

120 1355 207 1405 vel
234 1353 369 1403 illud
394 1354 535 1404 sicut
551 1352 757 1403 nemini
779 1353 1047 1419 subjectus
1065 1369 1191 1405 cum

121 1427 288 1477 vellet
311 1426 644 1490 revocando;
674 1426 759 1476 vel
789 1426 927 1477 sicut
944 1432 1193 1492 potesta-

123 1506 229 1553 tem
255 1499 454 1550 habens
478 1498 725 1549 infirmos
753 1499 976 1550 sanandi
1006 1509 1059 1549 et
1083 1497 1195 1549 mi·-

93 1592 97 1596 ·
124 1572 310 1624 racula
336 1570 589 1636 faciendi;
616 1572 699 1623 vel
719 1574 860 1624 sicut
873 1578 1194 1639 potestatem

120 1642 327 1694 habens
380 1640 757 1708 imprimendi,
802 1652 855 1693 et
894 1643 1054 1693 corda
1092 1657 1195 1692 au·

126 1712 398 1770 dientium
447 1713 513 1762 ad
564 1728 621 1763 se
668 1712 1035 1776 convertendi;
1092 1728 1194 1764 non

123 1787 270 1838 sicut
286 1786 497 1838 Scribae
515 1792 566 1837 et
584 1786 861 1838 Pharisaei
882 1801 1083 1852 eorum,
1099 1787 1196 1854 qui

124 1872 191 1908 ea
220 1871 343 1922 quae
380 1871 475 1922 per
505 1857 704 1923 Legem
740 1855 1035 1908 didicerant
1061 1874 1197 1924 prae-

123 1935 278 1992 cepta
299 1926 515 1992 populis
543 1926 757 1986 dabant,
773 1941 868 1977 nec
897 1925 973 1977 eis
990 1927 1197 1993 aliquid

125 1999 194 2050 de
250 1997 341 2048 his
399 2008 603 2048 mutare
647 1997 871 2059 licebat;
920 1997 1058 2050 sicut
1102 2015 1198 2050 nec

126 2068 293 2120 etiam
320 2069 536 2134 Moyses
562 2068 709 2118 aliud
736 2083 901 2135 quam
926 2069 1196 2121 Dominus

126 2139 357 2205 jusserat
387 2138 565 2205 potuit
615 2138 799 2205 loqui,
857 2148 910 2189 et
954 2139 1093 2190 nihil
1132 2141 1199 2191 de

125 2210 412 2278 praeceptis
456 2211 568 2276 ejus
611 2220 838 2273 mutare,
872 2211 958 2262 vel
1010 2212 1193 2264 subti-

128 2299 269 2334 cere.
307 2283 409 2334 Ubi
439 2284 861 2353 Chrysostomus
896 2302 914 2335 .·
945 2302 972 2331 α
1002 2285 1198 2336 Admi-

126 2355 394 2405 rabantur
419 2369 545 2404 vero
574 2355 687 2420 ejus
723 2354 865 2405 inter
903 2355 1073 2406 multa
1096 2357 1199 2409 alia

130 2426 404 2493 praecipue
450 2432 771 2491 potestatem
794 2466 812 2491 ,
872 2444 984 2478 non
1048 2430 1196 2480 enim

130 2496 288 2563 quasi
320 2512 386 2547 ex
412 2495 633 2547 alterius
684 2511 910 2562 persona
937 2510 1199 2566 praecepta

130 2566 395 2631 ponebat,
455 2566 592 2616 sicut
639 2567 852 2632 Moyses
901 2566 1113 2633 fecerat,
1147 2580 1199 2620 et

129 2636 436 2702 Prophetae,
465 2638 556 2687 sed
581 2637 689 2688 fere
721 2636 924 2704 ubique
968 2653 1025 2688 se
1051 2638 1199 2690 indi-

129 2705 285 2757 cabat
306 2722 423 2757 esse
455 2707 549 2774 qui
583 2707 882 2772 imperandi
909 2710 1200 2761 auctorita-

129 2788 243 2827 tem
274 2787 494 2830 teneret.
524 2778 769 2845 Denique
789 2795 912 2829 cum
941 2792 1200 2847 praecepta

130 2846 248 2912 ipsa
292 2849 546 2909 sanciret,
590 2859 744 2916 saepe·
769 2848 980 2900 dicebat
1021 2867 1034 2899 ε
1069 2852 1198 2919 Ego

131 2922 310 2967 autem
345 2917 466 2969 dico
495 2917 661 2982 vobi-5,
695 2927 747 2969 et
768 2917 1025 2969 terribilis
1052 2920 1198 2973 illius

130 2986 317 3051 judicii
348 2986 547 3039 faciens
572 2988 921 3050 mentionem,
949 3004 1007 3040 se
1034 3006 1197 3042 mon-

2251 238 2356 307 397

1298 351 1500 402 strabat
1544 366 1672 405 ‚esse
1709 348 1952 402 Judicem
2014 352 2080 401 de
2114 351 2360 417 praemiis

1295 434 1455 489 atque
1478 422 1759 489 suppliciis
1788 439 1851 473 z»
1879 422 1994 473 haec
2023 423 2361 492 Chrysosto-

1296 510 1432 545 mus.

1367 565 1426 615 13
1456 566 1554 615 Pu.
1580 580 1982 617 couri-:unum
2005 568 2226 618 Cnmsrr
2257 584 2361 618 no-

1296 652 1497 688 cearis.
1532 665 1593 675 —
1636 636 1898 703 Conspice
1943 653 2084 687 nunc
2130 650 2182 688 et
2240 653 2361 688 con·

1298 705 1473 757 sidera
1499 707 1793 757 Dominum
1814 709 1995 772 Jesum
2025 708 2083 758 in
2113 723 2364 759 sermone

1299 779 1432 836 isto,
1474 780 1749 846 quomodo
1776 780 2074 839 affectuose,
2110 781 2360 847 benigne,

1299 862 1351 902 et
1369 851 1647 903 efficaciter
1670 852 1909 919 loquitur
1935 854 2287 918 auditoribus,
2311 864 2363 905 et

1298 936 1391 971 eos
1419 922 1483 971 ad
1513 931 1662 972 actus
1686 923 1944 974 virtutum
1974 923 2198 975 inducit.
2215 925 2363 974 Con—

1300 991 1444 1058 spice
1488 992 1650 1043 etiam
1706 993 2030 1059 discipuIOS,
2087 995 2362 1061 quomodo

1300 1073 1619 1127 reverenter,
1663 1063 1971 1125 humiliter,
2009 1075 2062 1115 et
2093 1081 2215 1116 cum
2254 1074 2364 1115 tota

1300 1134 1501 1185 mentis
1527 1134 1824 1186 intentione
1850 1151 1975 1186 eum
2003 1136 2289 1202 aspiciunt,
2311 1145 2365 1187 et

1298 1208 1461 1258 verba
1493 1207 1585 1257 illa
1609 1207 1834 1259 mirifica
1869 1210 2189 1268 auscultant,
2223 1219 2275 1259 et
2304 1224 2365 1260 ea

1301 1279 1578 1331 memoriae
1601 1280 1995 1341 commendant,
2026 1293 2077 1332 et
2124 1298 2245 1332 cum
2275 1282 2364 1347 ju-

1300 1351 1571 1402 cunditate
1627 1367 1846 1418 magna,
1902 1361 2013 1402 tam
2055 1353 2110 1402 in
2166 1352 2362 1413 verbiS‚

1300 1439 1467 1490 quam
1523 1423 1579 1473 in
1635 1435 1867 1491 aspectu,
1913 1424 2180 1476 fruuntur.
2236 1425 2366 1475 Erat

1302 1493 1447 1544 enim
1495 1494 1768 1560 speciosus
1815 1495 2007 1563 forma
2051 1510 2173 1562 proe
2218 1496 2366 1561 filiis

1302 1563 1584 1628 hominum,
1616 1571 1669 1615 et
1710 1565 1915 1632 diffusa
1956 1572 2037 1616 est
2079 1566 2269 1632 gratia
2310 1565 2365 1615 in

1304 1636 1464 1687 labiis
1491 1637 1624 1688 suiS.
1651 1638 1710 1688 In
1757 1639 1856 1688 hac
1880 1638 2023 1689 enim
2055 1639 2367 1688 considera-

1302 1709 1452 1760 tione
1476 1711 1783 1776 jucunderis
1807 1721 1859 1763 et
1883 1721 1942 1762 tu
1984 1712 2289 1778 aspiciendo
2314 1721 2366 1762 et

1303 1782 1672 1842 auscultandO,
1702 1798 1762 1833 ac
1796 1783 1843 1833 si
1890 1798 2016 1833 eum
2063 1783 2288 1847 videres,
2314 1792 2366 1834 et

1304 1853 1613 1919 loquentem
1637 1853 1866 1915 audires,
1879 1865 1931 1904 et
1950 1854 2368 1920 approximando

1305 1924 1405 1985 eiS,
1430 1925 1476 1974 si
1525 1924 1660 1976 forte
1688 1937 1905 1977 vocatus
1934 1926 2133 1986 fueris,
2167 1937 2218 1976 et
2257 1926 2368 1976 im-

1307 1995 1570 2045 morando
1614 1995 1838 2057 ibidem,
1874 2006 1935 2046 ut
1974 1996 2241 2046 Dominus
2267 1996 2367 2046 tibi

1306 2066 1474 2117 dabit.
1513 2067 1718 2119 Deinde
1765 2067 2015 2134 conspice
2064 2083 2215 2126 eum,
2262 2083 2370 2118 una

1306 2152 1430 2186 cum
1456 2136 1738 2202 discipulis
1756 2139 1823 2187 de
1844 2147 2026 2188 monte
2047 2137 2370 2188 descenden-

1306 2216 1436 2268 tem,
1488 2216 1542 2257 et
1569 2222 1692 2258 cum
1725 2207 1804 2259 eis
1834 2206 2166 2259 familiariter
2205 2207 2366 2258 etiam

1308 2296 1404 2346 per
1429 2280 1572 2330 viam
1601 2282 1779 2331 eundo
1792 2282 2103 2348 loquentem
2124 2296 2139 2344 ;
2165 2291 2216 2331 et
2241 2297 2371 2346 quo-

1308 2350 1471 2400 modo
1500 2349 1592 2401 ille
1619 2350 1951 2418 simplicium
1976 2364 2144 2404 coetus
2181 2367 2370 2418 grega-

1304 2421 1408 2471 tim
1437 2421 1684 2487 sequitur
1706 2438 1850 2484 eum,
1876 2439 1982 2473 non
2002 2423 2209 2486 curiose
2234 2422 2373 2473 ordi:

1307 2491 1437 2554 nati,
1468 2493 1561 2541 sed
1609 2492 1746 2543 sicut
1785 2493 1918 2560 pulli
1949 2503 2068 2560 post
2098 2494 2368 2559 gallinam,

1305 2571 1356 2613 et
1385 2562 1617 2628 quilibet
1645 2575 1705 2614 ut
1740 2565 1935 2615 melius
1971 2565 2169 2629 audiat,
2201 2565 2372 2631 magis

1306 2635 1482 2686 eidem
1542 2637 1732 2688 nititur
1778 2639 2246 2705 appropinquare:
2282 2655 2372 2690 se-

1305 2723 1473 2774 quere
1515 2719 1568 2760 et
1596 2720 1656 2760 tu
1700 2711 1996 2777 pretiosum
2052 2711 2203 2761 illum
2247 2712 2373 2762 the-

1304 2796 1544 2842 saurum,
1574 2784 1658 2833 vel
1683 2799 1714 2835 a
1747 2786 1925 2850 longe,
1971 2784 2015 2834 si
2045 2784 2179 2835 forte
2209 2785 2373 2836 micas

1307 2853 1390 2902 vel
1419 2853 1676 2920 reliquias
1731 2855 1939 2921 aliquas
1971 2854 2097 2906 inde
2127 2857 2373 2907 cadentes

1309 2933 1430 2989 post
1454 2933 1664 2990 tergum
1693 2934 1803 2977 tam
1828 2925 1905 2993 pii
1935 2925 2173 2991 Magistri
2199 2928 2371 2978 valeas

1306 2980 1572 3062 colligere.

1115 3191 1388 3245 ORATIO

195 3350 429 3403 Domine
453 3354 581 3404 Jesu
610 3354 825 3406 Christe
851 3356 1285 3423 clementissime,
1315 3359 1398 3413 fac
1425 3378 1511 3415 me
1540 3379 1635 3430 per
1653 3377 1853 3419 arctam
1885 3367 2029 3418 viam
2056 3366 2289 3431 justitiae,
2320 3378 2374 3420 et

42 3436 52 3444 ·
130 3432 421 3489 angustam
456 3434 664 3490 portam
692 3426 1039 3493 poenitentiae,
1072 3430 1271 3483 intrare
1300 3433 1366 3483 ad
1394 3436 1573 3486 aulam
1630 3438 1839 3504 salutis,
1884 3448 1937 3490 et
1967 3438 2131 3488 vitam
2170 3439 2371 3504 gloriae.

134 3494 281 3545 Doce
308 3510 395 3546 me
421 3495 589 3547 vitare
611 3496 955 3564 deceptorum
1005 3498 1286 3563 fallaciam,
1315 3516 1369 3554 et
1397 3506 1464 3557 da
1509 3506 1646 3558 mihi
1681 3509 1880 3561 imitari
1923 3509 2218 3576 spiritualis
2258 3510 2376 3564 ovis

135 3566 536 3633 simplicitatem
556 3578 608 3620 et
629 3569 1018 3638 innocentiam3
1053 3574 1133 3626 fac
1163 3592 1250 3626 me
1282 3577 1514 3630 radicem
1540 3582 1718 3633 cordis
1761 3584 1895 3634 coelo
1929 3599 2038 3632 non
2068 3594 2220 3634 terrae
2252 3585 2375 3635 affi-

137 3654 281 3705 gere,
311 3656 377 3691 ne
428 3640 482 3690 in
526 3640 673 3692 foliis
727 3644 1012 3695 verborum
1056 3655 1284 3713 tantum,
1328 3651 1423 3700 sed
1474 3653 1655 3717 potius
1702 3653 1760 3704 in
1806 3654 2066 3705 fructibus
2112 3656 2374 3707 bonorum

138 3726 366 3778 operum
395 3712 570 3764 fidelis
598 3729 806 3766 merear
832 3715 1082 3770 inveniri.
1127 3720 1169 3771 F
1172 3735 1231 3771 ac
1257 3730 1318 3773 ut
1345 3724 1676 3776 voluntatem
1713 3726 1884 3778 Patris
1911 3728 2142 3779 coelestis
2168 3729 2375 3792 faciam,

139 3791 194 3834 et
223 3783 385 3834 verba
404 3798 496 3836 tua
522 3783 764 3848 audiens,
798 3803 958 3853 opere
989 3790 1410 3860 adimpleam,ut
1438 3795 1493 3848 in
1523 3806 1574 3849 te
1599 3796 1860 3861 firmatus,
1891 3799 2054 3850 nullis
2082 3815 2113 3852 a
2145 3811 2194 3851 te
2223 3816 2380 3869 sepa-

138 3868 227 3907 rer
255 3855 662 3909 tentationibus.
683 3857 874 3913 Amen.
