2784 4452
869 407 962 458 DE
995 408 1348 460 BAPTISMO
1377 408 1649 462 DOMINI.

134 527 228 576 lus
251 521 606 587 sanctificaret
631 521 696 572 ad
726 521 978 572 diluenda
1002 533 1209 588 peccata

140 595 494 648 credentium.
526 595 818 660 Nunquam
861 594 1007 644 enirn
1053 609 1206 660 aquae

135 666 400 734 Baptismi
413 681 638 732 purgare
649 674 858 731 peccata
872 666 1203 716 credentium

131 740 456 806 potuissent,
492 737 593 788 nisi
623 747 766 787 tactu
789 737 1061 787 Dominici
1083 752 1205 787 cor-

135 811 287 876 poris
311 809 648 861 sanctificatae
677 809 922 860 fuissent.
957 810 1051 859 Ille
1078 825 1204 877 ergo

134 883 436 950 baptizatus
471 893 569 941 est,
613 891 673 932 ut
713 898 813 932 nos
848 883 1145 932 lavaremur
1173 898 1204 932 a

132 955 378 1020 peccatiS.
396 955 491 1005 Ille
520 953 719 1004 tinctus
741 964 821 1004 est
845 969 999 1020 aqua,
1021 966 1082 1005 ut
1103 970 1203 1005 nos

127 1040 164 1074 a
190 1025 509 1075 delictorum
537 1024 788 1075 sordibus
833 1041 1198 1091 purgaremur.

129 1096 229 1146 Ille
281 1096 548 1147 lavacrum
597 1096 1008 1162 regenerationis
1048 1111 1199 1147 acce-

129 1165 230 1231 pit,
261 1177 323 1216 ut
349 1182 448 1216 nos
471 1182 535 1216 ex
558 1181 697 1232 aqua
735 1176 788 1217 et
826 1166 1031 1233 Spiritu
1060 1168 1201 1217 San—

127 1247 217 1286 cto
258 1252 673 1290 renasceremur.
730 1237 1035 1303 Baptismus
1077 1254 1202 1304 ergo

124 1307 339 1359 Christi
366 1309 573 1360 ablutio
599 1317 678 1360 est
719 1319 1051 1375 peccatorum
1101 1325 1203 1358 no-

125 1389 390 1445 strorum,
431 1391 484 1431 et
528 1381 800 1432 renovatio
842 1381 966 1431 vitae
1000 1382 1201 1431 saluta-

129 1449 225 1500 ris·
279 1452 378 1501 Per
422 1451 755 1517 Baptismum
801 1452 949 1502 enirn
990 1460 1202 1518 peccato

129 1522 417 1586 morimur,
465 1525 557 1574 sed
589 1524 808 1576 Christo
835 1524 1199 1587 convivimus;

129 1594 254 1646 vitae
297 1596 535 1662 pristinae
576 1597 885 1663 sepelimur,
926 1597 1020 1647 sed
1053 1611 1203 1646 novae

128 1665 254 1716 vitae
304 1667 637 1733 resurgimus
651 1683 665 1731 ;
712 1667 907 1718 vetusti
959 1666 1202 1717 hominis

127 1750 311 1787 errore
346 1739 613 1798 exuimur,
644 1738 735 1789 sed
781 1738 905 1788 novi
959 1737 1203 1788 hominis

129 1807 447 1859 indumenta
520 1809 848 1876 suscipimus
902 1825 916 1860 τ
994 1827 1022 1857 n
1091 1809 1202 1859 haec

127 1879 575 1948 chrysostomus,

199 1967 262 2001 10
301 1952 420 2002 Cun
466 1953 734 2003 Cuius-rus
773 1967 827 2002 m
865 1964 1015 2010 AQuA
1041 1969 1109 2003 ετ
1148 1968 1201 2002 m

121 2023 370 2074 Joanmr:
394 2039 668 2074 mmmm
695 2023 930 2073 vorm-r?
962 2052 1023 2061 —
1057 2024 1204 2074 Con-

123 2108 260 2162 grue
289 2107 468 2147 autem
501 2097 675 2147 voluit
715 2096 984 2148 Dominus
1010 2096 1065 2146 in
1094 2098 1205 2147 Jor-

124 2169 267 2220 dane
323 2169 607 2236 baptizari,
653 2178 714 2220 ut
778 2168 852 2219 ibi
911 2169 1206 2236 aperiretur

122 2241 289 2306 janua
315 2241 463 2307 regni
507 2240 761 2301 coelestis,
802 2241 896 2290 ubi
936 2242 1091 2291 datus
1126 2253 1206 2293 est

123 2311 306 2361 aditus
355 2310 483 2362 filiis
538 2312 698 2362 Israel
742 2311 974 2362 intrandi
1010 2321 1206 2362 terram

125 2385 534 2450 promissionis3
568 2386 697 2452 quia
740 2386 878 2437 sicut
925 2402 1019 2452 per
1074 2386 1205 2438 illud

124 2454 333 2512 flumen
359 2455 457 2506 filii
485 2458 644 2507 Israel
669 2457 993 2508 transierunt
1019 2458 1084 2508 ad
1110 2467 1209 2507 ter-

124 2544 240 2579 ram
274 2530 596 2596 promissam
644 2530 726 2580 eis
757 2546 850 2596 per
888 2531 1204 2592 Dominum,

122 2602 200 2652 sic
229 2618 326 2667 per
350 2602 689 2668 Baptismum
720 2601 905 2652 fideles
927 2612 1206 2654 transeunt

121 2676 190 2725 ad
212 2686 414 2726 terram
441 2675 757 2726 viventium.
790 2675 856 2725 Et
876 2675 1037 2725 etiarn
1064 2675 1204 2735 ideo,

124 2749 255 2814 quia
305 2748 555 2800 ,Iordanis
600 2758 680 2798 est
744 2747 942 2799 fluvius
994 2749 1205 2799 medius

123 2818 387 2869 Gentium
424 2828 476 2869 et
511 2820 846 2879 Judaeorum,
919 2829 972 2868 et
1016 2819 1203 2885 Bapti—

120 2907 276 2943 smus
333 2892 646 2942 communis
715 2901 795 2942 est
837 2891 1103 2942 Gentibus
1150 2903 1203 2943 et

120 2963 322 3014 Judaeis
389 2963 735 3014 venientibus
799 2962 864 3011 ad
939 2960 1099 3011 fidem
1151 2973 1203 3013 et

123 3034 427 3088 Christum.
459 3035 519 3083 In
543 3034 773 3084 Jordane
814 3047 1034 3098 quoque
1090 3033 1199 3083 Ba-

123 3105 358 3171 ptismus
389 3104 631 3164 Domini,
659 3121 751 3171 per
778 3103 951 3155 Eliam
999 3113 1051 3153 et
1082 3103 1198 3153 Eli-

124 3192 296 3228 saeum
321 3216 335 3236 ,
372 3178 542 3227 ‘Josue
607 3186 659 3227 et
715 3176 951 3226 Naaman
1021 3174 1200 3241 praefi-

124 3257 348 3313 guratus
416 3246 548 3310 fuit;
600 3246 728 3314 quia
776 3245 830 3296 in
893 3245 982 3298 his
1032 3244 1202 3312 figura

118 3318 387 3384 Baptismi
438 3317 722 3383 praecessit.
779 3318 837 3367 In
899 3332 1036 3383 aqua
1075 3332 1200 3367 vero

120 3389 420 3457 baptizatus
449 3399 547 3449 est,
591 3388 721 3455 quia
757 3403 896 3455 aqua
938 3397 1018 3438 est
1065 3403 1199 3437 con-

120 3460 282 3510 traria
322 3458 451 3526 igni,
483 3469 537 3509 et
579 3469 853 3525 peccatum
891 3468 971 3508 est
1025 3456 1197 3524 igniS,

120 3531 265 3580 unde
300 3540 355 3580 et
399 3530 523 3596 igne
567 3529 821 3594 supplicii
859 3528 1103 3595 punitur.
1131 3529 1201 3579 Ut

116 3616 246 3667 ergo
271 3602 361 3651 hic
412 3601 552 3668 ignis
590 3600 954 3666 extinguatur,
980 3600 1032 3650 in
1062 3614 1201 3666 aqua
1258 3654 1263 3658 ,

120 3670 423 3737 baptizatus
470 3681 567 3733 est.
619 3673 774 3737 Aqua
813 3671 977 3721 etiam
1014 3670 1200 3720 sordes

119 3743 327 3803 abluit,
366 3743 519 3793 sitim
569 3742 863 3807 extinguit,
907 3741 1198 3807 imaginem

118 3813 320 3877 reddit;
378 3813 449 3863 ita
508 3812 677 3878 gratia
731 3812 965 3878 Spiritus
1018 3810 1199 3861 Sancti

121 3882 181 3933 in
227 3883 557 3949 Baptismate
613 3883 796 3932 sordes
860 3891 1201 3947 peccatorum

124 3954 314 4015 abluit,
344 3954 492 4004 sitim
533 3952 728 4004 animae
765 3952 929 4003 verbo
971 3952 1068 4002 Dei
1111 3963 1201 4000 re-

124 4027 372 4095 stinguit,
403 4027 698 4094 imaginem
731 4026 830 4078 Dei
855 4042 951 4093 per
985 4025 1200 4091 culpam

2275 430 2383 481 217

1312 523 1568 574 amissam
1601 524 1852 576 restituit.
1898 526 1964 576 Et
2006 540 2070 576 ex
2105 526 2208 578 hoc
2233 529 2380 594 quod

1311 594 1581 644 Dominus
1637 594 1691 644 in
1731 610 1870 662 aqua
1924 606 2003 646 est
2056 597 2380 662 baptizatus,

1311 664 1543 714 trahitur
1588 677 1967 732 argumentum
2006 669 2150 734 quod
2182 669 2240 718 in
2270 669 2377 721 alio

1311 737 1521 804 liquore
1563 756 1725 807 quam
1769 741 1826 791 in
1865 757 2003 808 aqua
2055 758 2161 793 non
2205 754 2379 809 potest

1310 806 1425 857 fieri
1453 809 1776 875 Baptismus·
1806 813 1866 861 In
1897 827 2033 877 aqua
2063 812 2222 863 etiam
2245 813 2378 863 uni-

1309 877 1553 929 formiter
1614 881 1923 946 Baptismus
1988 893 2329 933 consecratur
2359 898 2375 947 3

1308 947 1438 1013 quia
1465 964 1494 999 a
1523 951 1708 1001 dextro
1752 953 1912 1004 latere
1958 969 2096 1019 aqua
2126 953 2375 1014 manavit,

1308 1027 1360 1068 et
1379 1019 1508 1084 quia
1524 1021 1706 1070 nullus
1726 1021 1905 1088 liquor
1921 1025 2051 1074 adeo
2072 1024 2135 1074 ad
2162 1024 2380 1074 abluen-

1308 1088 1440 1139 dum
1473 1091 1639 1151 valet,
1683 1102 1735 1142 et
1762 1094 1903 1158 apud
1935 1110 2125 1160 omnes
2152 1094 2377 1145 faciliter

1306 1160 1622 1226 acquiritur,
1642 1177 1709 1211 ne
1734 1178 1789 1213 se
1822 1164 2019 1230 aliquis
2042 1175 2259 1231 propter
2299 1165 2376 1214 in·

1306 1232 1487 1297 opiam
1507 1245 1736 1285 excuset.
1754 1236 1818 1285 Et
1842 1237 1963 1287 licet
1980 1238 2213 1304 Spiritus
2226 1254 2381 1288 mun-

1306 1305 1396 1356 det
1445 1307 1698 1369 interiuS,
1738 1319 1918 1360 tamen
1965 1313 2259 1362 necessaria
2298 1321 2380 1362 est

1306 1392 1460 1442 aquae
1492 1379 1711 1442 lavati03
1747 1380 1875 1445 quia
1904 1380 2038 1431 sicut
2070 1397 2135 1432 ex
2163 1383 2378 1433 duobus

1306 1458 1388 1497 est
1419 1448 1602 1509 hom0,
1633 1449 1834 1500 scilicet
1853 1460 1904 1501 et
1932 1467 2153 1517 corpore
2178 1463 2230 1502 et
2256 1453 2379 1503 ani-

1309 1536 1414 1581 ma,
1445 1522 1522 1572 sic
1551 1538 1615 1572 ex
1643 1523 1854 1573 duobus
1879 1525 2196 1585 renascitur,
2226 1525 2376 1576 scili·-

1307 1601 1390 1641 cet
1415 1591 1621 1657 Spiritu
1646 1595 1835 1644 Sancto
1857 1603 1907 1644 et
1929 1609 2085 1660 aqua.

1379 1678 1396 1711 1
1415 1679 1432 1712 1
1467 1663 1672 1713 COELuu
1722 1681 1972 1722 Quouono
2019 1679 2262 1716 arsurum
2315 1681 2371 1716 m

1309 1733 1643 1783 ΒΑΡτιεκΑτε
1675 1735 1913 1785 Cfflusrn
1943 1764 2004 1773 —
2036 1736 2264 1787 Factum
2293 1742 2376 1788 est

1307 1809 1484 1853 autem
1507 1810 1563 1853 ut
1581 1819 1696 1855 cum
1719 1804 2087 1872 baptizaretur
2105 1821 2133 1855 a
2154 1806 2376 1867 Joanne,

1308 1874 1418 1924 fere
1442 1875 1613 1926 omnis
1630 1875 1894 1943 populus,
1925 1886 2078 1928 terrae
2120 1877 2293 1938 illius,
2321 1878 2376 1928 id

1309 1956 1408 2007 est,
1440 1947 1595 1997 multi
1626 1948 1691 1997 de
1720 1948 1870 1997 omni
1894 1948 2120 2014 popu103
2147 1955 2200 1998 et
2223 1950 2373 2012 Jesu,

1309 2032 1340 2067 a
1371 2017 1589 2079 Joanne,
1627 2018 1915 2084 baptizatO,
1963 2033 2022 2068 ac
2048 2028 2171 2083 post
2198 2019 2379 2086 bapti-

1310 2105 1493 2139 smum
1527 2090 1593 2140 de
1629 2089 1785 2156 aquis
1815 2091 2146 2151 ascendente,
2196 2100 2247 2140 et
2280 2106 2380 2156 pro

1310 2162 1659 2228 baptizandis,
1708 2172 1767 2212 ut
1810 2161 2075 2228 Spiritum
2120 2160 2375 2211 Sanctum

1309 2233 1621 2298 acciperent,
1648 2240 1850 2295 orante,
1886 2239 2125 2299 apertum
2155 2238 2237 2282 est
2263 2246 2378 2283 cco-

1315 2305 1453 2364 lum,
1486 2302 1540 2352 id
1569 2312 1665 2361 est,
1698 2302 2090 2353 inaestimabilis
2122 2302 2378 2367 splendor

1311 2376 1482 2426 factus
1510 2384 1590 2424 est
1613 2373 1749 2423 circa
1774 2373 2053 2424 Christum
2072 2411 2086 2433 ,
2116 2383 2167 2423 et
2196 2381 2378 2426 tantus

1311 2447 1490 2512 fulgor
1524 2443 1877 2495 circumfulsit
1909 2460 2032 2494 eum
2053 2483 2065 2503 ‚
2110 2459 2168 2494 ac
2193 2444 2238 2494 si
2266 2460 2378 2494 coe-

1312 2519 1427 2567 lum
1457 2531 1769 2581 empyreum
1810 2525 2050 2581 apertum
2078 2514 2375 2576 videretur,
2399 2517 2402 2524 ⁴

1312 2589 1554 2655 coeloque
1594 2602 1747 2638 aereo
1782 2597 1833 2636 et
1875 2586 2083 2636 sidereo
2131 2585 2378 2636 reseratis

1311 2661 1567 2726 splendor
1592 2657 1709 2709 coeli
1739 2657 1976 2723 empyrei
2001 2656 2157 2706 terris
2187 2655 2378 2705 infun-—

1309 2736 1542 2785 deretur.
1568 2734 1689 2783 Non
1733 2733 1877 2799 quod
1906 2731 2100 2781 coelum
2131 2739 2259 2781 tunc
2286 2728 2377 2779 di·-

1308 2809 1487 2858 visum
1515 2806 1702 2868 fuerit;
1738 2821 1844 2855 non
1875 2803 2019 2854 enim
2049 2803 2141 2853 illa
2174 2802 2378 2868 apertio

1310 2880 1368 2929 in
1394 2894 1613 2945 corpore
1638 2877 1866 2937 coelesti,
1901 2876 1993 2926 sed
2018 2875 2074 2925 in
2103 2889 2223 2924 aere
2252 2873 2374 2934 fuit,

1309 2953 1403 3002 sed
1432 2952 1559 3018 quia
1583 2950 1774 3017 aperiri
1816 2948 2097 2998 videbatur
2130 2946 2268 2998 sicut
2318 2947 2377 2996 in

1308 3022 1673 3073 coruscatione
1703 3021 1838 3071 solet
1863 3018 1999 3079 fieri,
2035 3018 2091 3067 in
2131 3033 2236 3084 qua
2264 3033 2378 3068 coe-

1307 3095 1422 3143 lum
1449 3092 1637 3158 aperiri
1668 3091 1913 3152 videtur;
1946 3099 1999 3139 et
2034 3104 2129 3155 per
2156 3089 2259 3139 hoc
2294 3087 2378 3138 si-

1307 3164 1657 3231 gnificabatur
1686 3162 1912 3230 gloriam
1944 3162 2216 3212 coelestem
2247 3174 2377 3225 ape-

1307 3238 1402 3288 riri
1456 3235 1796 3287 credentibus
1853 3234 1909 3284 in
1962 3233 2241 3284 Christum
2266 3270 2280 3292 ‚
2326 3240 2380 3281 et

1305 3311 1452 3378 quod
1475 3309 1672 3359 renatis
1698 3307 1952 3374 aperitur,
1978 3316 2029 3357 et
2052 3313 2194 3371 patet
2221 3304 2379 3368 janua

1306 3380 1457 3447 regni
1487 3378 1743 3438 coelestiS‚
1782 3388 1834 3428 et
1861 3377 2039 3427 aditus
2080 3376 2136 3424 in
2162 3373 2378 3432 coelum,

1305 3452 1402 3518 qui
1428 3451 1717 3517 praeclusus
1747 3448 1848 3498 fuit
1885 3446 2094 3498 homini
2123 3458 2216 3509 per
2248 3457 2379 3507 pec-

1305 3536 1501 3576 catum.
1536 3524 1691 3575 Unde
1721 3522 2143 3590 Chr-ysostomus
2173 3533 2190 3566 .·
2221 3533 2249 3562 (ι
2278 3516 2373 3565 Si-

1305 3595 1526 3662 quidem
1553 3593 1609 3643 in
1630 3595 1744 3660 ejus
1766 3592 2031 3658 baptismo
2058 3586 2227 3653 aperti
2252 3593 2383 3665 sunt

1305 3665 1425 3716 coeli
1447 3703 1461 3729 ,
1494 3674 1554 3715 ut
1584 3664 1757 3712 discas
1778 3662 1938 3711 etiam
1968 3674 2094 3709 cum
2116 3668 2173 3707 tu
2197 3657 2383 3721 bapti-

1304 3736 1441 3786 zaris
1470 3736 1572 3785 hoc
1597 3731 1943 3784 invisibiliter
1971 3727 2103 3788 fieri,
2131 3729 2235 3793 jam
2266 3726 2380 3775 Deo

1305 3819 1358 3859 te
1385 3808 1450 3857 ad
1500 3807 1695 3856 coelum
1744 3810 1992 3862 vocante,
2038 3798 2282 3864 nihilque
2321 3794 2382 3845 in

1308 3889 1446 3928 terra
1481 3889 1772 3926 commune
1809 3872 2007 3922 habere
2049 3868 2319 3920 suadente.
2351 3882 2380 3911 »

1310 3950 1375 3999 Et
1411 3947 1607 3997 iterum
1637 3963 1652 3995 :
1683 3963 1710 3990 α
1739 3941 1880 3993 Dicit
1912 3951 2112 3999 autem,
2135 3942 2381 4004 apertum

1308 4027 1389 4073 est
1427 4020 1617 4072 coelum
1634 4056 1653 4084 ,
1693 4027 1948 4081 tanquam
2006 4014 2261 4065 hactenus
2295 4022 2384 4058 re·-
