2784 4452
318 237 409 288 DE
440 233 717 284 SALUTE
749 231 1052 282 GENERIS
1083 230 1398 293 HUMANI,
1434 230 1528 281 ET
1561 229 2004 280 NATIVITATE
2037 229 2300 278 MARIAE.
2374 242 2438 294 19

200 353 482 422 gustinum,
501 350 724 417 quidam
748 348 1054 400 Platonicus
1079 348 1257 399 aureis

198 423 381 476 litteris
394 420 875 489 praescribendum,
893 430 947 469 et
961 435 1055 484 per
1066 434 1257 470 omnes

1371 345 1622 397 ecclesias
1675 345 1733 395 in
1795 345 1927 395 locis
1991 343 2439 396 eminentissimis

1373 416 1800 485 praeponendum
1830 432 1948 466 esse
1982 416 2206 467 dicebat.

1175 611 1447 663 ORATIO

254 779 484 832 Domine
502 778 667 837 DeuS‚
703 777 858 826 Pater
884 775 1246 840 omnipotens,
1276 774 1373 840 qui
1403 783 1732 824 coaeternum
1764 784 1817 824 et
1844 775 2189 839 coaequalem,
2220 783 2275 823 et
2313 789 2447 825 con-

198 850 601 904 substantialem
630 847 730 898 tibi
778 856 901 896 ante
943 845 1134 896 omnia·
1162 846 1340 896 secula
1395 845 1437 894 F
1442 845 1599 894 ilium
1631 845 1973 895 ineffabiliter
2020 844 2274 910 genuisti,
2322 860 2446 895 cum

198 937 300 989 quo
346 931 512 987 atque
558 919 764 984 Spiritu
813 919 1004 967 Sancto
1045 915 1231 967 omnia
1258 914 1499 966 visibilia
1526 926 1582 966 et
1611 915 1919 975 invisibilia,
1962 932 2020 966 ac
2056 931 2146 964 me
2183 914 2448 964 miserum

200 1002 525 1059 peccatorem
564 990 705 1039 inter
758 987 942 1038 omnia
970 986 1179 1047 creasti,
1205 996 1258 1036 te
1285 986 1473 1046 ador0,
1506 996 1558 1037 te
1584 988 1764 1047 laudo,
1794 997 1956 1052 teque
1993 986 2233 1052 glorifico
2267 1003 2281 1035 ε
2307 1001 2448 1052 pro-

193 1065 357 1131 pitius
388 1069 505 1113 esto
534 1061 665 1111 mihi
683 1059 978 1125 peccatori,
1013 1068 1068 1110 et
1104 1073 1172 1108 ne
1199 1057 1463 1123 despicias
1491 1073 1580 1108 me
1616 1073 1755 1123 opus
1794 1074 2052 1108 manuum
2082 1068 2314 1119 tuarum,
2355 1058 2449 1108 sed

199 1136 337 1186 salva
365 1144 419 1184 et
444 1134 638 1199 adjuva
667 1147 757 1181 me
784 1140 1002 1197 propter
1036 1144 1236 1180 nomen
1266 1138 1515 1179 sanctum
1543 1140 1724 1180 tuum.
1747 1129 1916 1196 Operi
1935 1145 2137 1179 manuu
2154 1146 2209 1178 m
2237 1140 2450 1179 tuarum

196 1210 467 1260 dexteram
497 1208 733 1273 porrige,
764 1205 957 1254 carnali
990 1202 1264 1270 fragilitati
1301 1218 1571 1254 succurre.
1616 1203 1723 1262 Qui
1759 1219 1846 1254 me
1874 1203 2067 1263 fecisti,
2099 1203 2255 1254 refice
2310 1202 2451 1253 infe-

204 1291 346 1333 ctum
376 1281 556 1344 vitiis3
590 1279 687 1346 qui
724 1293 812 1327 me
841 1276 1104 1337 formasti,
1137 1275 1371 1326 reforma
1400 1286 1715 1342 corruptum
1756 1276 2014 1341 peccatis3
2064 1286 2126 1326 ut
2153 1275 2449 1327 secundum

203 1369 447 1419 magnam
488 1363 638 1402 tuam
679 1349 1111 1400 misericordiam
1142 1348 1315 1398 salves
1343 1348 1581 1399 animam
1610 1363 1789 1399 meam
1819 1348 2093 1399 miseram.
2120 1349 2314 1400 Amen.

1108 1687 1446 1757 CAPUT
1496 1687 1567 1755 II

208 1938 304 2008 De
357 1936 757 2008 inventione
809 1935 1108 2005 remedii
1154 1959 1294 2028 pro
1349 1936 1744 2008 salvatione
1796 1939 2087 2030 generis
2139 1940 2458 2020 humani,

733 2063 798 2120 et
848 2051 1226 2122 nativitate
1269 2052 1589 2145 virginis
1632 2055 1922 2124 Mariae.

270 2321 291 2354 1
332 2301 511 2355 CAsus
530 2304 790 2353 Luc1FER1
829 2319 896 2352 ET
920 2318 1288 2353 PRoroPAREN-

209 2394 395 2430 r1s.-
439 2380 502 2428 In
557 2378 845 2444 principiO,
891 2393 1015 2428 cum
1076 2377 1288 2429 Lucifer

210 2460 418 2500 creatus
437 2461 598 2509 esset,
626 2448 793 2498 erexit
819 2463 875 2497 se
904 2457 1090 2498 contra
1113 2448 1286 2499 Deum

210 2521 520 2572 Creatorem
548 2536 730 2580 suum,
759 2530 811 2569 et
837 2520 895 2569 in
924 2520 1034 2570 ictu
1056 2522 1197 2570 oculi
1218 2522 1289 2571 de

206 2593 412 2643 excelso
474 2592 735 2642 coelorum
786 2591 1055 2657 prOJectus
1100 2601 1182 2642 est
1230 2592 1288 2641 in

211 2662 505 2715 infernum.
548 2663 616 2712 Et
651 2662 721 2711 ob
760 2662 900 2712 hanc
943 2677 1156 2712 causam
1191 2662 1289 2712 de-

208 2735 370 2785 crevit
404 2734 554 2784 Deus
597 2748 767 2799 genus
798 2733 1104 2783 humanum
1140 2748 1290 2784 crea—

208 2819 293 2865 re,
350 2813 416 2853 ut
471 2818 569 2869 per
632 2804 811 2869 ipsum
863 2813 1048 2870 posset
1106 2819 1291 2855 casum

206 2874 441 2925 Luciferi
465 2883 521 2924 et
540 2874 811 2924 sociorum
828 2876 943 2940 ejus
962 2884 1258 2925 restaurare
1275 2889 1290 2937 ;

209 2954 542 3011 quapropter
591 2944 840 2995 diabolus
882 2945 1096 2996 homini
1145 2946 1292 2997 invi-

206 3015 344 3065 dens
383 3014 492 3079 ipsi
538 3013 918 3075 insidiabatur,
962 3025 1018 3066 et
1048 3015 1115 3065 ad
1146 3032 1293 3081 prae-

209 3085 346 3151 cepti
392 3085 882 3150 transgressionem
919 3086 1102 3151 ipsum
1128 3085 1294 3136 indu-

208 3151 349 3206 <nere¹
373 3155 668 3215 nitebatur,
714 3166 765 3205 et
805 3156 1079 3222 quoddam
1102 3173 1297 3223 genus

213 3227 483 3292 serpentis
537 3226 644 3276 sibi
704 3227 968 3293 eligebat,
1020 3229 1117 3294 qui
1169 3239 1298 3279 tunc

176 3317 183 3324 ‘
211 3307 424 3347 erectus
452 3297 816 3363 gradiebatur,
848 3309 900 3348 et
942 3309 1099 3365 caput
1125 3300 1299 3366 virgi-

215 3384 379 3420 neum
402 3369 655 3420 habebat.
674 3371 733 3419 In
758 3370 904 3421 hunc
923 3370 1298 3423 fraudulentus

212 3440 468 3506 deceptor
492 3440 720 3490 intravit
749 3450 802 3491 et
839 3457 932 3507 per
971 3457 1034 3492 os
1071 3444 1185 3507 ejus
1209 3444 1297 3493 lo-

218 3523 392 3577 quens
419 3512 584 3562 verba
617 3512 919 3578 deceptoria
943 3513 1158 3564 mulieri
1185 3529 1301 3564 nar-

219 3581 372 3642 ravit,
395 3597 457 3632 ac
483 3596 602 3632 eam
635 3582 910 3649 decipiens
945 3598 1109 3649 super
1136 3599 1302 3635 omne

218 3665 391 3717 genus
436 3652 744 3703 humanum
797 3663 1027 3705 mortem
1066 3655 1298 3708 induxit.

221 3720 291 3772 Et
334 3723 618 3787 oportebat
666 3741 767 3774 nos
812 3740 1002 3776 omnes
1038 3742 1301 3777 carcerem

225 3792 433 3845 inferni
466 3795 698 3861 ingredi,
734 3798 800 3847 de
826 3814 936 3863 quo
963 3814 1075 3849 non
1101 3809 1303 3865 potera-

231 3877 359 3917 mus
380 3865 607 3931 alicujus
627 3867 748 3933 puri
775 3868 1018 3921 hominis
1036 3869 1301 3936 adjutorio

1391 2303 1550 2370 eripi.
1586 2305 1689 2356 Sed
1715 2306 1930 2356 tandem
1957 2308 2128 2358 Pater
2150 2309 2461 2362 misericor-

1394 2376 1607 2426 diarum
1633 2383 1684 2428 et
1711 2378 1859 2428 Deus
1892 2379 2054 2429 totius
2082 2380 2465 2433 consolationis

1394 2449 1687 2499 clementer
1738 2451 1970 2516 respexit
2017 2462 2216 2503 statum
2265 2465 2463 2506 nostrae

1395 2519 1777 2582 damnationiS,
1799 2531 1852 2571 et
1879 2538 1978 2571 nos
1999 2539 2092 2589 per
2113 2525 2464 2591 semetipsum

1394 2592 1623 2642 liberare
1647 2591 1906 2656 decrevit3
1935 2609 2096 2660 super
2117 2612 2225 2662 quo
2246 2596 2467 2662 signum

1399 2661 1559 2711 nobis
1603 2679 1698 2729 per
1738 2662 1935 2713 olivam
1979 2665 2145 2724 dedit,
2185 2682 2349 2732 quam
2386 2682 2469 2718 co—

1398 2733 1585 2783 lumba
1634 2732 1859 2783 inclusis
1910 2733 1968 2782 in
2021 2750 2139 2784 arca
2188 2735 2467 2798 afferebat,

1400 2818 1523 2869 quae
1549 2801 1975 2853 misericordiam
1999 2804 2095 2854 Dei
2130 2804 2366 2856 futuram
2389 2806 2470 2856 in—

1400 2872 1567 2923 clusis
1606 2871 1663 2921 in
1706 2872 1877 2921 limbo
1922 2874 2301 2938 praetendebat.
2344 2876 2469 2926 Non

1402 2945 1580 2994 solum
1622 2942 1769 2993 enirn
1812 2942 1899 2992 his
1937 2944 2031 3009 qui
2071 2944 2128 2993 in
2166 2961 2283 2995 arca
2318 2956 2472 2997 erant

1398 3012 1777 3088 ‘misericordia
1817 3014 2245 3078 promittebatur,
2289 3016 2383 3067 sed
2420 3026 2473 3066 et

1404 3084 1501 3135 toti
1544 3083 1750 3133 mundo
1774 3083 1993 3149 signum
2034 3085 2220 3135 salutis
2248 3085 2308 3135 in
2333 3086 2474 3136 oliva

1404 3156 1661 3218 dabatur3
1713 3164 1764 3205 et
1815 3155 1917 3206 hoc
1960 3156 2102 3206 idem
2144 3158 2288 3208 Deus
2329 3173 2473 3224 prae-

1405 3225 1726 3278 monstravit
1772 3227 1933 3276 nobis
1983 3227 2040 3276 in
2103 3227 2291 3278 multis
2350 3227 2473 3277 aliis

1404 3297 1613 3365 figuris·
1639 3298 1687 3347 A
1711 3297 1979 3364 principio
2003 3308 2182 3348 autem
2203 3297 2473 3349 conditio-

1405 3370 1494 3421 nis
1527 3380 1726 3428 nostrae
1758 3369 1930 3419 Adam
1963 3370 2019 3419 in
2053 3386 2180 3436 agro
2200 3371 2476 3420 Damasce-

1405 3461 1479 3497 no
1503 3445 1652 3511 juxta
1680 3444 1900 3494 Hebron
1946 3445 2011 3495 de
2046 3455 2185 3495 terra
2225 3443 2473 3505 formam,

1406 3526 1460 3567 et
1491 3530 1522 3565 a
1549 3514 1787 3566 Domino
1822 3514 1883 3564 in
1908 3516 2217 3581 paradisum
2240 3513 2478 3580 volupta-

1409 3587 1482 3638 tis
1508 3587 1786 3647 translat0,
1819 3601 1879 3635 ac
1912 3586 2022 3636 Eva
2055 3587 2111 3636 in
2143 3583 2387 3650 paradiso
2411 3585 2480 3637 de

1409 3667 1557 3709 costa
1592 3658 1723 3707 Adae
1757 3656 2077 3707 dormientis
2113 3655 2265 3717 facta,
2299 3664 2353 3706 et
2377 3670 2479 3723 p10

1407 3738 1655 3779 consorte
1702 3727 1751 3778 ei
1795 3728 1945 3787 data,
1994 3725 2237 3792 ipsisque
2285 3725 2479 3792 primis

1412 3801 1727 3868 parentibus
1768 3800 1824 3851 in
1855 3798 2101 3866 paradiso
2137 3798 2203 3848 ad
2246 3814 2478 3866 operan-

1412 3872 1544 3925 dum
1577 3880 1630 3924 et
1662 3868 2075 3923 custodiendum
2104 3869 2393 3935 collocatis,
2427 3877 2480 3918 et
