2784 4452
391 312 459 364 60
1036 314 1273 364 PRIMAE
1313 284 1563 366 panus
1596 317 1829 368 CAPUT
1861 319 1951 369 v1.

388 430 766 480 revelationem
844 439 1166 480 secretorum
1225 430 1446 480 divino-

387 517 527 560 rum,
575 499 778 551 confert
817 512 869 550 et
906 501 1201 566 prophetiae
1251 511 1447 553 actum.

384 573 455 622 Et
484 573 602 622 ideo
627 587 838 636 semper
873 581 952 621 est
1000 572 1295 642 salutancbi,
1329 588 1454 638 pro-

384 653 500 709 pter
520 643 914 694 resalutationis
932 645 1143 694 lucrum
1165 643 1290 693 inde
1321 660 1448 710 spe-

387 717 638 767 randum.

448 788 480 838 8
515 789 791 840 CAN'rmUM
823 790 1035 839 Mamm.
1053 818 1112 826 —
1136 790 1332 840 Audita
1359 791 1453 857 igi-

386 872 474 911 tur
498 862 846 927 responsione
868 862 1149 912 Elizabeth
1165 902 1177 922 ,
1205 878 1310 930 qua
1335 879 1453 913 eam

385 944 611 984 matrem
649 933 869 983 Domini
895 934 978 984 sui
1018 936 1357 1001 appelland0,
1390 951 1454 986 ac

387 1008 594 1057 beatam
645 1007 999 1071 praedicando,
1048 1019 1099 1058 et
1146 1008 1307 1059 fidem
1340 1008 1453 1058 for-

386 1088 493 1127 tem
518 1078 801 1138 laudand0‚
831 1078 1192 1143 prophetavit3
1220 1079 1455 1146 amplius

387 1148 553 1197 Maria
581 1158 750 1198 tacere
789 1164 899 1197 non
932 1149 1105 1213 potuit
1147 1151 1289 1199 dona
1332 1166 1454 1216 quae

387 1228 703 1284 perceperat,
742 1230 793 1269 et
821 1234 940 1284 quae
957 1220 1204 1286 virginali
1229 1222 1452 1286 pudore,

385 1299 437 1338 et
463 1304 528 1338 ex
555 1288 858 1338 humilitate
877 1300 1150 1355 acceptum
1179 1292 1454 1340 oraculum

387 1362 602 1413 silentio
644 1372 859 1423 texerat,
902 1365 1008 1428 jam
1041 1379 1279 1429 congruo
1311 1375 1455 1414 tem-

388 1449 516 1499 pore
544 1432 805 1497 patefecit.
852 1434 1004 1484 Unde
1043 1437 1286 1484 exultans
1323 1451 1454 1499 pro-

388 1505 535 1570 rupit
566 1506 621 1554 in
661 1506 926 1555 canticum
971 1506 1185 1566 laetitiae,
1230 1507 1376 1572 quod
1424 1522 1455 1556 a

387 1577 622 1627 Domino
647 1577 829 1636 edidit,
862 1578 1045 1628 dicens
1075 1595 1086 1627 :
1119 1579 1457 1644 Magnificat

387 1651 568 1701 anima
617 1665 731 1700 mea
780 1651 1084 1713 Dominum,
1125 1661 1243 1710 etc„
1279 1662 1454 1701 totum

389 1721 591 1771 ibidem
625 1723 902 1788 complens
932 1723 1278 1787 jucunditatis
1303 1733 1355 1772 et
1374 1723 1458 1773 lae-

388 1791 519 1843 titiae
542 1792 830 1842 canticum.
862 1794 1270 1844 Consueverunt
1306 1794 1455 1844 enim

389 1864 600 1913 Hebroei
629 1864 686 1913 in
703 1880 827 1914 casu
854 1880 1050 1929 magno
1079 1866 1282 1916 cantica
1316 1883 1457 1917 com-

390 1948 588 1998 ponere
633 1945 684 1984 et
719 1934 892 1984 dicere
933 1934 1187 1996 Domino,
1237 1937 1455 2002 quando

389 2004 533 2054 Deus
560 2005 827 2054 mirabilia
854 2005 976 2054 fecit
1003 2005 1139 2056 circa
1173 2006 1338 2072 ipsos.
1390 2008 1457 2057 Et

390 2077 512 2142 plus
531 2077 788 2128 omnibus
817 2088 992 2144 potest
1018 2078 1132 2128 haec
1158 2079 1325 2145 Virgo
1349 2095 1457 2130 ma-

391 2148 641 2214 gnificare
667 2151 985 2201 Dominum.
1002 2151 1161 2202 Beata
1186 2151 1455 2219 siquidem

388 2223 573 2290 Virgo,
605 2236 814 2275 tantum
850 2225 1168 2291 mysterium
1201 2225 1304 2276 sibi
1341 2243 1458 2277 esse

390 2296 809 2358 manifestatum,
836 2303 888 2348 et
913 2307 1112 2365 quanta
1141 2314 1235 2364 per
1259 2299 1362 2349 hoc
1381 2315 1459 2349 es-

389 2378 487 2428 set,
541 2385 690 2419 more
735 2370 1060 2429 humilium,
1118 2387 1227 2420 non
1274 2372 1457 2421 statim

390 2439 657 2499 revelavit,
708 2440 799 2488 sed
842 2455 1125 2506 quousque
1156 2457 1249 2506 per
1279 2442 1457 2492 Eliza-

314 2537 317 2542 -
390 2509 521 2558 beth
572 2511 861 2568 reveletur,
917 2511 1248 2560 abscondit:
1290 2527 1455 2577 quam

390 2578 518 2643 quia
555 2578 804 2644 cognovit
842 2580 1161 2645 mysterium
1202 2596 1295 2647 per
1329 2582 1459 2647 Spi-

389 2652 556 2701 ritum
586 2653 840 2702 Sanctum
877 2653 1208 2719 cognovisse,
1248 2655 1456 2705 intelli-

389 2736 522 2786 gens
561 2722 859 2772 Dominum
899 2723 1032 2773 illud
1070 2724 1288 2774 revelari
1324 2725 1460 2775 velle

389 2792 624 2852 tandem,
655 2802 707 2842 et
735 2794 836 2843 hoc
860 2792 976 2858 ipsa
1000 2790 1215 2854 revelat,
1247 2796 1458 2845 Deum-

391 2878 498 2929 que
526 2863 848 2929 magnificat‚
887 2866 942 2915 id
980 2875 1078 2926 est,
1113 2882 1371 2932 magnum
1398 2868 1456 2917 in

391 2934 644 2999 operibus
690 2936 803 3000 ejus
861 2936 1039 2987 laudat
1079 2946 1131 2990 et
1188 2938 1454 3003 praedicat.

392 3006 514 3055 Non
543 3023 801 3073 magnum
828 3007 968 3069 facit,
993 3009 1121 3075 quia
1147 3009 1204 3059 in
1226 3026 1283 3060 se
1306 3026 1460 3076 gran-

392 3081 602 3131 descere
631 3099 740 3132 non
768 3093 957 3147 potest,
974 3095 1025 3133 et
1055 3100 1151 3135 nec
1174 3085 1460 3135 detrimen-

390 3161 527 3211 tum,
564 3168 660 3201 nec
688 3163 1038 3219 augmentum
1071 3155 1274 3221 recipit,
1302 3155 1456 3222 quasi

391 3222 532 3274 dicat
574 3224 740 3274 Maria
771 3242 784 3275 ι
812 3226 860 3275 Ο
905 3225 1210 3287 Elizabeth,
1262 3238 1319 3278 tu
1370 3245 1458 3288 me

392 3296 700 3361 magnificas
743 3298 809 3347 de
851 3298 1010 3349 bonis
1047 3314 1168 3364 quae
1203 3301 1353 3352 vides
1398 3302 1456 3351 in

392 3383 498 3426 me,
521 3368 614 3417 sed
631 3368 811 3417 anima
837 3384 952 3418 mea
974 3370 1209 3419 Domino
1230 3382 1283 3421 et
1306 3374 1458 3422 Crea-

391 3438 515 3499 tori,
536 3439 781 3489 videlicet
804 3439 917 3489 Deo
940 3440 1100 3500 Patri,
1117 3455 1181 3491 ex
1199 3457 1308 3508 quo
1329 3453 1458 3494 sunt

391 3511 604 3571 omnia,
653 3512 969 3571 attribuens,
1021 3512 1198 3577 ipsum
1246 3514 1303 3563 in
1351 3515 1456 3566 hoc

391 3582 594 3631 cantico
622 3581 983 3648 Magnifica,
1019 3592 1072 3633 ct
1095 3584 1209 3648 ejus
1237 3585 1455 3650 magni-

390 3650 659 3702 ficentiam
689 3653 954 3718 praedicat,
976 3669 1086 3703 non
1111 3663 1321 3704 tantum
1342 3655 1457 3705 lin-

390 3738 494 3787 gua
513 3724 709 3775 laudat.
1298 3786 1314 3796 ς

453 3810 486 3860 9
521 3796 831 3846 Equ‘rA‘rm
860 3810 1100 3846 sium-rus
1147 3796 1361 3847 Mirum.
1391 3826 1456 3834 —-

389 3865 467 3915 Et
492 3868 762 3922 exultavit
805 3866 1032 3932 spiritus
1066 3881 1214 3917 meus
1256 3868 1310 3917 in
1337 3868 1455 3919 Deo

390 3937 625 3989 salutari
652 3954 782 4003 meo,
809 3950 860 3991 et
892 3940 1160 3992 Salvatore
1191 3955 1330 4001 me0,
1356 3940 1454 3992 sci·

1562 432 1685 483 licet
1711 433 1767 482 in
1791 433 1948 492 Filio,
1964 450 2235 500 perquem
2258 447 2386 486 sunt
2420 439 2639 498 omnia,

1562 520 1657 571 per
1678 521 1841 571 quem
1864 508 2007 557 salus
2030 492 2233 557 mundo
2256 520 2552 574 reparatur.
2577 513 2642 562 In

1563 575 1664 626 hoc
1688 589 1867 627 autem
1883 578 2118 639 salutari,
2135 579 2286 645 virgo
2303 581 2438 631 bene
2465 582 2640 633 habet

1560 661 1774 696 causam
1842 648 2189 699 exultationis
2207 688 2219 708 ,
2276 651 2397 715 plus
2459 667 2637 718 quam

1562 734 1752 768 omnes
1793 730 2074 783 creaturae3
2121 721 2249 786 quia
2288 732 2541 786 parentes
2579 724 2644 773 in

1560 787 1687 838 filiis
1714 790 1887 839 solent
1908 791 2157 841 exultare.
2182 793 2246 842 Et
2272 792 2394 842 licet
2422 792 2541 859 ipse
2568 794 2645 845 sit

1562 863 1791 914 salutare
1806 865 2053 915 omnium
2076 866 2382 926 hominum,
2399 867 2643 933 singula-

1561 935 1691 986 riter
1714 946 1893 987 tamen
1908 936 2016 988 fuit
2024 940 2250 989 salutare
2263 939 2506 1004 Virginis
2523 956 2645 1005 prae

1562 1008 1770 1058 cunctis
1796 1008 2132 1069 hominibus,
2155 1019 2371 1075 propter
2397 1009 2644 1075 singula-

1563 1095 1647 1129 res
1678 1079 1921 1145 Virginis
1962 1082 2351 1147 praerogativaS.
2397 1083 2645 1147 Spiritus

1563 1150 1678 1216 ipse
1707 1161 1785 1200 est
1822 1151 2021 1212 anima,
2050 1151 2322 1202 interdum
2345 1164 2525 1203 tamen
2562 1169 2647 1203 ac-

1562 1221 1759 1286 cipitur
1788 1238 1884 1288 pro
1912 1223 2107 1273 animae
2131 1223 2551 1274 rationabilitate
2588 1237 2645 1276 et

1562 1293 1890 1344 excellentia.
1907 1293 2104 1343 Anima
2120 1310 2351 1360 namque
2375 1295 2641 1355 vivimuS,

1562 1365 1757 1430 spiritu
1777 1367 2136 1417 discernimus
2157 1377 2209 1417 et
2230 1367 2599 1433 intelligimus
2625 1387 2644 1420 ι

1564 1438 1707 1487 unde
1734 1438 2140 1502 comprehendit
2164 1455 2351 1488 omnes
2375 1440 2519 1490 vires
2532 1441 2644 1491 sub

1564 1508 1746 1558 anima
1762 1518 1813 1558 et
1826 1509 2039 1574 spiritu.
2064 1511 2175 1560 Sub
2200 1511 2381 1560 anima
2395 1526 2644 1575 compre-

1564 1578 1875 1630 henduntur
1899 1581 2039 1631 vires
2065 1580 2361 1641 inferiores,
2395 1581 2452 1630 in
2478 1596 2643 1630 com-

1564 1651 1838 1714 paratione
1879 1654 1944 1702 ad
1982 1669 2192 1718 corpus,
2231 1652 2465 1717 Spiritus
2507 1669 2642 1703 vero

1563 1720 1820 1786 importat
1847 1723 2090 1773 eamdem
2121 1722 2481 1773 substantiam
2519 1724 2639 1773 ani-

1564 1807 1663 1841 mae
1678 1793 1971 1844 secundum
1988 1793 2130 1843 vires
2158 1793 2481 1859 superioreS‚
2500 1794 2639 1860 qui-

1564 1863 1665 1913 bus
1685 1865 1890 1931 rapitur
1918 1881 2078 1932 supra
2105 1881 2161 1915 se
2188 1865 2472 1916 dulcedine
2497 1881 2641 1916 con-

1563 1936 1947 2001 templationis.
1992 1937 2159 1987 Maria
2202 1951 2327 2003 ergo
2360 1937 2546 1988 anima
2587 1950 2644 1990 et

1564 2006 1757 2073 spiritu
1782 2009 1894 2058 Deo
1916 2010 2122 2068 devota,
2149 2009 2214 2057 de
2243 2009 2502 2059 omnibus
2531 2009 2640 2060 be-

1565 2079 1769 2131 neficiis
1784 2080 1920 2131 circa
1932 2097 2049 2131 eam
2065 2080 2326 2131 divinitus
2352 2081 2638 2143 exhibitis,

1563 2167 1752 2201 omnes
1789 2151 1929 2202 vires
1965 2168 2108 2213 suas,
2145 2153 2201 2202 in
2230 2153 2523 2218 gratiarum
2559 2170 2625 2205 ac

1563 2222 1726 2282 tione,
1759 2234 1812 2273 et
1829 2223 1985 2274 laude
2008 2223 2104 2274 Dei
2133 2223 2399 2289 impendit
2430 2241 2443 2275 ε
2476 2225 2641 2290 quasi

1562 2293 2028 2354 dicat,secundum
2055 2296 2431 2346 Ambrosium:
2457 2297 2642 2347 Tanto

1564 2381 1786 2417 munere
1812 2382 1897 2417 me
1914 2368 2059 2418 Deus
2076 2368 2403 2429 sublimavit,
2429 2379 2490 2418 ut
2517 2372 2642 2420 nul-

1564 2440 1616 2488 lo
1652 2439 1848 2505 linguae
1891 2439 2067 2490 officio
2115 2441 2376 2507 explicare
2404 2442 2641 2506 possim,

1562 2511 1654 2561 sed
1677 2520 1849 2560 totum
1882 2511 2050 2561 animi
2080 2510 2352 2562 interioris
2385 2512 2640 2564 affectum

1563 2581 1619 2630 in
1635 2581 1856 2646 agendis
1872 2582 2160 2648 gratiarum
2178 2583 2426 2634 laudibus
2445 2584 2638 2647 offero,

1562 2661 1736 2702 totum
1766 2653 1912 2717 quod
1936 2652 2075 2713 vim,
2108 2654 2252 2718 quod
2274 2654 2467 2716 senti0,
2486 2658 2639 2721 quod

1563 2722 1807 2773 discerno
1855 2721 1912 2771 in
1960 2723 2074 2787 ejus
2112 2724 2386 2789 praeceptis
2440 2726 2640 2776 obser-

1564 2794 1752 2844 vandis
1782 2794 2055 2860 impendo.
2106 2795 2409 2862 Magnificat
2451 2808 2640 2849 autem

1564 2876 1617 2917 et
1640 2866 1729 2917 ille
1754 2867 2050 2917 Dominum
2069 2906 2085 2927 ,
2126 2868 2183 2917 in
2213 2869 2363 2933 cujus
2393 2869 2642 2922 bonitate
2678 2930 2684 2934 .

1565 2938 1936 3004 magnificatur
1973 2949 2024 2988 et
2065 2940 2311 2989 laudatur
2341 2940 2642 2994 Dominus·

1565 3010 1651 3059 Sic
1684 3009 1830 3060 enim
1862 3010 1917 3059 in
1942 3010 2221 3074 discipulis
2260 3010 2521 3075 magistri,
2558 3012 2642 3063 sic

1566 3081 1623 3129 in
1667 3082 1920 3146 operibus
1972 3081 2086 3131 suis
2144 3080 2371 3131 artifices
2427 3082 2640 3148 singuli

1564 3153 1846 3202 laudantur
1876 3161 1929 3202 et
1962 3151 2390 3219 magnificantur.
2413 3153 2640 3219 Magni-

1564 3221 1749 3272 ficatur
1790 3237 1915 3287 ergo
1963 3223 2107 3274 Deus
2152 3223 2210 3273 in
2255 3223 2443 3281 nobiS‚
2500 3225 2640 3276 dum

1562 3293 1744 3342 anima
1791 3304 1992 3355 nostra,
2042 3310 2164 3360 quae,
2218 3296 2283 3345 ad
2336 3296 2641 3362 imaginem

1563 3366 1659 3416 Dei
1690 3364 1823 3416 facta
1856 3376 1956 3427 est,
1989 3383 2083 3432 per
2121 3368 2381 3432 justitiam
2411 3370 2641 3421 Christo

1564 3452 1621 3486 se
1650 3436 1965 3498 conformat,
1991 3438 2085 3503 qui
2112 3450 2192 3489 est
2215 3439 2393 3506 imago
2426 3441 2635 3505 Patris;

1563 3510 1694 3559 dum
1748 3508 1925 3575 imago
1964 3511 2083 3571 Dei,
2124 3526 2243 3577 quae
2276 3523 2356 3562 est
2400 3512 2456 3561 in
2496 3512 2640 3578 ipsa,

1565 3580 1952 3646 magnificatur,
1990 3580 2044 3631 id
2088 3592 2184 3643 est,
2217 3583 2479 3633 virtutum
2510 3598 2643 3634 ma·-

1561 3653 1877 3717 gnitudine,
1934 3669 2128 3718 magna
2187 3654 2444 3716 efficitur3
2498 3654 2640 3708 dum

1561 3724 1857 3774 secundum
1888 3736 2146 3791 praecepta
2168 3724 2351 3775 divina
2373 3723 2644 3788 vivimuS,

1560 3795 1693 3846 dum
1744 3797 1902 3847 bonis
1948 3798 2201 3866 operibus
2252 3799 2512 3848 lucemus·
2568 3799 2641 3849 Et

1564 3866 1682 3917 ideo
1725 3868 1800 3917 ait
1849 3869 2181 3934 Apostolus:
2209 3868 2531 3933 Glorzficate
2583 3873 2644 3920 et

1552 3944 1773 4003 portate
1817 3939 1991 3991 Deum
2036 3939 2092 3994 in
2146 3953 2372 4006 corpore
2431 3947 2651 4002 vestro„

1909 4103 1930 4116 r?
