2784 4452
815 223 911 275 DE
939 224 1283 278 SERMONE
1311 223 1570 276 DOMINI
1602 226 1675 277 IN
1707 228 1978 279 MONTE.

2404 225 2509 290 307

271 341 398 392 licet
427 340 734 406 indignum,
768 355 893 390 cum
924 339 1207 406 discipulis
1247 340 1356 390 tuis
1394 340 1701 402 admittens,
1729 343 1964 393 totaliter
1991 357 2021 393 a
2047 342 2313 394 desiderio
2341 351 2511 395 terte·

269 428 472 465 norum
495 414 655 473 levet»,
686 422 735 463 et
761 422 998 463 mentem
1028 412 1257 464 omnino
1287 413 1357 463 ad
1395 414 1629 465 coelestia
1654 414 1958 474 transferaS,
2004 425 2064 465 ut
2098 414 2312 466 audiam
2337 424 2393 468 et
2422 414 2513 467 in-

269 486 513 552 telligam
538 485 698 539 verba
725 495 834 545 tua,
864 495 917 535 et
944 499 1107 550 opere
1134 485 1433 551 compleam
1456 485 1727 539 universa.
1760 487 1955 538 Amen.

1039 863 1378 936 CAPUT
1423 863 1741 934 XXXIII

428 1116 533 1182 De
571 1136 886 1183 sermone
933 1113 1227 1186 Domini
1264 1114 1339 1183 in
1385 1125 1616 1185 monte
1672 1139 1699 1182 .-
1744 1113 2013 1205 primo,
2064 1114 2149 1182 de
2197 1123 2352 1183 octo

1083 1227 1686 1300 Beatitudz‘nibus.

1106 1478 1401 1546 Manhaei
1427 1500 1566 1563 cap.
1604 1485 1661 1544 5.

335 1732 354 1767 1
394 1716 793 1768 Sanno-Deum
818 1731 872 1766 m
895 1729 1091 1768 nom-t.
1113 1745 1177 1756 --
1199 1716 1335 1769 Post

261 1788 380 1839 haec
405 1787 673 1838 Dominus
698 1788 851 1838 Jesus
879 1787 1003 1838 fecit
1029 1804 1335 1840 sermonem

260 1859 691 1925 pulcherrimum
732 1869 785 1910 et
810 1859 1115 1925 copiosum,
1149 1876 1335 1927 quem,

261 1943 326 1983 ut
372 1932 503 1983 dicit
553 1933 922 1999 Augustinus,
976 1934 1023 1984 si
1071 1934 1196 2001 quis
1250 1934 1337 2001 pie

260 2002 549 2069 sobrieque
602 2002 1020 2054 consideraverit
1035 2042 1049 2065 ,
1101 2004 1339 2055 inveniet

261 2072 318 2123 in
358 2088 442 2134 e0,
481 2069 746 2139 quantum
791 2075 856 2123 ad
895 2089 1074 2124 mores
1103 2075 1339 2141 optimos

254 2142 505 2208 pertinet,
536 2143 829 2209 perfectum
857 2144 980 2194 vitae
1013 2144 1338 2195 Christianae

260 2215 506 2278 modum,
556 2225 608 2267 et
633 2216 801 2267 istum
819 2233 1127 2267 sermonem
1153 2216 1340 2267 omni-

259 2287 365 2337 bus
413 2288 721 2354 praeceptiS,
772 2289 976 2355 quibus
1027 2288 1338 2340 Christiana

257 2358 369 2408 vita
431 2359 781 2420 informatur,
847 2375 965 2411 esse
1022 2359 1335 2426 perfectum.

262 2431 420 2481 Hunc
439 2447 743 2482 sermonem
773 2433 1058 2483 Matthaeus
1086 2443 1138 2483 et
1166 2433 1337 2483 Lucas

256 2504 406 2554 varie
446 2515 680 2564 narrant,
708 2514 762 2555 et
790 2505 861 2555 ob
892 2505 965 2567 id,
995 2504 1218 2571 quidam
1243 2504 1337 2554 di-

255 2587 393 2628 cunt
417 2578 714 2628 Dominum
749 2578 901 2645 prius
930 2594 1240 2629 sermonem
1266 2577 1339 2629 fe·

250 2647 393 2698 cisse
420 2648 699 2713 discipulis
727 2659 935 2699 tantum
960 2649 1017 2700 in
1042 2649 1336 2715 supercilio

258 2718 465 2769 montis
490 2719 745 2779 sedend0,
773 2735 867 2785 per
894 2720 1118 2770 modum
1146 2719 1336 2770 docto-

259 2789 366 2853 ris,
414 2799 469 2839 et
511 2790 659 2840 hunc
705 2801 881 2841 narrat
922 2791 1238 2854 Matthaeus3
1285 2800 1338 2840 et

255 2869 382 2925 post
421 2859 477 2910 in
521 2861 683 2912 latere
723 2861 928 2911 montis
976 2861 1339 2911 communiter

255 2929 433 2981 turbis
468 2941 522 2981 et
567 2931 849 2997 discipulis
891 2931 1058 2981 alium
1099 2932 1336 2982 similem

258 3003 469 3062 stand0‚
502 3018 595 3068 per
623 3004 846 3054 modurn
872 3003 1255 3068 praedicatoris,
1284 3013 1337 3054 et

256 3076 407 3126 hunc
434 3086 611 3126 narrat
635 3078 824 3126 Lucas,
858 3075 966 3126 Alii
996 3091 1123 3126 vero
1150 3075 1337 3126 dicunt

255 3145 555 3196 Dominum
590 3147 766 3213 primo
823 3146 1028 3197 sedisse
1076 3160 1201 3196 curn
1243 3146 1336 3195 di-

251 3216 480 3282 scipulis
507 3216 563 3266 in
581 3217 870 3283 supercilio
895 3217 1116 3278 montis,
1145 3227 1201 3267 et
1224 3218 1337 3267 ele-

254 3287 360 3338 ctis
419 3303 524 3347 xu,
572 3288 915 3339 descendisse
968 3289 1034 3338 ad
1093 3288 1334 3355 aliquam

255 3357 540 3424 planitiem
568 3357 626 3408 in
657 3360 819 3410 latere
847 3359 1049 3410 montis
1066 3360 1334 3426 ejusdem3

258 3438 312 3480 et
342 3428 420 3480 ibi
449 3446 624 3480 unum
662 3445 970 3481 sermonem
1007 3431 1174 3481 simul
1211 3446 1335 3482 cum

257 3500 434 3550 turbis
471 3510 545 3551 et·
565 3501 845 3567 discipulis
872 3501 1143 3562 habuisse,
1171 3517 1337 3569 quem

256 3580 485 3638 uterque
510 3572 855 3638 Evangelista
896 3583 1074 3624 narrat
1103 3572 1336 3624 diversi-

257 3643 436 3704 mode,
498 3643 682 3694 eadem
731 3653 912 3694 tamen
970 3644 1047 3694 rei
1100 3643 1334 3701 veritate.

251 3713 360 3763 Sed
403 3713 641 3780 primurn
685 3715 1095 3766 convenientius
1126 3725 1338 3766 tenetur

253 3792 313 3834 et
333 3783 544 3836 veritati
578 3785 752 3852 magis
774 3786 1070 3836 consentire
1105 3786 1334 3837 videtur.

257 3855 333 3908 Et
371 3871 436 3908 ex
486 3857 591 3909 hoc
632 3858 855 3911 inolevit
899 3858 1229 3911 consuetudo
1276 3858 1335 3910 in

1448 1720 1707 1783 Ecclesia,
1753 1725 1900 1791 quod
1965 1726 2181 1793 quando
2230 1724 2292 1776 fit
2339 1739 2519 1776 sermo

1444 1791 1621 1842 turbis
1645 1802 1699 1843 et
1724 1795 2072 1858 secularibus,
2109 1805 2216 1847 stat
2259 1796 2520 1862 praedica—

1446 1870 1548 1921 tor,
1568 1873 1631 1913 ut
1659 1863 1890 1915 invitans
1913 1867 1979 1915 ad
2005 1882 2240 1932 pugnam
2256 1877 2307 1916 et
2327 1881 2520 1932 opera·-

1443 1932 1675 1997 tlonem3
1700 1936 1917 2000 quando
1934 1936 2140 1986 clericis
2159 1945 2211 1985 et
2233 1936 2519 2002 religiosis,

1447 2005 1623 2065 sedet,
1678 2015 1740 2056 ut
1784 2006 2021 2056 invitans
2066 2007 2131 2057 ad
2181 2006 2422 2073 quietem
2469 2018 2522 2059 et

1447 2076 1969 2141 contemplationem.

1511 2160 1542 2193 2
1577 2146 1970 2198 errrunmss
2014 2162 2149 2197 oct-o
2196 2159 2522 2205 nmmum

1446 2234 1577 2269 xrsrs
1644 2235 1870 2271 annm.
1908 2248 1969 2258 —
2028 2219 2291 2287 Proponit
2338 2230 2520 2273 autem

1446 2292 1716 2345 Dominus
1742 2293 1896 2343 Jesus
1926 2292 1981 2342 in
2010 2292 2275 2358 principio
2303 2293 2388 2342 sui
2417 2307 2526 2344 ser-

1430 2361 1629 2411 ‚monis
1646 2371 1770 2412 octo
1786 2362 2143 2412 beatitudines
2166 2377 2260 2412 seu
2275 2364 2522 2425 virtutes,

1448 2443 1500 2483 et
1538 2433 1806 2483 subnectit
1837 2434 2056 2499 praemia
2085 2433 2318 2499 singulis
2346 2433 2524 2485 beati-

1446 2503 1730 2555 tudinibus
1754 2519 1851 2553 seu
1877 2503 2170 2554 virtutibus
2201 2519 2524 2570 correspon-

1444 2574 1646 2625 dentia.
1675 2574 1831 2625 Unde
1850 2575 2070 2640 ponitur
2097 2574 2174 2624 ibi
2196 2574 2401 2641 aliquid
2430 2589 2526 2641 per

1446 2647 1673 2698 modum
1698 2646 1877 2699 meriti
1909 2664 1923 2697 ι
1954 2656 2101 2713 puta,
2138 2647 2296 2706 beati,
2323 2658 2445 2708 etc.,
2470 2657 2525 2699 et

1445 2717 1629 2783 aliqua
1672 2732 1769 2783 per
1817 2717 2043 2767 modum
2087 2717 2293 2783 praemii
2331 2727 2524 2783 :puta,

1446 2788 1711 2854 quoniam,
1738 2797 1835 2838 etc.
1865 2787 2107 2837 Primum
2129 2787 2273 2837 enim
2295 2787 2527 2853 pertinet

1446 2859 1513 2908 ad
1543 2858 1929 2908 beatitudinem
1972 2857 2180 2921 meriti3
2225 2858 2525 2909 secundum

1445 2935 1572 2981 vero
1612 2930 1678 2980 ad
1727 2930 2116 2980 beatitudinem
2151 2930 2381 2996 praemii.
2418 2931 2525 2981 Sed

1446 3000 1542 3067 qui
1586 3001 1850 3051 desiderat
1892 3001 2147 3067 consequi
2203 3001 2523 3067 praemium‚

1447 3072 1659 3123 studeat
1673 3072 1850 3137 primo
1869 3072 2065 3123 habere
2080 3074 2352 3124 meritum.
2368 3072 2527 3124 Unde

1445 3145 1788 3210 Augustinus
1811 3162 1828 3194 .·
1861 3165 1884 3191 α
1914 3145 2085 3200 Nemo
2127 3146 2327 3212 quippe
2369 3145 2526 3196 inve-

1450 3214 1557 3265 niri
1609 3224 1802 3280 potest,
1848 3216 1944 3282 qui
1994 3217 2180 3267 beatus
2223 3231 2342 3266 esse
2364 3214 2522 3266 nolit.

1446 3286 1549 3337 Sed
1574 3302 1608 3336 o
1639 3287 1686 3337 si
1716 3287 1968 3339 homines
1993 3288 2271 3354 quomodo
2307 3286 2526 3338 deside·-

1447 3367 1568 3408 rant
1608 3359 1928 3419 mercedem,
1979 3360 2056 3410 sic
2085 3373 2222 3424 opus
2266 3357 2528 3410 mercedis

1446 3443 1557 3477 non
1586 3429 1918 3480 recusarent!
1967 3429 2103 3490 Quis
2147 3443 2257 3479 non
2287 3428 2528 3480 alacriter

1446 3510 1642 3562 currat,
1674 3516 1798 3552 cum
1837 3503 1888 3553 ei
1929 3501 2127 3552 dicitur
2163 3501 2351 3552 beatus
2378 3499 2529 3551 eris?

1449 3572 1707 3623 Libenter
1748 3573 1959 3631 audiat,
1997 3581 2050 3621 et
2093 3588 2216 3622 cum
2254 3570 2452 3622 dicitur
2474 3570 2525 3621 si

1448 3641 1566 3693 haec
1582 3641 1770 3692 feceris
1784 3642 1804 3691 ?
1820 3642 1941 3691 Non
1957 3651 2225 3691 recusetur
2243 3650 2526 3704 certamen,

1445 3714 1493 3764 si
1522 3713 1767 3780 diligitur
1792 3713 2109 3780 praemium3
2144 3724 2197 3764 et
2215 3713 2530 3765 accendatur

1446 3787 1665 3838 animus
1689 3787 1756 3836 ad
1791 3787 2117 3837 alacritatem
2147 3787 2342 3853 operis,
2364 3801 2526 3838 com·

1448 3857 1794 3910 mendatione
1822 3857 2084 3910 mercedis
2105 3874 2119 3910 :
2140 3876 2168 3907 »
2190 3858 2303 3911 haec
2339 3861 2527 3925 Augu·
