2784 4452
722 393 816 459 DE
844 407 1181 460 sERMONE
1211 408 1467 460 nomm
1500 407 1572 458 m
1608 407 1880 459 MONTE.

191 527 303 586 eis,
371 525 467 592 qui
528 523 654 575 talia
715 531 1155 591 contempserunt
1206 520 1265 573 in

194 598 370 651 terris.

254 685 291 734 4
322 670 566 718 Saeuum
596 682 896 718 nmrrruno
933 681 1268 717 :inausum-u·

194 755 281 791 no.
315 767 377 777 —
413 736 621 788 Deinde
673 737 918 803 sequitur
971 738 1204 788 secunda
1250 753 1264 787 ε

194 809 353 861 Beati
392 808 563 870 miteS,
587 807 838 872 quoniam
879 808 986 875 ipsi
1010 808 1268 874 posside-

196 881 321 930 bunt
349 885 567 929 terram.
593 877 723 928 Post
763 887 1130 944 paupertatem
1179 893 1269 929 se·-

194 949 381 1015 quitur
442 946 646 997 mititas
676 964 690 997 ι
720 948 814 1014 qui
864 948 1012 998 enim
1068 963 1270 1014 pauper

189 1029 275 1071 est
329 1018 516 1069 multis
568 1018 843 1068 lacessitur
900 1018 1116 1084 injuriis
1136 1056 1150 1079 ,
1218 1028 1270 1069 et

191 1092 314 1143 ideo
345 1090 707 1142 necessarium
726 1100 806 1142 est
823 1092 970 1157 quod
998 1090 1070 1142 sit
1097 1090 1267 1152 mitis,

192 1165 277 1215 vel
317 1172 668 1214 mansuetus:
693 1163 838 1229 quod
881 1161 1025 1213 idem
1062 1172 1144 1213 est
1178 1177 1268 1213 se·-

190 1237 431 1289 cundum
460 1252 594 1303 rem,
623 1235 715 1286 sed
742 1236 999 1287 differunt
1029 1235 1268 1287 nomine.

193 1309 342 1360 Mitis
369 1308 516 1359 enim
554 1318 656 1369 est,
685 1307 781 1374 qui
822 1308 992 1358 alium
1029 1324 1141 1358 non
1178 1308 1268 1358 of-

190 1380 396 1445 fendit;
433 1388 765 1438 mansuetus,
791 1378 887 1445 qui
912 1393 970 1429 se
995 1379 1269 1430 offenden-

190 1464 271 1503 tes
298 1452 504 1502 tolerat.
537 1450 693 1501 Unde
712 1460 1025 1501 mansuetus
1049 1450 1266 1515 dicitur,

189 1521 348 1589 quasi
390 1535 550 1571 manu
578 1526 845 1583 assuetuS,
889 1520 975 1571 cui
1005 1519 1158 1571 facile
1185 1531 1267 1571 est

189 1590 484 1652 sustinere,
553 1606 664 1640 non
719 1591 923 1640 malum
972 1606 1069 1656 pro
1124 1591 1266 1642 malo

191 1665 442 1729 reddere3
485 1662 633 1714 mitis
660 1677 804 1723 vero,
847 1662 943 1728 qui
972 1663 1119 1713 nulla
1142 1663 1266 1714 ani-

193 1738 272 1789 mi
308 1736 623 1788 accensione
652 1737 916 1797 turbatur,
946 1738 1038 1787 sed
1073 1736 1268 1802 jugiter

195 1808 255 1859 in
318 1806 486 1857 animi
546 1806 785 1857 bonitate
832 1817 1149 1872 perseverat.
1202 1807 1268 1857 Et

192 1878 489 1929 secundum
541 1877 674 1937 hoc,
711 1925 718 1932 ,
749 1876 900 1927 mitis
966 1876 1162 1927 dicitur
1209 1876 1266 1927 in

191 1948 416 2011 affectu3
448 1955 759 1997 mansuetus
788 1946 845 1996 in
868 1947 1080 1998 effectu.
1109 1946 1268 1998 Mites

193 2034 321 2085 ergo
366 2019 663 2068 secundum
711 2032 826 2067 rem
856 2027 981 2067 sunt
1019 2016 1268 2067 homines

195 2088 484 2151 mansueti,
546 2087 774 2138 modesti
811 2097 865 2137 et
908 2087 1165 2147 humileS,
1209 2087 1267 2137 in

198 2157 305 2209 fide
352 2157 631 2223 simplices
682 2166 734 2208 et
775 2157 841 2207 ad
872 2171 1090 2206 omnem
1121 2155 1270 2221 inju-

193 2231 330 2282 riam
367 2232 658 2297 patientes,
707 2229 803 2296 qui
832 2230 1038 2280 nullam
1067 2228 1270 2280 amari-

192 2305 436 2355 tudinem
495 2303 665 2354 animi
715 2302 986 2366 sentiunt,
1040 2309 1092 2352 et
1145 2317 1287 2352 cum.

191 2374 386 2425 irritati
422 2372 644 2437 fuerint,
692 2388 789 2423 nec
824 2372 1062 2438 cogitant
1100 2371 1271 2423 facere

191 2445 398 2494 malum
416 2481 430 2503 ,
462 2458 559 2493 nec
586 2441 803 2502 faciunt,
833 2441 1028 2492 cedunt
1059 2441 1270 2508 impro-

190 2514 449 2565 bitatibus
481 2524 533 2564 et
566 2528 676 2563 non
700 2512 958 2563 resistunt
979 2512 1151 2575 ma103
1180 2513 1271 2564 sed

187 2587 412 2637 vincunt
446 2586 651 2636 malum
689 2585 747 2635 in
791 2585 960 2635 bono·
1004 2585 1070 2635 Et
1098 2600 1219 2636 vere
1251 2601 1266 2635 t

191 2657 353 2708 Beati
382 2657 551 2719 mite-³,
588 2655 835 2722 quoniam
884 2655 991 2721 ipsi
1014 2655 1270 2722 posside-

191 2731 318 2780 bunt
347 2735 546 2780 terram
585 2745 602 2779 .·
633 2729 836 2779 scilicet
863 2729 1137 2794 duplicem
1157 2766 1171 2789 ,
1215 2727 1270 2778 id

191 2813 291 2863 est,
321 2802 563 2868 corporis
589 2802 812 2868 proprii,
844 2817 1009 2868 quam
1043 2812 1270 2870 gerunt,

189 2884 243 2925 et
270 2873 522 2940 paradisi,
543 2890 708 2940 quam
731 2885 999 2940 quaerunt.
1026 2876 1270 2929 Terram,

192 2945 413 3012 inquam
434 2983 448 3004 ,
512 2944 756 3011 corporis
823 2944 1028 3011 proprii
1080 2961 1095 2996 ε
1142 2945 1271 3011 quia

190 3019 356 3069 mites
384 3017 587 3068 habent
612 3017 918 3068 dominium
945 3017 1051 3077 sui,
1077 3027 1129 3068 et
1158 3034 1268 3068 non

189 3088 454 3150 iracundi,
496 3089 624 3156 quia
662 3105 774 3139 non
816 3089 1111 3154 subjiciunt
1138 3104 1268 3139 sen-

190 3162 492 3213 sualitatem
577 3161 793 3213 rationi.
871 3163 1002 3213 Item
1069 3171 1266 3213 terram

190 3231 425 3298 paradisi
472 3249 487 3282 2
537 3231 697 3282 mites
759 3231 908 3282 enim
980 3231 1159 3298 quiete
1217 3241 1269 3282 et

187 3301 405 3368 pacifice
444 3301 683 3368 possidet
724 3302 993 3352 Dominus
1040 3301 1096 3351 in
1127 3310 1268 3352 terra

186 3371 560 3436 morientium,
603 3382 655 3422 et
683 3371 804 3422 ideo
839 3373 955 3438 lege
990 3371 1266 3423 vicissitu-

183 3441 334 3493 dinis
379 3441 539 3492 mites
580 3442 934 3508 possidebunt
966 3442 1264 3493 Dominum

185 3512 245 3564 in
286 3522 426 3563 terra
469 3512 789 3564 viventium.
836 3514 920 3574 Et,
962 3514 1264 3564 secundum

183 3583 457 3645 Glossam,
491 3582 750 3649 quoniam
789 3583 1002 3648 seipsos
1033 3582 1090 3633 in
1121 3598 1265 3648 prae-

179 3652 322 3704 senti
368 3653 665 3718 possident,
695 3653 1048 3705 hereditatem
1094 3654 1265 3705 Patris

181 3725 242 3777 in
281 3723 465 3775 futuro
503 3725 872 3790 possidebunt.
911 3725 1015 3776 Ubi
1063 3732 1263 3791 Augu-

179 3795 358 3846 stinus
388 3812 406 3845 .·
437 3813 465 3841 α
485 3795 641 3846 Tunc
665 3809 788 3846 vere
826 3794 1127 3861 possidebis
1152 3806 1264 3846 ter-

182 3882 319 3927 ram,
346 3867 560 3932 quando
584 3865 868 3919 inhaeseris
911 3866 979 3928 ei,
1012 3866 1108 3934 qui
1137 3866 1264 3918 fecit

183 3938 380 3988 coelum
428 3948 481 3989 et
528 3948 743 3990 terram.
810 3938 924 3990 Hoc
973 3951 1053 3989 est
1112 3938 1261 3989 enim

185 4022 304 4060 esse
332 4009 541 4071 mitem,
573 4024 685 4059 non
713 4007 957 4061 resistere
994 4009 1106 4065 Deo
1134 4017 1257 4072 tuo;

2333 403 2442 473 309

1373 534 1434 575 ut
1475 523 1533 574 in
1572 537 1636 574 eo
1667 522 1814 589 quod
1841 522 1978 572 bene
2006 519 2151 581 facis,
2192 519 2308 587 ipse
2344 516 2447 573 tib¹

1373 596 1593 661 placeat,
1647 610 1757 644 non
1798 602 1858 644 tu
1908 591 2026 643 tibi.
2071 593 2130 641 In
2172 606 2236 642 eo
2266 603 2447 644 autem

1372 666 1519 734 quod
1571 665 1711 716 mala
1752 665 1889 730 juste
1935 663 2149 730 pateris,
2202 662 2319 729 ipse
2345 663 2445 714 tibi

1375 751 1486 787 non
1547 734 1841 801 displiceat,
1889 734 1982 784 sed
2010 743 2068 783 tu
2100 732 2223 783 tibi.
2259 733 2475 802 Neque·

1374 808 1523 860 enim
1551 823 1741 874 parum
1788 816 1886 868 est,
1937 805 2067 872 quia
2109 804 2342 871 placebis
2374 790 2445 868 εἲ,

1374 880 1664 946 displicens
1715 878 1848 942 tibi;
1904 875 2215 942 displicebis
2264 886 2446 927 autem

1375 954 1445 1015 ei,
1486 954 1699 1018 placens
1727 951 1825 1002 tibi
1848 967 1862 1001 z
1890 969 1917 998 i,
1947 950 2061 1000 haec
2085 949 2444 1014 Augustinus,

1374 1025 1643 1076 Rixentur
1666 1040 1792 1090 ergo
1827 1022 2085 1081 immites,
2108 1031 2160 1071 et
2188 1021 2448 1073 dimicent

1376 1112 1474 1163 pro
1504 1094 1731 1147 terrenis
1757 1104 1811 1145 et
1838 1092 2228 1159 temporalibus
2255 1091 2446 1156 rebus;

1377 1168 1518 1217 beati
1565 1176 1745 1217 autem
1811 1165 1982 1227 mites,
2035 1163 2285 1230 quoniam
2340 1163 2450 1228 ipsi
2457 1200 2460 1205 .

1373 1237 1668 1288 hereditate
1702 1251 1762 1287 ac
1792 1234 2147 1285 immobiliter
2188 1241 2239 1283 et
2276 1233 2448 1284 solide

1366 1309 1718 1376 possidebunt
1742 1313 1944 1359 terram
1979 1316 2189 1357 aeternae
2212 1304 2448 1358 beatitu-

1372 1381 1538 1433 dinis.
1565 1381 1647 1430 Ad
1673 1380 1776 1429 hoc
1795 1379 1944 1429 enim
1973 1377 2222 1428 homines
2246 1375 2449 1428 feroces

1373 1460 1594 1502 movent
1648 1449 1788 1500 bella
1860 1458 1914 1499 et
1984 1448 2106 1498 lites
2159 1457 2448 1514 sequentes

1373 1532 1556 1572 motus
1598 1519 1912 1584 irascibiles,
1964 1529 2027 1569 ut
2076 1518 2229 1585 quasi
2272 1516 2446 1569 securi

1372 1592 1683 1659 possideant
1699 1599 1914 1651 terram,
1945 1589 2165 1640 devictis
2186 1586 2446 1648 inimicis,

1370 1676 1424 1716 et
1447 1665 1567 1715 ideo
1608 1662 1718 1714 illis
1750 1662 1844 1729 qui
1869 1672 1998 1713 sunt
2022 1662 2255 1713 totaliter
2287 1659 2448 1727 quie-

1369 1736 1465 1787 tati
1512 1751 1544 1786 a
1599 1734 1840 1785 motibus
1889 1733 2268 1792 irascibilibus,
2314 1732 2449 1783 bene

1372 1805 1706 1873 promittitur
1744 1804 2013 1870 possessio
2052 1803 2267 1870 pacifica
2296 1812 2448 1854 terrae

1369 1878 1686 1937 viventium,
1737 1878 1805 1928 de
1843 1892 1952 1944 qua
2002 1877 2128 1942 pelli
2166 1892 2272 1926 non
2316 1889 2449 1940 pos-

1372 1959 1502 2000 sunt
1528 1949 1596 1999 ab
1626 1947 1962 1999 adversariis.
1994 1946 2272 2013 Significat
2296 1946 2445 1997 enim

1371 2032 1530 2080 terra,
1549 2020 1846 2070 secundum
1866 2019 2252 2084 Augustinum,
2267 2032 2452 2084 quam—

1372 2091 1498 2140 dam
1584 2088 1911 2140 soliditatem
1985 2097 2037 2137 et
2101 2087 2451 2138 stabilitatem

1374 2160 1688 2213 hereditatis
1745 2168 2043 2228 perpetuae,
2097 2160 2191 2210 ubi
2246 2158 2448 2220 anima,

1376 2253 1471 2303 per
1517 2237 1723 2287 bonum
1768 2234 2045 2294 affectum,
2090 2244 2348 2300 tanquam
2391 2233 2451 2284 in

1374 2308 1492 2357 loco
1518 2321 1618 2356 suo
1649 2304 1965 2371 requiescit,
2005 2304 2145 2355 sicut
2166 2319 2359 2370 corpus
2388 2304 2450 2356 in

1374 2389 1534 2441 terra,
1564 2386 1617 2427 et
1663 2376 1786 2426 inde
1815 2375 1936 2426 cibo
1976 2391 2076 2426 suo
2117 2375 2279 2426 alitur
2312 2374 2453 2426 sicut

1373 2464 1569 2514 corpus
1607 2461 1639 2498 a
1668 2451 1834 2511 jterra.
1876 2448 1993 2512 Ipsa
2033 2458 2114 2497 est
2148 2446 2364 2513 requies
2400 2457 2455 2497 et

1374 2520 1486 2570 vita
1530 2520 1867 2569 Sanctorum.
1914 2518 1970 2568 Si
2014 2533 2172 2584 (ξι-30,
2220 2528 2281 2568 ut
2321 2516 2475 2569 dicit

1377 2590 1547 2653 Beda,
1574 2589 1834 2640 coelorum
1854 2604 2079 2657 regnum
2103 2589 2448 2656 pauperibuS,

1376 2674 1429 2714 et
1474 2673 1614 2714 terra
1657 2661 1880 2712 mitibus
1911 2662 2262 2728 promittitur,
2318 2662 2451 2729 quid

1377 2735 1625 2802 superbis
1654 2744 1707 2785 et
1743 2734 2115 2796 contentiosis,
2140 2735 2246 2786 nisi
2279 2734 2452 2787 infer-

1379 2825 1500 2869 nus,
1547 2807 1927 2874 relinquetur?

1444 2878 1471 2929 5
1508 2878 1717 2928 TER-rm
1759 2892 2061 2928 nean-runo
2088 2895 2102 2928 ε
2133 2895 2340 2931 Luc-rus
2382 2895 2452 2931 m·

1375 2964 1647 3000 Limonum.
1673 2977 1733 2986 —
1753 2948 1957 2998 Deinde
1977 2948 2225 3013 sequitur
2250 2949 2405 3001 tertia
2433 2967 2448 3000 τ

1376 3019 1537 3069 Beati
1564 3019 1655 3085 qui
1683 3019 1885 3084 lugent,
1912 3020 2159 3086 quoniam
2191 3020 2299 3087 ipsi
2319 3035 2454 3071 con-

1374 3090 1707 3141 solabuntur.
1770 3090 1894 3140 Haec
1956 3092 2110 3142 tertia
2178 3091 2450 3142 beatitudo

1374 3170 1514 3210 recte
1536 3159 1765 3227 primam
1791 3148 2035 3226 sequitur
2055 3173 2107 3212 et
2126 3163 2412 3212 secundam
2435 3179 2452 3227 ;

1372 3240 1495 3299 post
1537 3240 1905 3296 contemptum
1964 3249 2197 3299 namque
2259 3232 2467 3283 mundi*

1372 3317 1467 3369 per
1490 3309 1870 3367 paupertatem,
1890 3313 2009 3367 post
2028 3303 2265 3369 quietem
2292 3315 2467 3351 men-⁷

1372 3373 1445 3423 tis
1469 3410 1483 3433 ,
1552 3387 1647 3438 per
1709 3373 2207 3434 mansuetudinem,
2258 3386 2453 3424 vacans

1372 3445 1541 3495 homo
1598 3442 1741 3503 sibi,
1783 3454 1836 3494 et
1878 3444 2222 3495 considerans
2250 3453 2451 3495 statum

1371 3531 1556 3575 suum,
1587 3514 1729 3565 nihil
1771 3515 1996 3576 invenit,
2024 3530 2121 3564 nec
2160 3513 2217 3565 in
2247 3530 2324 3576 se,
2355 3529 2450 3566 nec

1371 3589 1426 3638 in
1454 3586 1595 3647 aliis,
1620 3586 1726 3636 nisi
1756 3589 2033 3638 materiam
2063 3587 2239 3637 luctus
2276 3597 2330 3638 et
2349 3586 2453 3639 fle-

1371 3657 1557 3718 bilem,
1577 3668 1629 3708 et
1651 3657 1771 3708 ideo
1796 3657 1986 3722 incipit
2007 3659 2207 3724 lugere.
2234 3658 2327 3708 Est
2351 3673 2452 3708 au-

1369 3737 1478 3777 tem
1522 3727 1824 3793 lugendum
1854 3743 1960 3776 non
1995 3738 2210 3793 propter
2237 3738 2454 3793 tempo-

1371 3797 1503 3848 ralia
1531 3798 1751 3859 damna,
1780 3796 1872 3847 sed
1910 3808 2125 3862 propter
2155 3796 2455 3863 spiritualia

1370 3866 1714 3917 detrimenta.
1747 3867 1814 3917 Et
1836 3882 1958 3918 vere
1982 3868 2122 3918 beati
2139 3868 2230 3934 qui
2248 3869 2450 3935 lugent,

1368 3936 1629 4004 quoniam
1645 3937 1789 3987 Deus
1809 3939 2234 3989 eosconsolando
2249 3952 2451 3990 omnem

1369 4010 1673 4074 lacrymam
1685 4006 1754 4057 ab
1766 4010 1935 4061 oculis
1954 4024 2135 4060 eorum
2157 4010 2448 4076 absterget.
