2784 4452
636 289 1045 340 PROOEMIUM
1077 290 1149 340 IN
1188 288 1417 340 VITAM
1451 286 1622 340 JESU
1653 288 1960 341 CHRISTI.
2396 289 2424 340 3

187 408 351 458 dium·
368 407 462 457 Est
486 406 759 470 deliciosa,
781 415 833 457 et
861 406 1055 470 suavis,
1077 416 1249 457 cetera

182 493 308 544 quae
357 478 491 528 hanc
551 494 659 527 non
713 478 925 544 sapiunt
977 477 1247 528 fastidiens

183 548 443 612 exercitia,
469 564 596 600 curn
629 549 938 615 aliquandiu
966 549 1059 615 pio
1088 551 1249 600 corde

180 619 340 670 fuerit
391 619 736 686 frequentata.
779 620 879 671 Est
926 636 1148 686 pascens
1197 629 1250 671 et

180 691 439 757 reficienS‚
474 709 601 742 nam
657 695 957 743 secundum
1012 694 1249 745 Ambro-

182 763 333 824 sium,
362 763 458 830 qui
487 763 766 813 domicilio
796 763 1074 814 Christum
1105 763 1249 814 reci-

181 836 258 900 pit
281 836 507 900 intern0,
529 836 782 886 maximis
809 836 1251 886 delectationibus

181 908 583 959 exuberantium
624 909 858 975 pascitur
889 910 1245 975 voluptatum.

183 978 279 1029 Est
324 981 682 1031 consolatoria
722 980 960 1030 solitario
1017 990 1069 1030 et
1121 980 1248 1046 qui-

183 1050 302 1099 dem
343 1051 586 1116 optimus
641 1067 826 1101 comes
864 1051 1008 1118 jugis
1053 1051 1249 1116 jucun-

177 1119 367 1184 ditatis,
395 1121 703 1189 solatiique,
735 1131 786 1172 et
827 1122 1247 1186 confortationiS,

176 1207 232 1242 ac
290 1193 466 1242 turris
505 1194 865 1259 fortitudinis
892 1209 926 1244 a
948 1195 1109 1260 facie
1140 1194 1248 1244 ini-

174 1263 317 1325 mici,
349 1270 405 1313 et
428 1279 465 1314 a
493 1265 840 1316 tribulatione
866 1274 919 1315 et
957 1265 1249 1316 tentatione

165 1336 497 1400 peccatoris·
552 1336 681 1385 Haec
726 1346 805 1386 est
838 1336 944 1386 vita
987 1337 1142 1403 plana
1196 1346 1248 1387 et

168 1407 343 1459 facilis
378 1409 447 1457 ad
505 1410 977 1474 contemplandum
1024 1411 1247 1461 Creato-

165 1493 285 1529 rem
304 1517 319 1539 ,
349 1479 418 1529 de
441 1494 550 1545 qua
574 1480 759 1529 nullus
786 1495 1040 1530 excusare
1067 1495 1124 1531 se
1150 1496 1248 1547 po-

162 1558 293 1614 test;
325 1549 468 1600 sicut
506 1551 573 1599 de
614 1552 1065 1616 contemplatione
1092 1567 1248 1602 sum-

165 1637 271 1673 mae
337 1621 628 1687 majestatis
649 1661 664 1686 ,
734 1624 800 1672 ad
863 1639 1026 1689 quam
1084 1639 1247 1675 nemo

162 1693 362 1759 raptim
402 1702 578 1774 potest
619 1694 938 1761 pertingere,
975 1695 1078 1746 nisi
1115 1712 1245 1762 pro-

162 1764 397 1814 ficiendo
427 1769 527 1830 'per
551 1763 708 1814 istam
740 1764 905 1815 vitam
944 1767 1111 1816 nostri
1144 1768 1249 1817 Re-

161 1837 499 1903 demptoris.
550 1838 700 1888 Hanc
758 1838 1094 1906 quicumque
1147 1838 1248 1889 in-

164 1909 423 1974 cipientes
485 1919 539 1960 et
602 1910 811 1974 parvuli
833 1949 848 1974 ,
908 1911 1244 1978 quicumque

162 1980 507 2046 proficientes
537 1991 590 2031 et
625 1981 847 2046 perfecti
878 1993 1103 2049 possunt
1137 1984 1241 2034 ha-

164 2055 311 2114 bere,
352 2064 405 2104 et
444 2055 495 2103 in
536 2070 595 2104 ea
633 2053 873 2104 invenire
908 2056 1116 2106 bonum
1160 2056 1248 2106 ni-

124 2146 128 2151 *
162 2126 297 2176 dum
327 2125 451 2190 sibi,
481 2125 576 2176 ubi
604 2135 861 2191 tanquam
889 2135 1126 2176 turtures
1152 2143 1247 2178 re-

161 2207 384 2264 ponant,
415 2207 467 2249 et
511 2199 837 2249 abscondant
873 2197 1002 2249 casti
1045 2201 1243 2253 amoris

160 2270 364 2335 puIIOS,
394 2270 629 2336 quisque
665 2285 762 2335 pro
802 2285 897 2319 sua
936 2270 1240 2335 capacitate.

163 2342 298 2391 Haec
357 2339 468 2391 vita
522 2341 760 2391 multum
807 2340 981 2390 reddit
1019 2341 1245 2393 Sanctos

162 2411 263 2461 Dei
311 2410 647 2475 favorabileS,
687 2412 826 2478 piOS,
875 2420 927 2461 et
982 2412 1243 2481 benignos

164 2482 468 2532 cultoribus
512 2483 644 2546 suis,
683 2491 898 2548 propter
930 2482 1109 2548 ipsum
1146 2485 1242 2551 qui

167 2554 327 2604 nobis
358 2570 488 2605 cum
525 2555 634 2605 illis
671 2570 962 2605 commune
996 2564 1077 2606 est
1107 2573 1241 2623 gau-

164 2624 340 2675 dium.
367 2626 670 2692 Numquid,
698 2626 847 2676 verbi
877 2626 1060 2693 gratia,
1092 2628 1242 2680 beata

164 2696 355 2763 VirgO,
381 2706 554 2747 mater
580 2696 983 2762 misericordiae,
1011 2698 1238 2765 pietatiS,

163 2778 218 2819 et
252 2768 440 2836 gratiae
491 2770 689 2836 poterit
740 2780 793 2820 te
828 2769 1122 2836 despicere,
1154 2774 1242 2823 vel

162 2842 358 2891 oculos
394 2857 526 2891 suos
570 2857 600 2891 a
644 2850 698 2892 te
744 2852 1006 2906 avertere,
1045 2859 1243 2910 quam-

162 2913 245 2964 vis
272 2913 353 2963 sis
383 2923 652 2980 peccator,
682 2915 897 2979 quando
925 2930 1034 2964 non
1061 2915 1243 2965 solum

161 2985 338 3035 semel
388 2985 447 3035 in
502 2985 589 3036 die
642 2985 861 3049 viderit,
923 2988 1017 3036 sed
1057 2996 1109 3036 et
1143 2987 1245 3037 fre—

162 3065 399 3124 quenter
436 3057 639 3108 Filium
675 3073 837 3108 suum
879 3074 1046 3125 quem
1083 3072 1245 3125 super
1274 3107 1283 3132 s

163 3130 354 3181 omnia
376 3130 573 3197 diligit,
599 3130 655 3180 in
682 3130 915 3181 brachiis
939 3131 1050 3181 tuis
1078 3140 1131 3181 et
1158 3131 1245 3181 in-
1272 3163 1285 3186 ι,

162 3212 243 3254 ter
270 3204 444 3255 ubera
469 3214 560 3254 tua
589 3204 1042 3255 commorantem?
1074 3205 1247 3254 Num-

164 3273 301 3340 quid
323 3274 518 3340 poterit
543 3284 596 3324 te
624 3289 749 3323 cum
774 3274 916 3324 Filio
942 3289 1062 3334 suc,
1078 3290 1243 3341 quem

166 3354 367 3409 portas,
415 3345 678 3409 deserere,
716 3346 929 3411 quando
964 3346 1159 3396 viderit
1190 3354 1246 3397 te
1262 3337 1273 3422 ξ’

167 3416 428 3481 praedicto
466 3419 648 3480 m0d0‚
684 3418 887 3468 Filium
931 3433 1092 3469 strum
1131 3428 1267 3470 tam⁵

168 3488 401 3539 sonicite
425 3504 521 3571 per
547 3489 758 3556 singula
798 3487 1160 3556 comitantem,
1193 3499 1246 3541 et

152 3628 554 3694 ministerium,
584 3646 678 3696 per
717 3631 832 3681 dies
877 3631 1121 3698 sing-ulos
1147 3645 1243 3681 ex-

164 3695 484 3752 hibentem?
523 3702 689 3752 Nullo
724 3703 906 3753 modo,
940 3703 1030 3754 Sic
1068 3712 1120 3754 et
1152 3716 1245 3753 ce-

164 3773 267 3824 teri
317 3773 498 3824 Sancti
550 3774 905 3825 libentissime
951 3775 1273 3843 respiciunt-

164 3845 324 3910 illos,
371 3862 499 3897 curn
554 3848 753 3913 quibus
802 3848 951 3899 Deus
1004 3850 1312 3915 placatus

1361 405 1465 456 ciat
1511 403 1747 459 cultores
1794 420 1925 455 suos
1979 416 2252 457 consortes
2304 406 2429 457 ino-

1358 494 1500 542 rum,
1530 477 1657 544 quia
1684 485 1764 528 est
1790 487 1841 528 et
1868 478 1976 528 vita
2011 478 2274 543 ipsorum.
2302 479 2427 529 Pla-

1358 564 1427 599 ne
1462 548 1580 599 haec
1630 548 1738 600 vita
1779 557 1858 599 est
1886 549 1996 599 vita
2038 550 2205 600 beatae
2243 550 2429 600 matris

1358 621 1578 684 Christi,
1623 621 1725 686 ipsi
1763 622 1949 672 sedule
1990 620 2338 672 ministrantis
2371 622 2431 672 in

1355 691 1508 743 annis
1546 692 1814 759 pluribuS,
1849 701 1902 742 et
1935 691 2255 742 famulantis.
2296 694 2432 744 Haec

1355 773 1435 813 est
1458 763 1569 813 vita
1593 763 1978 828 Apostolorum
2014 762 2230 813 Christo
2269 762 2433 814 fami-

1355 833 1555 884 liariter
1601 834 2030 898 adhaerentium,
2083 842 2136 882 et
2179 848 2306 883 curn
2361 849 2429 885 eo

1353 906 1584 958 fideliter
1633 906 2108 973 perseverantium.
2149 906 2294 956 Haec
2346 915 2430 958 est

1351 976 1461 1028 vita
1528 977 1731 1028 civium
1798 993 2154 1044 supernorum
2209 976 2428 1029 Christo

1352 1049 1671 1114 fruentium,
1710 1059 1762 1100 et
1798 1051 1911 1115 ejus
1945 1065 2108 1115 opera
2163 1048 2431 1102 mirabilia

1353 1121 1751 1184 admirantium,
1784 1130 1836 1170 et
1877 1119 1982 1170 sibi
2014 1128 2313 1170 reverenter
2337 1135 2427 1171 as-

1352 1190 1658 1242 sistentium
1695 1191 1752 1240 in
1795 1201 2075 1242 aeternum.
2134 1190 2263 1241 Haec
2317 1190 2431 1243 vim

1353 1273 1433 1313 est
1468 1263 1672 1330 optima
1711 1279 1850 1329 parS,
1887 1262 2093 1314 scilicet
2128 1263 2315 1312 sedere
2359 1264 2427 1314 ad

1351 1335 1514 1402 pedes
1562 1333 1761 1384 Chrisn'
1784 1373 1799 1398 ‚
1858 1344 1911 1384 et
1961 1333 2145 1385 audire
2197 1335 2434 1386 verbum

1352 1406 1485 1471 ejus.
1518 1405 1674 1456 Unde
1713 1405 1905 1455 merito
1933 1421 1964 1455 a
1991 1420 2300 1471 possessore
2323 1420 2430 1458 suo

1351 1474 1523 1540 ipsam
1571 1475 1736 1525 modo
1775 1489 1872 1541 per
1917 1475 2140 1541 gratiam
2194 1477 2428 1542 colente,

1352 1560 1460 1594 non
1503 1544 1743 1595 aufertur
1781 1560 1795 1594 :
1837 1546 1968 1611 quia
2003 1545 2116 1610 ipsa
2152 1555 2232 1595 est
2267 1546 2434 1596 retri-

1350 1615 1502 1666 butio
1533 1615 1627 1667 illa
1666 1630 1792 1682 quae
1830 1631 1985 1666 servo
2021 1614 2170 1665 fideli
2205 1624 2257 1666 et
2293 1631 2430 1681 pru-

1350 1686 1497 1736 denti
1526 1687 1891 1752 promittitur;
1934 1695 1989 1735 et
2023 1684 2113 1735 hic
2143 1684 2432 1751 incipiens,

1349 1757 1406 1808 in
1456 1757 1750 1809 aeternitate
1787 1758 2116 1824 perficietur.
2152 1759 2304 1808 Hanc
2340 1760 2432 1811 vi-

1348 1841 1459 1881 tam
1514 1831 1663 1883 nulla
1695 1832 1881 1899 lingua
1936 1831 2151 1882 laudare
2207 1830 2430 1895 sufficit,

1350 1903 1484 1952 adeo
1535 1903 1676 1954 bona
1712 1913 1810 1968 est,
1853 1911 1904 1953 et
1939 1911 2138 1966 sancta,
2176 1911 2231 1953 et
2263 1918 2426 1968 super

1349 1988 1541 2024 omnes
1590 1973 1729 2024 vitas
1774 1972 2118 2040 dignissima,
2175 1988 2302 2024 cum
2357 1973 2432 2024 sit

1350 2044 1569 2095 initium
1609 2045 1898 2110 cujuslibet
1942 2043 2144 2094 altioris
2180 2054 2433 2103 contem-⁴

1356 2115 1628 2181 plationiS,
1656 2132 1716 2167 ac
1752 2117 1876 2167 vitae
1917 2115 2173 2182 angelicae
2198 2125 2251 2166 et
2276 2126 2432 2167 aetet-

1351 2204 1453 2250 nae,
1483 2203 1613 2257 q’uae
1636 2198 1878 2256 speratur
1912 2189 1969 2239 in
2004 2187 2190 2254 patria.
2216 2189 2304 2239 An
2330 2203 2428 2253 pa·-

1348 2277 1472 2313 rum
1503 2271 1584 2312 est
1607 2262 1707 2312 tibi
1743 2261 2002 2312 continue
2035 2275 2162 2309 cum
2201 2260 2423 2310 Christo

1349 2349 1490 2398 esse,
1543 2335 1602 2385 in
1644 2348 1800 2399 quem
1855 2332 2173 2383 desiderant
2214 2332 2421 2398 Angeli

1347 2421 1560 2473 semper
1592 2405 1952 2472 prospicere?
1978 2404 2034 2454 Si
2071 2404 2158 2454 vis
2193 2404 2248 2454 in
2274 2414 2432 2456 aeter-

1348 2495 1480 2530 num
1538 2493 1762 2546 regnare
1794 2494 1922 2529 cum
1962 2478 2202 2541 Christe,
2246 2477 2430 2544 incipe

1347 2566 1573 2621 regnare
1629 2552 1792 2602 modo
1814 2589 1836 2616 ,
1888 2561 1941 2601 et
2002 2551 2115 2601 noli
2180 2551 2427 2602 deserere

1348 2640 1495 2690 eum,
1525 2624 1613 2675 cui
1641 2623 1841 2675 servire
1866 2639 2091 2689 regnare
2119 2632 2217 2673 est.

1416 2694 1444 2744 5
1503 2696 1857 2746 Conpmmu
1903 2709 2043 2744 vrrAE
2089 2694 2426 2745 canis-11..—

1346 2767 1754 2834 Appropinqua·
1788 2780 1913 2832 ergo
1975 2766 2042 2816 ad
2098 2764 2276 2831 ipsum
2331 2766 2428 2831 pio

1348 2840 1534 2903 corde,
1586 2849 1650 2890 ut
1697 2836 2059 2901 descendenti,
2110 2837 2319 2888 scilicet
2355 2838 2431 2888 de

1348 2910 1471 2961 sinu
1521 2910 1694 2960 Patris
1714 2947 1730 2974 ,
1783 2909 1839 2959 in
1896 2917 2114 2959 uterum
2162 2908 2428 2975 virgime,

1348 2982 1504 3048 quasi
1541 2981 1673 3032 alter
1701 2979 1869 3042 testiS,
1901 2994 2032 3029 cum
2061 2979 2269 3045 Angelo
2298 2994 2424 3029 san-

1350 3061 1451 3104 ctae
1499 3050 1868 3116 conceptionis
1924 3049 2118 3099 existas
2167 3050 2223 3099 in
2277 3064 2413 3116 pura

1349 3126 1510 3177 fide·
1551 3135 1608 3175 et
1647 3125 2014 3191 congratulare
2051 3124 2262 3190 Virgini
2302 3140 2426 3175 ma·-

1348 3201 1443 3263 tri,
1471 3199 1548 3251 sic
1577 3209 1795 3266 propter
1837 3208 1891 3249 te
1933 3198 2272 3251 foecundatae.
2305 3201 2426 3250 Ad-

1350 3283 1465 3326 esto
1511 3275 1628 3342 ejus
1669 3274 1950 3339 nativitati,
1977 3283 2029 3324 et
2058 3273 2430 3325 circumcisio-

1349 3348 1404 3398 ni
1426 3386 1441 3412 ,
1500 3348 1653 3415 quasi
1708 3346 1884 3398 bonus
1943 3346 2234 3411 nutritius,
2294 3360 2429 3397 cnm

1349 3419 1567 3487 Joseph.
1608 3421 1756 3472 Vade
1791 3434 1924 3471 cum:
1965 3419 2176 3485 Magis
2161 3436 2218 3469 m
2254 3416 2430 3467 Beth-

1308 3486 1313 3492 ’
1349 3492 1508 3556 leem,
1554 3499 1606 3541 et
1643 3491 1810 3541 adora
1846 3505 1973 3541 cum
2020 3489 2104 3540 eis
2135 3488 2426 3555 parvulum

167 3558 347 3610 eidem
401 3558 611 3626 pietatis
675 3559 879 3623 officia,
942 3557 1269 3612 devotionis*
1310 3559 1311 3572 ¹

1349 3579 1533 3632 regem
1553 3601 1570 3615 .
1640 3563 1847 3630 Adiuva
1915 3579 2042 3614 cum
2115 3560 2424 3629 parentibus

1308 3643 1312 3654 ’
1348 3643 1567 3702 portare
1614 3637 1866 3701 puerum,
1906 3643 1960 3685 et
1994 3640 2319 3700 presentare·
2363 3632 2426 3684 in:

1348 3706 1634 3772 temptum-
1676 3705 1950 3756 Comitare
1977 3720 2101 3755 cum
2146 3703 2427 3768 Apostolis

1349 3779 1502 3846 pium
1556 3787 1846 3845 pastorem,
1881 3778 2112 3845 gloriosa
2160 3774 2428 3828 miracula.

1349 3849 1656 3901 facientem.
1705 3850 1903 3899 Adesto
1955 3846 2234 3912 morienti,
2283 3859 2424 3899 cum

167 3917 418 3971 habitare
445 3919 705 3988 dignatur,
736 3937 862 3974 cum
905 3923 1004 3975 ista
1027 3923 1137 3976 vita
1161 3921 1250 3976 fa-
1306 3921 1313 3969 i
1350 3922 1503 3975 beata
1541 3930 1716 3974 matre
1761 3920 1906 3985 eius,
1965 3927 2028 3969 et
2068 3918 2301 3984 lomnes
2345 3919 2424 3970 ad
