2784 4452
612 376 704 427 DE
738 377 1018 430 JEJUNIO
1053 379 1146 429 ET
1179 379 1758 432 TENTATIONIBUS
1789 380 2064 432 DOMINI.

230 496 412 546 rendo.
461 496 651 546 Manus
713 497 1045 562 Angelorum
1098 495 1294 546 dicitur

229 565 320 615 hic
339 574 568 630 potestas
594 581 779 615 eorum
800 566 1015 631 duplex,
1046 565 1247 616 scilicet
1277 583 1290 616 ε

229 645 461 702 potestas
488 635 730 685 servandi
754 636 785 686 'a
816 636 976 694 malo,
1005 645 1057 685 et
1085 648 1292 702 promo-⁴

227 706 388 756 vendi
427 707 493 756 ad
539 705 775 769 bonum;
808 705 879 756 ita
929 705 1076 772 quod
1120 706 1292 772 prima

228 786 309 827 est
336 776 568 840 sinistra,
596 776 828 826 secunda
855 775 1056 826 dextra.
1083 777 1291 826 Aucto-

226 846 355 896 ritas
396 847 507 896 haec
548 861 656 895 non
713 855 793 896 est
833 847 897 895 ad
934 845 1289 911 propositum,

227 917 374 984 quia,
395 918 692 969 secundum
732 917 1146 996 Hieronymum,
1179 933 1287 967 non

225 986 541 1052 intelligitur
594 988 659 1037 de
695 987 910 1038 Christo
964 985 1151 1052 capite,
1197 987 1289 1037 sed

226 1056 295 1106 de
352 1058 628 1122 membris,
685 1057 738 1107 id
782 1067 878 1122 est,
934 1056 1000 1107 de
1050 1057 1291 1124 quolibet

225 1128 385 1192 juste.
432 1129 677 1180 Christus
710 1128 856 1178 enim
895 1142 1004 1177 non
1051 1137 1291 1193 portatur

226 1197 478 1248 manibus
504 1199 855 1264 Angelorum,
887 1199 979 1246 sed
1010 1196 1122 1262 ipse
1168 1197 1291 1247 Ver-

226 1271 288 1321 bo
317 1271 531 1323 virtutis
565 1287 680 1322 suae
726 1277 915 1338 portat
958 1271 1210 1335 Angelos,
1239 1280 1291 1320 et

224 1359 440 1394 omnem
461 1356 779 1407 creaturam;
817 1360 912 1395 nec
942 1344 1146 1409 indiget
1171 1345 1288 1393 An—

222 1415 468 1480 gelorum
497 1414 712 1476 auxili0‚
751 1412 846 1481 qui
878 1414 1046 1478 major
1072 1422 1152 1463 est
1176 1413 1290 1463 An-

222 1487 375 1552 gelis.
397 1488 489 1537 Est
514 1503 639 1554 ergo
661 1487 946 1537 auctoritas
965 1487 1073 1546 illa,
1098 1501 1289 1536 secun-

221 1559 352 1607 dum
377 1558 646 1621 Glossam,
678 1557 754 1608 sic
781 1559 1109 1624 exponenda,
1143 1559 1286 1623 quod

218 1628 451 1694 Angelis
491 1629 606 1680 suis
633 1627 1097 1679 administratoriis
1126 1627 1288 1694 spiri-

221 1699 368 1750 tibus
413 1700 563 1751 Deus
599 1700 876 1752 mandavit
928 1701 992 1751 de
1049 1705 1114 1760 te,
1172 1699 1286 1750 viro

218 1769 380 1833 just0,
421 1769 755 1837 quicumque
797 1769 902 1833 sis3
936 1776 991 1820 ut
1013 1769 1203 1821 tollant
1239 1776 1288 1820 te

222 1840 277 1890 in
307 1842 551 1891 manibus
574 1842 703 1901 suis,
733 1841 784 1891 id
814 1852 912 1905 est,
942 1841 1156 1891 auxiliis
1174 1841 1288 1891 suis

223 1912 522 1973 sustollant,
564 1923 614 1963 et
652 1913 724 1963 ita
779 1912 1079 1963 custodiant
1125 1922 1193 1975 te,
1226 1927 1290 1962 ne

210 1979 366 2047 sorte
393 1982 638 2048 offendas
685 1983 891 2048 pedem,
918 1983 971 2032 id
1021 1991 1116 2046 est,
1147 1997 1290 2032 men·

220 2065 330 2105 tem
376 2057 460 2106 vel
501 2056 748 2106 affectum
777 2056 993 2115 mentis,
1024 2056 1098 2106 ad
1142 2055 1288 2121 lapi-

219 2126 356 2188 dem,
375 2126 429 2175 id
445 2137 541 2191 est,
569 2128 633 2177 ad
657 2127 874 2193 aliquod
902 2125 1288 2176 offendiculum

221 2197 444 2264 peccati.
487 2197 646 2264 Lapis
677 2198 824 2249 enim
883 2198 1080 2249 dicitur
1134 2197 1285 2263 quasi

219 2268 423 2318 laedens
447 2270 669 2334 pedem,
699 2271 840 2319 unde
877 2268 1057 2319 omnis
1085 2268 1286 2335 peccati

219 2350 272 2391 et
315 2340 483 2391 ruinae
519 2341 745 2405 occasi0,
787 2340 852 2391 ad
903 2356 1067 2407 quam
1111 2350 1287 2406 potest

219 2404 419 2462 offendi
448 2411 667 2462 affectus
698 2412 912 2473 mentiS,
943 2413 1165 2463 nomine
1199 2413 1283 2462 la-

217 2481 302 2547 pis
348 2482 681 2549 intelligitur.
742 2484 833 2533 Est
882 2499 1008 2549 ergo
1075 2500 1280 2544 sensuS,

218 2555 365 2619 quod
417 2555 630 2621 Angelis
697 2556 969 2607 mandavit
1024 2556 1168 2607 Deus
1224 2568 1285 2608 ut

214 2627 521 2679 custodiant
563 2629 842 2679 hominem
887 2630 1088 2695 justum
1115 2646 1144 2680 a
1171 2646 1287 2696 pec-

217 2698 366 2759 catiS‚
399 2715 508 2749 non
541 2701 687 2767 quod
734 2701 910 2751 bonus
938 2701 1105 2751 homo
1145 2717 1282 2751 con-

215 2769 387 2820 fidens
434 2772 500 2821 de
528 2772 765 2822 custodia
807 2773 1138 2838 Angelorum
1186 2774 1285 2823 de·-

219 2843 339 2893 beat
418 2859 474 2893 se
547 2844 841 2910 praecipitio
896 2859 1160 2909 exponere
1219 2846 1284 2895 ad

217 2916 618 2982 suggestionem
670 2917 997 2967 daemonum.
1045 2917 1129 2967 Ex
1175 2934 1285 2985 quo

216 2990 353 3050 loc0,
405 2999 456 3039 et
494 2990 628 3040 illud
670 2988 1028 3055 cognoscitur,
1057 2990 1184 3057 quia
1219 2992 1285 3041 ad

218 3060 637 3111 custodiendum
730 3062 1046 3111 Sanctorum
1122 3061 1284 3113 vitam

215 3132 410 3198 Angeli
440 3133 775 3199 deputantur.
807 3134 943 3183 Male
970 3149 1095 3200 ergo
1120 3133 1286 3184 inter-

215 3213 453 3268 pretatur
471 3203 718 3253 diabolus
747 3202 1099 3269 scripturam,
1121 3214 1171 3255 et
1197 3204 1286 3254 in-

214 3273 490 3324 tellectum
532 3274 645 3339 ejus
685 3275 954 3340 pervertit,
993 3284 1044 3325 et
1071 3275 1147 3325 sic
1177 3274 1285 3324 im-

214 3343 539 3409 pertinenter
565 3346 834 3427 allegavit;
864 3345 992 3395 item
1038 3346 1286 3411 allegavit

213 3414 558 3480 incomplete‚
589 3416 716 3481 quia
740 3416 837 3466 etsi
869 3427 1008 3466 esset
1025 3418 1090 3470 de
1115 3417 1281 3468 Chri-

215 3497 318 3553 st0,
334 3487 504 3568 etiarn,
514 3488 647 3538 111ud
667 3490 813 3554 quod
823 3488 1069 3555 sequitur
1091 3489 1283 3539 debue-

214 3567 295 3608 rat
319 3547 646 3618 meminisse,
671 3558 914 3609 scilicet:
946 3560 1125 3625 Super
1139 3560 1284 3625 aspi·

214 3629 335 3681 dem
379 3634 431 3679 et
482 3630 792 3680 basiliscum
850 3630 1167 3692 ambulabiS,
1231 3635 1282 3679 et

215 3703 552 3753 conculcabis
616 3702 813 3753 leonem
864 3709 916 3753 et
972 3704 1276 3754 draconem.

216 3772 334 3838 Ipse
365 3772 514 3823 enim
543 3772 786 3823 diabolus
824 3783 901 3824 est
927 3774 1072 3839 aspis
1100 3783 1153 3824 et
1184 3774 1280 3823 ba-

215 3844 450 3905 siliscuS,
480 3845 596 3910 ipse
622 3845 706 3895 leo
736 3856 788 3895 et
815 3845 993 3909 draco,
1023 3861 1187 3911 quem
1225 3844 1280 3894 in

214 3915 600 3965 tentationibus
627 3915 881 3966 Christus
925 3915 1276 3978 conculcavit;

218 3984 340 4036 ideo
367 3995 572 4050 partem
621 3986 907 4051 Scripturae
946 4000 1068 4051 quae
1096 4000 1192 4050 pro
1223 4000 1280 4035 se

2360 381 2461 435 233

1399 495 1526 547 facit
1583 507 1840 564 tanquam
1907 499 2168 565 superbus
2214 498 2419 551 inducit
2450 538 2466 565 ‚

1398 576 1603 632 partem
1629 583 1757 619 vero
1786 584 1908 634 quae
1936 578 2120 618 contra
2148 585 2205 618 se
2232 579 2313 619 est
2344 578 2466 620 tan-

1399 651 1563 702 quam
1591 647 1797 688 astutus
1826 637 2067 688 dimittit.
2099 639 2235 688 Nam
2260 639 2327 689 de
2343 640 2465 689 An-

1398 707 1640 772 gelorum
1667 709 1871 759 auxilio
1908 708 2061 775 quasi
2090 709 2155 758 ad
2184 709 2462 761 infirmum

1399 776 1654 843 loquitur,
1688 779 1754 828 de
1782 778 1867 828 sui
1884 779 2281 829 conculcatione
2310 780 2463 846 quasi

1397 849 1768 914 tergiversator
1785 859 1940 901 tacet.

1468 934 1533 984 14
1564 921 1839 971 Tam-Ano
1871 921 1971 971 Dm
2013 937 2371 972 nomam-un.
2401 950 2463 961 -

1396 990 1502 1039 Sed
1517 990 1694 1054 ethic,
1710 992 2007 1042 secundum
2027 992 2425 1059 Hieronymum
2444 1031 2463 1056 ,

1395 1060 1708 1111 auctoritate
1777 1062 2065 1128 Scripturae
2132 1063 2464 1114 adversarius

1395 1132 1728 1194 devincitur,
1781 1143 1832 1184 et
1872 1150 1968 1184 sua
2020 1135 2320 1185 intentione
2341 1135 2465 1185 fru-

1392 1214 1608 1255 stratur.
1626 1206 1684 1255 In
1698 1206 1950 1256 omnibus
1977 1207 2065 1256 his
2083 1205 2480 1259 tentationibus¹

1394 1274 1644 1325 diabolus
1704 1276 1807 1326 hoc
1856 1276 1984 1342 agit,
2014 1287 2076 1327 ut
2108 1276 2368 1342 intelligat
2414 1275 2461 1327 si

1394 1345 1565 1396 Filius
1591 1345 1687 1396 Dei
1716 1346 1786 1397 sit
1797 1363 1811 1409 ;
1843 1348 1935 1396 sed
1964 1347 2229 1397 Dominus
2250 1362 2464 1413 respon-

1394 1419 1604 1469 sionem
1632 1418 1709 1470 sic
1735 1430 2012 1486 temperat,
2047 1431 2107 1469 ut
2128 1435 2253 1470 eum
2282 1421 2463 1471 ambi-

1394 1507 1562 1558 guum
1608 1492 1889 1559 relinquat.
1935 1493 2086 1544 Unde
2124 1495 2460 1559 respondens

1392 1562 1467 1613 ait
1495 1562 1574 1612 illi
1606 1579 1621 1613 ε
1653 1563 1924 1630 Scriptum
1972 1571 2070 1626 est,
2124 1573 2175 1614 et
2233 1564 2459 1625 dictum,

1392 1632 1596 1683 scilicet
1640 1633 1859 1684 cuilibet
1902 1633 2111 1684 homini
2142 1651 2156 1684 ε
2186 1635 2313 1685 Non
2345 1641 2462 1684 ten-

1397 1704 1537 1754 tabis
1573 1704 1859 1755 Dominum
1898 1705 2070 1755 Deum
2116 1712 2279 1768 tuum,
2312 1706 2465 1758 scili-

1396 1784 1481 1824 cet
1510 1775 1772 1841 quamdiu
1799 1775 1951 1826 aliter
1988 1776 2210 1826 evadere
2231 1776 2459 1842 poteris;

1397 1861 1497 1911 ego
1520 1856 1695 1896 autem
1720 1847 1887 1896 horno
1918 1862 2060 1906 sum,
2078 1856 2129 1897 et
2156 1846 2306 1896 aliter
2332 1862 2467 1912 pos-

1397 1932 1519 1966 sum
1552 1918 1887 1981 descendere,
1922 1932 2085 1984 quam
2125 1933 2219 1983 per
2264 1918 2470 1983 jactan-

1396 1987 1525 2037 tiam
1575 2003 1663 2038 me
1705 1988 2053 2054 praecipitare,
2084 1998 2136 2038 et
2178 1988 2297 2038 ideo
2341 1989 2468 2038 nolo

1395 2058 1569 2108 Deum
1610 2067 1832 2109 tentare.
1877 2057 2243 2123 Multipliciter
2283 2067 2462 2108 autem

1396 2129 1520 2195 quis
1554 2139 1738 2190 tentat,
1771 2129 1975 2179 scilicet
2010 2129 2245 2179 indebite
2268 2129 2460 2194 explo-

1395 2201 1559 2251 rando
1611 2201 1709 2251 Dei
1752 2199 2061 2266 potentiam,
2108 2201 2191 2250 vel
2224 2199 2463 2251 indebite

1394 2271 1717 2336 experiendo
1745 2272 1858 2336 ejus
1886 2273 2234 2330 voluntatem,
2264 2270 2349 2320 vel
2372 2270 2462 2319 in·-

1392 2341 1571 2392 debite
1612 2340 1931 2407 inquirendo
1977 2341 2091 2405 ejus
2124 2340 2459 2406 sapientiam,

1391 2412 1475 2463 vel
1500 2411 1732 2462 indebite
1768 2412 2085 2477 experiendo
2114 2412 2258 2478 quod
2291 2411 2463 2477 poscit

1391 2486 1534 2551 apud
1563 2486 1757 2537 Deum.
1786 2487 1889 2536 Sed
1916 2485 2027 2535 haec
2066 2497 2193 2536 sunt
2228 2484 2461 2549 vitanda,

1394 2556 1655 2623 quamdiu
1704 2557 1871 2607 horno
1917 2556 2079 2607 habet
2129 2572 2192 2606 ex
2224 2556 2461 2605 humana

1392 2628 1599 2677 ratione
1630 2637 1681 2678 et
1715 2628 1960 2678 facultate
2001 2627 2146 2677 aliud
2189 2626 2333 2693 quod
2380 2625 2462 2677 fa·-

1394 2698 1516 2749 ciat.
1592 2699 1744 2750 Unde
1802 2699 1889 2749 hic
1937 2708 2016 2750 est
2062 2707 2458 2764 argumentum,

1392 2771 1540 2837 quod
1582 2772 2033 2838 quandocumque
2083 2770 2251 2819 homo
2301 2768 2463 2820 habet

1391 2840 1597 2907 aliquid
1656 2841 1801 2908 quod
1834 2839 2218 2908 potesrfacere
2262 2854 2460 2889 secun-

1392 2914 1525 2962 dum
1569 2913 1710 2974 viam
1765 2913 2011 2963 humanae
2088 2912 2329 2973 rationiS‚
2378 2912 2462 2963 vel

1394 2987 1623 3048 consilii,
1667 2988 1750 3037 vel
1796 2987 2003 3047 auxilii,
2036 2988 2100 3038 ad
2129 2986 2462 3038 evadendum

1391 3058 1715 3124 periculum,
1743 3074 1850 3108 non
1883 3059 2041 3109 debet
2078 3058 2212 3109 illud
2240 3058 2461 3109 omitte-

1392 3145 1469 3195 re,
1510 3130 1798 3197 quaerendo
1834 3130 2084 3181 divinum
2121 3130 2461 3197 experimen·-

1392 3211 1543 3266 tum3
1574 3202 1719 3268 quia,
1750 3204 2044 3253 secundum
2069 3202 2453 3269 Augustinum,

1394 3272 1439 3322 si
1488 3272 1805 3338 periculum,
1856 3284 2119 3339 quantum
2154 3271 2324 3322 caveri
2353 3286 2454 3337 po·-

1391 3356 1512 3406 test,
1567 3362 1676 3396 non
1728 3357 1932 3397 caveret
1953 3386 1966 3408 ‚
2015 3346 2187 3412 magis
2233 3353 2457 3395 tentaret

1389 3418 1565 3468 Deum
1621 3433 1786 3484 quam
1847 3417 1903 3467 in
1975 3418 2147 3468 Deum
2205 3424 2455 3480 speraret.

1392 3487 1563 3547 Unde,
1619 3488 1867 3554 quamvis
1933 3488 2076 3538 Deus
2113 3485 2295 3535 omnia
2342 3500 2461 3550 pos-

1387 3557 1477 3621 sit,
1520 3557 1799 3624 discipulis
1848 3569 2025 3609 tamen
2089 3555 2204 3607 suis
2244 3555 2317 3605 ait
2348 3572 2361 3605 :
2392 3556 2460 3607 Si

1387 3643 1486 3678 vos
1533 3628 1804 3693 persecuti
1861 3628 2076 3693 fuerint
2132 3626 2186 3676 in
2242 3624 2459 3677 civitate

1387 3700 1513 3763 ista,
1550 3700 1740 3765 fugite
1768 3701 1821 3750 in
1849 3700 2032 3750 aliam.
2078 3699 2144 3749 Et
2173 3698 2289 3765 ipse
2314 3696 2458 3747 idem

1386 3769 1527 3835 fugit
1600 3780 1652 3820 et
1708 3770 1882 3821 latuit.
1936 3770 2007 3819 Et
2066 3779 2281 3835 propter
2354 3766 2458 3817 hoc

1386 3842 1632 3909 probatio
1672 3842 1797 3893 ferri
1837 3842 2107 3892 candentis
2155 3852 2206 3893 et
2262 3855 2461 3890 mono-

1386 3913 1633 3975 machiae,
1679 3912 1733 3963 id
1786 3922 1883 3972 est,
1951 3913 2143 3974 duelli,
2200 3924 2457 3978 tanquam

1389 3984 1574 4035 illicita
1638 3983 1994 4050 prohibentur
2063 3983 2118 4033 in
2194 3984 2327 4050 jure.
2397 3980 2462 4031 Si
