2784 4452
742 356 1095 408 SERMONIS
1128 355 1195 406 IN
1231 354 1488 406 MONTE
1519 354 1936 407 CONCLUSIO.

222 469 350 522 tatis
389 470 486 521 Dei
523 470 751 521 libenter
789 471 1141 532 considerare,
1190 488 1294 523 sae-

225 541 350 608 pius
396 541 668 593 actualiter
704 542 1039 605 advertente,
1077 551 1130 593 et
1170 542 1295 593 inde

223 629 379 666 amor
404 615 668 680 gratuitus
696 625 748 665 et
775 614 1096 666 confidentia
1116 616 1182 666 de
1204 615 1294 665 fu-

224 695 378 747 turo;
415 699 627 750 semper
664 686 935 736 attendere
964 686 1032 736 ad
1061 685 1296 736 aedifica-

227 753 434 805 tionem
471 755 724 820 proximi,
766 771 929 806 omne
973 757 1197 806 verbum
1243 764 1295 806 et

226 843 367 893 opus
396 828 771 894 praemeditari,
801 830 1002 896 saepius
1042 844 1203 895 super
1239 843 1297 879 se

230 899 453 951 reflecti.

296 971 331 1022 8
368 973 478 1022 Nnc
503 987 654 1021 ipsun
679 988 990 1023 paoem-:rue
1017 987 1199 1023 nomm
1232 988 1299 1022 ετ

232 1060 617 1095 ιιιιυιευιοιωκ
666 1061 947 1098 oreliano.
1002 1074 1061 1084 —
1116 1046 1181 1097 Et
1233 1060 1301 1095 ne

230 1115 592 1180 decipiamur,
647 1131 767 1165 ’non
833 1117 1010 1166 solum
1079 1115 1301 1166 nomine

231 1185 459 1249 Christi,
485 1201 578 1251 per
604 1202 695 1236 eos
722 1187 817 1253 qui
855 1203 1054 1238 nomen
1094 1196 1146 1238 et
1189 1202 1299 1236 non

230 1255 368 1306 facta
398 1257 616 1316 habent,
646 1258 737 1307 sed
768 1257 930 1308 etiam
971 1257 1300 1323 quibusdam

229 1329 386 1379 factis
417 1341 470 1380 et
511 1329 802 1390 miraculis,
832 1330 1094 1396 adjungit,
1126 1339 1179 1379 et
1210 1329 1303 1379 di-

229 1402 308 1453 cit
343 1420 357 1453 z
391 1402 559 1452 Multi
591 1403 764 1453 dicent
801 1403 930 1453 mihi
967 1403 1019 1453 in
1057 1402 1153 1452 illa
1197 1401 1300 1463 die,

232 1473 460 1523 notabili
506 1482 558 1523 et
597 1472 817 1535 famosa,
849 1472 1074 1523 terribili
1118 1471 1304 1538 impiis

231 1555 285 1597 et
326 1545 521 1596 blanda
550 1545 674 1610 piis,
708 1545 912 1596 scilicet
951 1545 1040 1596 die
1079 1543 1302 1596 extremi

229 1615 437 1680 judicii,
463 1617 698 1681 quando,
722 1617 1018 1667 secundum
1041 1617 1305 1684 Chrysos-

233 1693 445 1749 tomum,
492 1688 780 1752 loquentur
825 1687 985 1738 corda
1041 1697 1093 1738 et
1159 1697 1303 1736 tace-

235 1758 377 1808 bunt
432 1773 556 1818 ora,
625 1758 843 1822 quando
900 1774 1009 1808 non
1075 1772 1304 1824 persona

236 1830 617 1896 interrogatur,
642 1830 733 1879 sed
768 1829 1092 1880 conscientia
1120 1829 1306 1880 discu-

239 1902 374 1952 titur
387 1917 402 1964 3
433 1902 527 1951 ubi
565 1918 672 1953 non
717 1912 876 1952 erunt
925 1912 1087 1952 testes
1115 1902 1306 1952 adula-

239 1982 401 2030 tore5‚
441 1972 531 2021 sed
560 1971 753 2038 Angeli
787 1986 996 2022 veraces
1024 1987 1037 2021 ε
1062 1971 1306 2032 Domine,

239 2042 494 2103 Domine,
546 2058 714 2093 nonne
758 2043 811 2092 in
850 2043 1058 2093 nomine
1104 2048 1209 2105 tuo,
1255 2042 1308 2091 id

240 2123 322 2164 est
352 2112 410 2162 in
445 2113 641 2163 virtute
674 2123 726 2163 et
756 2113 1090 2164 invocatione
1128 2111 1311 2162 nomi-

241 2185 328 2236 nis
364 2184 462 2246 tui,
485 2183 938 2252 prophetavimuS,
976 2183 1031 2234 id
1067 2193 1149 2236 est
1178 2198 1307 2250 pro-

239 2257 517 2324 pheticum
552 2272 857 2306 sermonem
895 2256 1237 2322 protulimuS,
1262 2264 1314 2305 et

240 2329 447 2378 occulta
468 2326 931 2390 denuntiavimus;
949 2332 1003 2376 et
1024 2326 1078 2376 in
1107 2324 1316 2376 nomine

243 2405 333 2449 tuo
366 2398 630 2448 daemonia
667 2396 915 2462 ejecimus
952 2396 1018 2445 ab
1048 2394 1311 2456 obsessis;

242 2475 293 2521 et
322 2468 375 2519 in
403 2468 611 2519 nomine
642 2466 976 2517 tuovirtutes
1011 2466 1225 2528 multa-5,
1260 2466 1313 2515 id

244 2552 326 2593 est
364 2542 639 2601 miracula,
658 2540 895 2606 fecimus
938 2558 955 2591 .-
988 2539 1076 2589 his
1104 2540 1312 2589 similes

245 2619 376 2665 sunt
406 2613 542 2663 bene
585 2613 837 2661 docentes
869 2620 922 2660 et
960 2611 1099 2661 male
1125 2610 1315 2661 viven-

248 2695 346 2736 tes.
373 2683 478 2735 Ubi
509 2684 651 2733 idem
682 2682 1104 2744 Chr-rsostomus
1135 2700 1152 2733 .·
1184 2700 1211 2728 α
1236 2682 1316 2733 Illi

247 2755 470 2823 quippe,
513 2754 641 2819 quia
688 2752 1019 2803 contrarium
1045 2762 1321 2818 exspecta-

250 2828 418 2880 tionis
441 2843 552 2877 suae
576 2826 741 2877 finem
772 2825 1049 2887 videbunt,
1080 2826 1210 2892 quia
1234 2825 1322 2874 hic

249 2900 467 2951 fuerunt
508 2896 781 2947 mirabilia
813 2896 1056 2947 faciendo
1103 2895 1321 2962 conspi-

253 2972 361 3033 cui,
409 2972 486 3022 ibi
538 2981 717 3021 autem
764 2985 822 3020 se
868 2970 1171 3036 intelligent
1215 2985 1322 3035 pu-

253 3043 503 3103 niendos,
533 3041 687 3108 quasi
717 3051 1005 3106 stupentes,
1028 3050 1188 3106 atque
1213 3040 1323 3089 mi-

254 3126 435 3166 rantes
481 3114 661 3164 dicent
706 3130 720 3162 2
770 3112 1023 3174 Domine,
1074 3113 1319 3175 Domine,

254 3203 426 3239 nonne
472 3188 525 3238 in
575 3188 783 3238 nomine
837 3193 925 3236 tuo
967 3186 1324 3251 prophetavi-

255 3260 421 3311 mus?
451 3258 921 3320 Quemadmodum
947 3257 1107 3308 nobis
1133 3258 1324 3308 adver-

254 3332 393 3384 saris
440 3332 630 3382 modo?
671 3330 817 3392 Quid
853 3329 956 3381 sibi
996 3332 1111 3381 vult
1154 3346 1326 3381 novus

255 3405 357 3457 iste
403 3405 555 3466 finis,
609 3421 704 3455 nec
749 3420 781 3454 a
822 3403 984 3454 nobis
1032 3404 1323 3471 aliquando

255 3476 548 3544 proevisus?
571 3476 777 3526 Deinde
805 3475 1088 3540 subjicitur
1114 3485 1328 3526 senten-

254 3549 332 3600 tia
380 3549 584 3600 Judicis
611 3586 625 3609 ,
688 3549 820 3598 tales
882 3546 1217 3613 reprobantis
1272 3555 1325 3595 et

252 3619 574 3686 abjicientis.
622 3619 702 3687 Et
752 3625 891 3679 tunc,
942 3616 1141 3683 inquit,
1194 3631 1323 3667 con-

241 3692 462 3760 fitebor,
494 3703 546 3742 et
576 3691 752 3741 dicam
794 3688 921 3748 illis,
953 3702 1234 3753 nunquam,
1268 3687 1326 3736 in

258 3761 762 3830 praedestinatione,
800 3758 925 3808 novi
967 3773 1086 3821 vos,
1130 3758 1328 3808 scilicet

260 3833 452 3883 notitia
481 3829 904 3898 approbationis,
940 3830 1031 3880 sed
1073 3829 1328 3896 reproba-

262 3906 449 3957 tionis.
472 3906 596 3956 Illos
624 3905 773 3955 enim
796 3902 992 3952 dicitur
1015 3903 1169 3963 scire,
1192 3918 1330 3969 quos

264 3976 554 4044 approbat,
596 3976 719 4027 illos
758 3989 884 4025 vero
923 3973 1149 4034 nescire,
1193 3989 1336 4040 quos·

2353 352 2452 422 393

1387 470 1446 521 in
1489 487 1585 523 sua
1628 470 1913 522 dilectione
1963 486 2073 520 non
2119 471 2395 536 approbat.
2432 492 2455 517 ιι

1387 544 1540 594 Unde
1566 543 1906 610 Augustinus
1937 559 1954 592 .·
1986 560 2013 588 α
2041 540 2152 591 Scit
2180 543 2455 607 reprobos,

1387 630 1527 680 quos
1555 614 1924 681 cognoscendo
1962 610 2184 676 judicat;
2217 628 2327 661 non
2359 626 2461 662 au·-

1386 695 1497 735 tem
1533 684 1793 749 approbat
1832 684 2183 742 voluntatem,
2226 697 2344 748 quae
2373 683 2460 732 ·ab

1388 755 1508 821 ipso
1556 755 1842 806 discordat.
1883 773 1906 798 ¹·
1957 754 2111 804 Unde
2152 763 2203 803 et
2251 752 2403 803 Beda
2440 769 2456 803 :

1390 845 1418 873 α
1461 827 1580 876 Non
1630 826 1853 877 scientia
1898 825 2294 891 Scripturarum
2345 823 2457 873 Deo

1390 907 1581 948 notum
1604 897 1748 959 facit,
1781 913 1943 965 quem
1981 912 2205 963 operum
2246 894 2458 961 iniqui-

1389 980 1472 1020 tas
1533 969 1753 1020 obtutus
1822 970 1937 1035 ejus
2007 966 2242 1019 ostendit
2277 963 2459 1016 ’indi-

1390 1059 1578 1109 gnum.
1634 1063 1663 1091 n
1714 1044 1779 1095 Et
1825 1045 2041 1097 tandem
2096 1058 2188 1093 eos
2243 1051 2461 1107 propter

1389 1130 1551 1180 opera
1599 1114 1901 1180 iniquitatis
1955 1114 2271 1180 abjiciendO,
2323 1112 2459 1163 sub-

1389 1187 1567 1253 jungit
1598 1205 1612 1236 z
1642 1187 1916 1239 Discedite
1943 1203 1977 1238 a
2008 1203 2105 1249 me,
2137 1187 2311 1236 bonos
2338 1186 2460 1251 glo-

1390 1257 1674 1318 rificantes,
1690 1259 1781 1324 qui
1799 1258 2095 1324 operamini
2115 1256 2460 1322 iniquitatem.

1391 1331 1683 1393 Discedite‚
1711 1331 1765 1382 id
1793 1341 1874 1382 est
1900 1330 2061 1381 divisi
2088 1346 2181 1396 per
2211 1328 2466 1395 iniquita-

1394 1413 1529 1466 tem;
1568 1404 1739 1454 cedite
1774 1403 1830 1453 in
1868 1414 2124 1455 aeternam
2153 1400 2462 1451 damnatio-

1395 1490 1540 1533 nem,
1573 1489 1683 1525 non
1722 1490 1850 1540 ergo
1885 1472 2156 1539 cognoscit
2198 1471 2300 1521 nisi
2339 1485 2463 1520 eum

1395 1546 1488 1612 qui
1520 1555 1768 1612 operatur
1789 1544 2128 1610 aequitatem;
2155 1558 2185 1592 a
2213 1542 2344 1600 Dec,
2369 1540 2464 1607 qui

1395 1617 1599 1683 ubique
1627 1625 1723 1674 est,
1752 1615 2008 1681 jubentur
2045 1614 2303 1671 recedere,
2335 1611 2465 1677 quia

1394 1688 1519 1738 licet
1547 1687 1617 1737 sit
1639 1687 1840 1753 ubique
1863 1701 1956 1752 per
1981 1683 2320 1751 praesentiam
2346 1681 2468 1732 dei-

1395 1759 1538 1820 tatiS,
1572 1775 1682 1808 non
1717 1767 1993 1808 tamen-ut
2028 1756 2295 1819 objectum
2334 1752 2468 1802 bea-

1400 1830 1668 1881 titudinis.
1704 1828 1848 1879 Dicit
1883 1837 2061 1878 autem
2101 1825 2159 1874 in
2199 1821 2469 1890 praesenti,

1399 1902 1489 1969 qui
1529 1899 1841 1969 operamini,
1887 1897 2013 1964 quia
2042 1896 2260 1946 affectus
2296 1893 2473 1943 malus

1399 1973 1575 2024 adhuc
1603 1978 1845 2022 remanet
1875 1968 1929 2018 in
1959 1969 2053 2018 εἰς.
2084 1966 2234 2018 Unde
2261 1964 2469 2014 Hiero-

1403 2059 1600 2112 nymus
1636 2062 1653 2095 .·
1697 2060 1724 2088 α
1767 2043 1888 2092 Non
1926 2039 2086 2098 dixit,
2131 2037 2225 2104 qui
2267 2035 2469 2101 operati

1401 2118 1531 2168 estis
1567 2115 1929 2181 iniquitatem,
1962 2128 2029 2162 ne
2054 2111 2326 2162 videretur
2362 2109 2470 2157 tol-

1403 2190 1510 2240 lere
1557 2184 1958 2253 poenitentiam,
2008 2183 2100 2233 sed
2137 2181 2228 2248 qui
2274 2192 2470 2246 opera-

1402 2262 1549 2325 mini,
1578 2261 1678 2310 hoc
1705 2268 1803 2318 est,
1834 2257 1928 2323 qui
1960 2270 2131 2322 usque
2161 2254 2218 2303 in
2245 2267 2476 2318 praesen-

1403 2346 1512 2386 tem
1572 2333 1792 2390 horam',
1846 2345 1971 2379 cum
2022 2325 2206 2393 judicii
2261 2334 2475 2389 tempus

1404 2401 1696 2459 advenerit.
1719 2400 1844 2451 licet
1880 2415 1991 2449 non
2027 2395 2268 2447 habeatis
2303 2393 2474 2444 facul-

1407 2485 1569 2526 tatem
1599 2472 1870 2538 peccandi,
1893 2481 2075 2521 tamen
2106 2467 2281 2518 adhue
2308 2465 2477 2515 habe-

1406 2547 1478 2597 tis
1516 2544 1782 2595 affectum.
1811 2562 1838 2590 π
1873 2542 2025 2593 Unde
2055 2550 2108 2590 et
2141 2539 2477 2606 Chrysosto-

1408 2631 1526 2667 mus
1545 2633 1561 2666 .-
1585 2633 1612 2660 «
1639 2614 1760 2663 Non
1793 2612 1941 2672 dicit,
1972 2611 2066 2677 qui
2094 2620 2296 2675 operati
2329 2606 2476 2664 estiS,

1411 2687 1502 2737 sed
1533 2684 1624 2751 qui
1645 2682 1945 2750 operamini
1953 2698 1972 2744 ;
1997 2680 2125 2746 quia
2149 2678 2325 2746 iniqui
2356 2686 2479 2744 post

1414 2769 1642 2809 mortem
1692 2772 1801 2805 non
1829 2753 2086 2804 desinunt
2125 2767 2241 2802 esse
2282 2749 2480 2816 iniqui,

1413 2828 1691 2897 quoniam,
1725 2826 1822 2876 etsi
1853 2838 2065 2891 peccare
2095 2839 2204 2873 non
2234 2830 2479 2888 possunt,

1417 2899 1663 2968 peccandi
1730 2907 1909 2948 tamen
1973 2895 2304 2944 voluntatem
2370 2899 2480 2940 non

1416 2971 1691 3022 amittunt.
1733 2969 1870 3018 Nam
1902 2981 2049 3016 mors
2085 2964 2324 3014 animam
2354 2960 2482 3027 qui-

1415 3044 1538 3092 dem
1579 3057 1610 3092 a
1651 3055 1810 3090 carne
1850 3047 2089 3104 separat,
2140 3035 2336 3086 animae
2380 3048 2481 3082 au-

1417 3122 1526 3163 tem
1568 3109 1907 3176 propositum
1968 3124 2078 3157 non
2138 3106 2403 3156 immutat.
2450 3122 2478 3150 n

1417 3184 1601 3250 igitur,
1638 3192 1697 3231 ut
1734 3181 1809 3231 ait
1849 3181 1993 3231 idem
2021 3179 2443 3246 Chrysostomus
2466 3191 2483 3224 .·

1419 3277 1443 3303 ιι
1486 3253 1673 3305 Voluit
1713 3252 1981 3303 Dominus
2024 3251 2127 3299 hoc
2169 3249 2285 3297 loco
2332 3261 2484 3296 asse-

1418 3341 1566 3384 rere,
1616 3324 1762 3390 quod
1826 3321 1958 3372 fides
2008 3321 2212 3385 absque
2260 3332 2485 3383 operum

1418 3396 1692 3448 sanctitate
1731 3394 1810 3444 nil
1845 3394 2042 3451 valeat,
2079 3400 2132 3440 et
2166 3405 2276 3440 non
2325 3388 2487 3438 modo

1418 3470 1567 3530 fideS,
1598 3469 1692 3519 sed
1733 3482 1800 3517 ne
1844 3466 1960 3531 ipsa
2000 3463 2221 3530 quidem
2250 3461 2485 3527 cuipiam

1421 3540 1690 3592 mirabilia
1718 3537 1996 3605 profutura
2023 3534 2148 3595 sint,
2176 3534 2222 3585 si
2260 3548 2321 3584 ea
2353 3547 2488 3598 ope-

1421 3621 1566 3662 ratus
1588 3610 1751 3661 suerit
1780 3608 1982 3673 absque
2006 3604 2342 3672 possessione
2374 3602 2486 3653 vir-

1421 3695 1633 3748 tutum;
1662 3682 1789 3749 quia
1814 3696 1989 3747 neque
2015 3679 2165 3738 fides,
2193 3691 2366 3743 neque
2394 3674 2492 3727 mi-

1421 3757 1609 3809 rabilia
1655 3755 1952 3823 quidquam
2009 3753 2223 3811 valent,
2275 3750 2321 3801 si
2379 3764 2488 3800 non

1421 3830 1635 3882 assistat
1672 3828 1798 3880 vita.
1833 3847 1861 3875 n
1892 3829 1958 3879 Et
1992 3827 2189 3877 iterum
2232 3841 2247 3874 ε
2283 3842 2311 3872 «
2344 3824 2491 3874 Nus-

1421 3917 1588 3968 quam
1639 3899 1696 3950 in
1748 3900 2056 3965 operatione
2106 3897 2388 3964 signorum
2441 3903 2493 3945 et

1423 3971 1760 4023 mirabilium
1809 3970 2079 4024 beatitudo
2116 3966 2354 4036 ponitur,
2401 3964 2492 4016 sed
