2784 4452
371 301 475 352 208

367 419 508 469 citat.
567 417 634 466 Et
674 414 801 481 quia
843 412 932 463 ille
965 411 1121 461 dolor
1155 418 1234 460 est
1275 406 1435 457 etiam

368 490 446 539 illi
489 485 770 555 poenitenti
809 483 1051 550 quaedam
1089 494 1262 547 poena,
1314 491 1435 543 quae

366 572 575 612 tantum
598 568 772 625 potest
796 555 1032 619 intendi,
1062 553 1207 619 quod
1237 549 1436 602 sufficit

365 633 429 682 ad
459 630 782 682 deletionem
811 628 978 693 culpae
1001 635 1054 675 et
1078 640 1265 691 poenae.

436 703 497 754 15
529 705 961 753 SArrsrAcmnrm
1004 714 1106 748 Pno
1139 709 1434 746 PECCATORE

366 790 473 824 cun
501 789 635 824 11²so.
666 801 725 810 -
752 771 823 821 Et
846 769 890 820 si
919 769 1086 819 homo
1117 783 1213 833 per
1239 781 1295 816 se
1321 782 1432 816 non

366 845 538 911 possit
569 843 864 895 satisfacere
893 856 988 906 pro
1020 837 1244 906 peccatis
1267 876 1281 901 ,
1329 853 1433 902 po-

362 927 464 968 test
491 926 677 967 tamen
707 929 800 980 per
829 911 1154 978 adjutorium
1181 908 1430 960 alterius:

361 988 490 1054 quia
518 987 659 1038 enim
689 1000 845 1052 poena
873 997 1036 1049 quarn
1069 989 1308 1047 peccator
1331 980 1430 1028 de-

361 1060 452 1119 bet
505 1058 796 1117 sustinere,
858 1052 1064 1105 excedit
1103 1052 1244 1102 vires
1283 1051 1429 1115 ejus3

361 1129 481 1180 ideo
514 1127 781 1181 ordinavit
809 1127 970 1185 DeuS,
1012 1140 1075 1174 ex
1105 1137 1297 1188 magna
1323 1120 1431 1170 mi—

360 1200 666 1262 sericordia,
698 1208 758 1248 ut
778 1213 901 1248 cum
925 1212 988 1246 eo
1016 1205 1068 1246 et
1090 1211 1187 1260 pro
1215 1209 1297 1257 e0,
1327 1192 1432 1259 pri·

361 1288 514 1321 mum
545 1269 827 1338 satisfaciat
865 1268 1118 1318 meritum
1156 1265 1431 1315 Passionis

359 1342 594 1407 Christi,
649 1341 743 1408 qui
780 1356 873 1406 per
915 1355 1067 1390 suam
1099 1336 1426 1396 Passionem,

357 1430 466 1464 non
502 1414 679 1463 solum
722 1412 987 1461 mundum
1036 1407 1289 1468 redemit,
1335 1407 1429 1456 sed

361 1485 522 1534 etiam
552 1499 710 1534 suum
741 1482 994 1532 meritum
1023 1495 1120 1546 pro
1146 1478 1431 1549 peccatori·-

359 1560 462 1609 bus
523 1557 790 1608 satisfecit.
843 1555 1115 1614 Secundo,
1177 1551 1430 1603 satisfacit

356 1646 454 1696 pro
502 1638 775 1696 peccatore
823 1626 1078 1676 meritum
1117 1624 1283 1674 totius
1323 1624 1429 1673 Ec—

357 1699 530 1751 clesiae
551 1717 564 1749 :
587 1697 714 1749 dicit
740 1697 887 1747 enim
907 1695 1264 1762 AugustinuS,
1282 1694 1428 1760 quod

359 1776 733 1840 eleemosynae,
765 1781 817 1822 et
850 1771 1118 1821 orationes
1145 1785 1263 1835 quae
1291 1767 1430 1818 fiunt

358 1845 417 1895 in
461 1844 698 1896 Ecclesia
721 1882 734 1903 ‚
786 1841 1113 1892 subveniunt
1169 1856 1429 1905 recogno-

347 1915 523 1984 ,scenti
564 1924 799 1964 mentem
842 1928 1031 1972 suam,
1087 1911 1151 1960 ad
1195 1910 1426 1961 veniam.

354 1985 538 2036 Tertio
594 1985 843 2036 subvenit
904 1982 1162 2049 peccatori
1217 1982 1429 2047 propria

355 2055 661 2105 satisfactio,
716 2055 794 2105 Ex
844 2053 930 2103 his
965 2053 1166 2111 tribuS,
1196 2052 1423 2102 scilicet:

357 2126 551 2175 merito
594 2124 889 2175 Dominicae
928 2123 1224 2182 Passionis,
1255 2131 1307 2172 et
1339 2133 1427 2173 to-

356 2198 465 2249 tius
492 2197 771 2259 Ecclesiae,
820 2205 871 2247 et
904 2194 1135 2263 propriae
1165 2195 1427 2261 poeniten-

358 2270 462 2334 tiae,
480 2270 826 2335 componitur
840 2269 1098 2318 talentum
1119 2268 1429 2333 praeponde-

353 2359 479 2393 rans
513 2345 697 2409 culpae.
723 2344 788 2393 Et
808 2341 1102 2402 sciendum,
1125 2342 1424 2391 secundum

351 2416 750 2482 Hieronymum
769 2452 786 2475 ‚
836 2413 965 2479 quia
1013 2412 1261 2463 similiter
1315 2412 1425 2463 cir-

354 2486 630 2537 cumvenit
650 2487 871 2535 Satanas
897 2501 990 2549 per
1019 2484 1245 2534 nimiam
1269 2484 1425 2534 duri-

351 2556 482 2606 tiam
502 2593 515 2616 ,
557 2564 618 2604 ut
654 2563 946 2620 peccatores
992 2564 1207 2619 pereant
1240 2554 1427 2620 despe-

352 2626 539 2686 rand0,
561 2625 835 2692 quomodo
855 2624 912 2674 in
929 2624 1095 2675 nimia
1110 2624 1425 2675 remissione

352 2700 692 2765 corrigend0.
722 2699 876 2750 Unde
907 2699 1165 2748 Salomon
1198 2698 1322 2748 :Ne
1341 2699 1426 2748 de-

352 2770 520 2821 clines
542 2770 616 2819 ad
647 2770 953 2831 dexteram,
995 2782 1159 2833 neque
1179 2768 1254 2817 ad
1285 2768 1423 2820 sirii-

351 2848 539 2891 stram.

421 2912 484 2963 16
532 2914 731 2964 Cunus
772 2928 1028 2964 GRAVITAS
1067 2927 1422 2963 consxnssnA‘rA

350 3000 725 3035 resurrexi-mu
771 3002 1012 3038 Excmrr.
1043 3015 1105 3024 —
1144 2985 1217 3036 Ut
1243 2994 1421 3035 autem

351 3058 420 3107 ad
449 3058 706 3123 agendam
735 3057 1101 3124 poenitentiam
1131 3073 1421 3123 congruam

352 3129 525 3195 magis
545 3130 864 3191 accendariS,
887 3131 1163 3181 considera
1181 3130 1227 3180 si
1251 3147 1422 3180 unum

354 3210 632 3266 peccatum
680 3201 808 3250 Adae
849 3211 957 3251 tam
995 3201 1231 3252 districte
1258 3201 1424 3267 puni-

349 3283 470 3323 tum
494 3281 599 3332 est,
635 3281 694 3321 ut
732 3272 1015 3337 nongentis
1047 3274 1204 3324 annis
1229 3283 1280 3323 et
1307 3289 1424 3323 am-

355 3343 500 3409 plius
526 3343 647 3394 vitae
676 3343 841 3409 hujus
878 3344 1149 3394 miseriam
1185 3345 1390 3411 lugeret
1408 3384 1422 3406 ,

350 3426 406 3466 et
458 3416 514 3467 in
560 3425 911 3483 augmentum
952 3417 1181 3468 miseriae
1235 3418 1425 3469 multis

350 3486 609 3537 subsidiis
638 3497 692 3537 et
728 3486 932 3538 solatiis
959 3488 1421 3549 mechanicorum,

349 3557 550 3623 quibus
578 3574 720 3609 nunc
746 3557 968 3619 utimur,
1000 3569 1215 3620 careret,
1231 3575 1289 3609 ac
1314 3560 1424 3611 fere

349 3638 579 3693 quatuor
625 3629 867 3679 millibus
917 3645 1177 3679 annorum
1225 3629 1421 3681 inferni

347 3700 591 3750 tenebras
606 3701 898 3752 sustineret
914 3717 929 3765 ;
959 3702 1187 3767 qualiter
1202 3702 1425 3768 punien-

351 3780 440 3820 tur
467 3774 914 3839 transgressiones
934 3784 1130 3826 nostrae
1150 3785 1258 3826 tam
1284 3777 1427 3826 mul-

347 3848 434 3903 tae,
468 3849 576 3892 tam
610 3860 848 3911 magnae,
881 3862 1006 3896 cum
1035 3861 1300 3912 supernus
1321 3847 1423 3896 Ju-

346 3910 466 3973 dex,
499 3913 584 3964 cui
615 3916 874 3969 reddituri
901 3932 1090 3970 sumus
1103 3918 1170 3969 de
1193 3917 1423 3985 singulis

1040 291 1278 344 PRIMAE
1314 287 1561 341 PARTIS
1594 286 1826 338 CAPUT
1856 289 1971 341 XX.

1542 401 1821 462 rationem,
1848 413 1900 453 et
1918 402 2319 453 multitudinem
2340 413 2606 472 numeret,

1543 486 1594 525 et
1623 477 2051 542 magnitudinem
2082 478 2368 542 ponderet,
2399 485 2450 525 et
2476 476 2606 527 diu-

1540 550 1850 600 turnitatem
1878 549 2178 602 mensuret!
2210 550 2281 600 Et
2313 549 2430 599 ideo
2461 552 2608 600 mul-

1542 619 1613 669 tis
1645 621 1893 687 lacrymis
1926 632 1977 672 et
2005 620 2355 680 orationibuS,
2387 620 2607 672 multis-

1540 707 1647 758 que
1688 692 1899 758 jejuniis
1958 703 2038 742 est
2087 708 2255 758 opUS,
2307 702 2368 742 ut
2399 702 2609 758 peccata

1541 771 1739 820 nostra,
1766 763 1964 828 quibus
1996 779 2146 813 mors
2174 776 2369 812 aeterna
2387 764 2609 814 debeba-

1538 844 1643 895 tur,
1691 835 2050 885 satisfactione
2101 835 2370 901 condigna
2427 837 2608 886 delea-

1539 920 1678 955 mus,
1732 905 2027 955 Considera
2076 904 2237 955 etiam
2292 914 2344 954 et
2394 907 2607 956 attende

1537 977 1668 1041 quid
1699 992 1794 1042 per
1821 985 2092 1042 peccatum
2119 974 2394 1041 perdidisti
2418 1013 2431 1039 ‚
2471 976 2606 1041 quid

1536 1047 1837 1108 incurristi,
1877 1048 2002 1113 quis
2031 1046 2101 1097 sit
2124 1063 2285 1113 quem
2313 1045 2605 1099 offendisti.

1536 1128 1820 1178 Perdidisti
1874 1127 2164 1179 amicitiam
2210 1128 2374 1178 totius
2416 1127 2608 1178 Trini-

1536 1200 1676 1260 tatis,
1707 1201 2037 1265 Angelorum
2057 1239 2071 1260 ,
2118 1201 2522 1267 Apostolorum,
2553 1209 2607 1250 et

1535 1270 1782 1320 omnium
1810 1271 2157 1333 Sanctorum;
2207 1270 2450 1319 decorem
2481 1269 2607 1319 ani-

1537 1359 1662 1407 mae3
1719 1343 1971 1409 suffragia
2019 1343 2282 1394 Ecclesiae.
2333 1342 2608 1393 Incurristi

1536 1418 1756 1483 laqueos
1801 1416 2157 1476 fortissimos,
2202 1416 2383 1465 hostes
2411 1416 2606 1466 crude-

1535 1486 1790 1548 lissimos,
1816 1496 2017 1537 statum
2048 1486 2435 1552 periculosum,
2475 1485 2609 1535 hor-

1537 1558 1692 1608 ribile
1717 1558 2095 1625 praecipitium,
2114 1558 2380 1608 defectum
2402 1558 2604 1624 gratiae,

1536 1638 1588 1678 et
1613 1639 1842 1679 mortem
1890 1629 2100 1679 animae.
2154 1627 2437 1678 offendisti
2477 1643 2605 1678 eum

1536 1698 1630 1764 qui
1652 1708 1703 1749 te
1733 1699 1946 1760 creavit,
1982 1714 2078 1765 pro
2100 1708 2151 1748 te
2184 1696 2416 1748 mortem
2437 1698 2608 1748 susti-

1537 1769 1686 1830 nuit,
1735 1770 1906 1819 multa
1948 1767 2206 1819 beneficia
2257 1768 2511 1827 contulit,
2553 1779 2606 1819 et

1536 1853 1732 1894 aeterna
1772 1844 1994 1910 praemia
2019 1843 2359 1909 repromittit.
2410 1843 2468 1893 Si
2489 1844 2604 1894 haec

1533 1913 1727 1979 jugiter
1756 1912 2031 1979 cogitares,
2071 1912 2259 1978 utique
2290 1912 2528 1973 doleres,
2554 1924 2608 1963 et

1535 1999 1631 2049 pro
1663 1984 1888 2049 peccatis
1918 1984 2092 2035 fleres.
2121 1984 2192 2033 Et
2209 1983 2338 2048 quia
2356 1983 2412 2032 in
2441 1985 2605 2033 modo

1533 2059 1723 2123 agendi
1782 2057 2152 2123 poenitentiam
2177 2095 2191 2118 ,
2250 2071 2366 2106 raro
2436 2056 2607 2122 poeni·

1534 2137 1706 2178 tentes
1773 2127 1917 2177 docti
1990 2137 2118 2177 sunt
2141 2164 2155 2186 ,
2231 2141 2341 2174 non
2415 2141 2605 2176 omnes

1536 2199 1906 2266 poenitentiam
1966 2214 2146 2250 veram
2195 2208 2380 2264 agunt.
2423 2198 2601 2263 Nam,

1533 2274 1830 2326 secundum
1888 2272 2230 2323 Ambrosium
2292 2281 2343 2321 et
2395 2271 2603 2337 Grego-

1532 2345 1700 2406 rium,
1745 2343 1961 2394 facilius
2001 2342 2349 2393 inveniuntur
2386 2342 2480 2408 qui
2521 2343 2602 2393 in-

1533 2417 1835 2468 nocentiam
1884 2426 2245 2476 servaverunt,
2285 2431 2448 2482 quam
2503 2416 2599 2481 qui

1529 2505 1709 2541 veram
1731 2489 2098 2555 poenitentiam
2119 2499 2359 2555 egerunt.
2380 2488 2451 2537 Et
2479 2487 2601 2539 ideo

1533 2561 1683 2627 pauci
1716 2571 1844 2611 sunt
1874 2560 1967 2627 qui
2013 2559 2137 2625 igne
2168 2558 2459 2625 purgatorii
2488 2575 2600 2609 non

1533 2632 1797 2698 indigent.
1815 2631 1982 2682 -Unde
2011 2630 2328 2680 Ber-nardus
2354 2647 2369 2678 .-
2400 2647 2428 2675 «
2455 2628 2603 2679 Judi-

1530 2714 1649 2754 cent
1677 2714 1727 2754 et
1753 2704 1987 2754 sentiant
2015 2701 2104 2751 alii
2132 2711 2192 2751 ut
2236 2702 2452 2764 volunt,
2498 2716 2599 2765 ego

1529 2786 1666 2826 certe
1694 2776 1869 2826 adhuc
1895 2775 2107 2825 nullum
2136 2773 2481 2839 poenitentem
2503 2788 2602 2822 no-

1527 2847 1600 2908 vi,
1626 2863 1787 2913 quern
1811 2863 1921 2897 non
1938 2846 2198 2898 aestimem
2224 2844 2349 2911 igne
2366 2853 2418 2893 et
2441 2842 2601 2893 flam-

1530 2919 1635 2969 mis
1661 2918 1953 2985 purgatorii
1984 2917 2241 2983 indigere.
2273 2918 2486 2965 Mecum
2515 2914 2602 2964 fe-

1528 2991 1783 3043 licissime
1833 3003 2010 3043 actum
2046 2990 2288 3050 credam,
2345 2988 2387 3039 si
2422 3002 2600 3055 usque

1530 3064 1596 3113 ad
1626 3064 1769 3113 diem
1820 3062 2040 3129 judicii,
2086 3061 2159 3110 ita
2199 3074 2288 3111 me
2341 3068 2599 3125 purgato-

1533 3133 1709 3196 rium,
1762 3133 1816 3184 id
1859 3143 1939 3183 est
1975 3132 2382 3191 conflatorium,
2443 3131 2598 3180 omni

1530 3205 1697 3255 scoria
1731 3203 2131 3270 permundabit,
2151 3212 2211 3252 ut
2244 3203 2465 3252 audeam
2496 3202 2600 3251 Ju-

1530 3276 1634 3327 dici
1692 3286 1946 3342 purgatus
2009 3290 2286 3325 occurrere
2338 3291 2350 3323 :
2401 3293 2424 3319 ιο
2484 3273 2602 3323 haec

1531 3348 1867 3398 Ber-nardus.
1898 3347 2040 3397 Ecce
2067 3346 2199 3412 quid
2227 3359 2438 3411 sperare
2466 3360 2602 3410 pos-

1530 3431 1659 3472 sunt
1710 3420 1868 3471 multi
1903 3420 2118 3480 miseri,
2152 3419 2197 3469 si
2225 3418 2316 3468 ille
2359 3417 2443 3467 vir
2488 3426 2600 3467 tam

1530 3503 1762 3556 sanctuS,
1799 3493 1865 3543 de
1898 3508 1956 3543 se
1992 3492 2068 3543 sic
2102 3489 2322 3542 tremuit
2350 3499 2402 3540 et
2432 3503 2601 3554 expa-

1528 3564 1606 3614 vit
1636 3564 1650 3615 l

1603 3652 1664 3703 17
1690 3638 1983 3688 Cousmtm
2030 3648 2210 3684 mec-ric
2253 3646 2602 3682 ream-rmum:

1531 3722 1767 3759 AGENDAE.
1797 3737 1859 3746 —
1883 3708 1956 3758 Ut
2006 3705 2171 3772 igitur
2229 3701 2601 3769 poenitentiam

1530 3792 1710 3827 veram
1746 3794 1900 3845 agas,
1931 3786 1982 3827 et
2002 3775 2285 3843 perfectam
2317 3771 2601 3823 remissio-

1533 3848 1620 3898 nis
1682 3850 1904 3914 gratiam
1965 3846 2311 3913 consequaris
2336 3883 2350 3909 ,
2398 3845 2602 3895 cautela

1532 3933 1728 3986 magna
1779 3928 1859 3970 est
1911 3917 2241 3980 adhibenda,
2298 3925 2360 3966 ut
2415 3913 2601 3965 scilice
