2784 4452
321 257 431 309 424

322 359 451 427 quia
475 360 542 411 de
575 362 784 414 cunctis
810 363 1013 415 actibus
1051 364 1160 415 tuis
1205 364 1387 415 reddi-

321 439 477 481 turus
505 447 563 482 es
601 435 861 484 rationem
891 435 947 485 in
975 436 1189 500 judicio.
1231 436 1386 487 Unde

325 501 783 570 chrysostomus.-
808 525 836 552 «
876 507 1028 558 Nihil
1069 507 1269 574 quippe
1313 506 1386 556 ita

323 573 661 639 conglutinat
700 574 830 639 Deo,
872 587 932 627 ut
971 579 1216 643 lacrymae
1257 576 1382 635 illae,

323 658 459 709 quas
491 653 543 694 et
572 647 761 710 peccati
788 648 940 697 dolor
966 657 1019 698 et
1039 663 1189 698 amor
1210 647 1385 698 virtu-

322 715 394 765 tis
440 715 683 775 effundit,
744 717 858 768 sive
908 719 1124 785 propria
1181 729 1388 785 peccata

324 787 467 854 quis»,
499 789 610 839 sive
641 791 801 841 etiam
844 792 1159 842 lamentetur
1197 792 1385 842 aliena.

325 859 492 923 Cujus
522 860 669 909 enim
695 861 768 912 rei
800 862 967 928 gratia
987 861 1044 912 in
1070 863 1386 913 cachinnum

320 929 519 980 laxaris
581 944 640 980 ac
700 931 903 982 diffluis
969 932 1063 998 qui
1119 943 1387 983 tantorum

324 1011 517 1066 sponte
563 1001 731 1051 factus
773 1018 829 1052 es
872 1018 1026 1053 causa
1075 1020 1386 1065 moerorum,

325 1084 449 1125 ante
485 1074 723 1125 terribile
763 1075 897 1125 illud
926 1076 1129 1127 Christi
1158 1087 1391 1128 staturus

322 1147 580 1206 tribunal,
609 1156 662 1196 et
699 1162 911 1199 summa
950 1164 1073 1199 cum
1114 1150 1390 1200 examina-

324 1219 471 1269 tione
508 1218 765 1268 rationem
813 1235 910 1285 pro
937 1220 1141 1270 cunctis
1182 1220 1389 1271 actibus

326 1288 664 1340 redditurus?
709 1309 737 1337 ³)
790 1290 902 1341 haec
951 1291 1387 1360 chrysostomum

324 1358 495 1409 Valde
517 1368 695 1409 autem
728 1360 1087 1426 periculosum
1113 1370 1210 1421 est,
1244 1361 1389 1427 quod

325 1439 574 1497 peccator
602 1431 656 1481 in
680 1431 931 1482 sordibus
959 1443 1311 1497 peccatorum,
1340 1442 1392 1482 et

327 1503 386 1553 in
418 1512 590 1552 morte
634 1502 827 1553 animae
868 1504 1015 1568 jacet,
1056 1519 1164 1552 non
1202 1519 1392 1553 curans

328 1587 387 1623 se
416 1588 510 1638 per
537 1572 903 1638 poenitentiam
954 1589 1180 1640 purgare
1220 1584 1273 1624 et
1309 1589 1394 1623 re-

330 1659 567 1710 surgere.
611 1644 678 1694 Si
715 1644 851 1694 enim
900 1644 1104 1710 linguis
1131 1644 1396 1695 hominum

329 1713 625 1779 loquereris
665 1718 716 1763 et
745 1714 1095 1779 Angelorum,
1139 1725 1191 1765 et
1230 1714 1276 1765 si
1315 1723 1398 1764 tot

330 1803 426 1853 per
492 1797 641 1837 tuam
708 1788 1007 1838 doctrinam
1065 1797 1398 1840 converteres

330 1858 587 1917 homines
629 1868 762 1924 quot
807 1856 1024 1909 fuerunt
1053 1859 1302 1909 homines
1330 1860 1397 1910 ab

332 1928 492 1979 initio
537 1927 746 1991 mundi,
771 1928 853 1978 vel
885 1939 1019 1995 quot
1063 1941 1191 1980 sunt
1232 1930 1399 1980 stellae

334 2000 472 2061 coeli,
512 2009 564 2051 et
612 2000 843 2067 teipsum
892 2017 984 2066 per
1029 2001 1398 2067 poenitentiam

334 2087 446 2123 non
475 2070 834 2135 mundaveris,
855 2071 1046 2137 sactus
1072 2087 1129 2122 es
1152 2073 1294 2122 velut
1320 2087 1400 2122 αῖς

336 2158 560 2205 sonans,
628 2149 724 2192 aut
777 2144 1080 2208 cymbalum
1123 2145 1352 2195 tinniens
1376 2163 1397 2207 ;

334 2230 591 2282 campana
625 2211 768 2266 enim
792 2215 856 2265 ad
888 2215 1174 2267 utilitatem
1214 2216 1400 2268 homi-

335 2302 467 2337 num
537 2285 788 2346 servienS,
846 2288 1108 2351 pulsando
1167 2287 1399 2353 seipsam

336 2357 629 2409 consumit.
674 2358 751 2408 Et
802 2358 851 2408 si
900 2357 1150 2409 habueris
1198 2375 1400 2410 omnem

337 2432 628 2492 scientiam,
656 2440 707 2481 et
729 2431 774 2481 si
806 2447 899 2498 per
926 2443 1072 2482 tuam
1101 2432 1398 2496 scientiam,

339 2514 392 2556 et
437 2504 544 2556 tuis
603 2504 845 2556 discretis
910 2505 1153 2557 consiliis
1212 2522 1402 2557 omnes

340 2590 490 2642 reges
517 2575 707 2625 mundi
747 2576 831 2626 vel
860 2576 1149 2643 principes,
1175 2577 1286 2628 imo
1311 2588 1403 2627 to-

933 247 1172 299 PRIMAE
1208 248 1454 299 PARTIS
1484 248 1718 301 CAPUT
1742 250 1925 301 XLIV.

1494 373 1582 415 tus
1626 366 1865 416 mundus
1907 365 2119 431 pacifice
2170 366 2531 433 dirigerentur
2544 384 2558 430 3

1494 446 1546 487 et
1605 436 1836 502 teipsum
1891 453 1986 503 per
2029 437 2393 503 poenitentiam
2450 454 2562 488 non

1494 507 1799 567 correxeris,
1830 507 1969 557 nihil
1991 507 2256 574 proficies,
2279 509 2358 558 Et
2385 509 2435 558 si
2457 508 2565 558 ha-

1495 578 1671 628 bueris
1698 592 1898 628 omnem
1911 577 2095 643 fidem,
2123 578 2197 628 ita
2212 578 2358 644 quod
2382 579 2568 628 trahas

1493 649 1559 698 ad
1589 647 1749 698 fidem
1777 663 1967 698 omnes
2006 648 2238 711 JudaeOS,
2277 647 2568 698 haereticos

1496 728 1548 769 et
1570 734 1832 785 paganos;
1865 728 1917 769 et
1944 718 1990 769 si
2017 719 2075 768 in
2107 727 2318 784 peccato
2344 719 2563 768 mortali

1496 806 1570 855 es,
1594 790 1728 841 nihil
1748 791 1846 841 tibi
1859 790 2108 856 proderit
2130 792 2195 840 ad
2213 791 2336 840 vitae
2353 800 2568 841 aeternae

1495 863 1739 913 salutem.
1765 864 1897 913 Item
1931 862 1977 912 si
2016 862 2167 913 mille
2210 863 2441 912 claustra
2484 861 2568 912 fa-

1496 949 1659 994 ceres,
1687 943 1738 984 et
1757 932 1904 983 mille
1927 933 2213 998 hospitalia
2232 948 2399 982 manu
2435 948 2568 998 pro-

1498 1004 1613 1070 pria
1657 1002 1964 1060 aedificares,
2012 1012 2064 1052 et
2109 1003 2165 1052 in
2212 1002 2322 1053 illis
2376 1017 2571 1053 omnes

1499 1075 1688 1124 mundi
1729 1089 1990 1140 pauperes
2017 1073 2179 1124 bonis
2221 1074 2332 1124 tuis
2375 1089 2570 1140 pasce-

1498 1160 1608 1208 res3
1677 1144 1919 1211 quandiu
1967 1144 2023 1194 in
2083 1154 2298 1210 peccato
2352 1145 2569 1195 mortali

1499 1215 1760 1285 pers-istis,
1790 1216 1849 1266 in
1879 1225 2019 1266 statu
2049 1216 2427 1265 salvandorum
2453 1231 2571 1265 non

1499 1302 1575 1337 es.
1606 1288 1739 1338 Item
1768 1288 1819 1338 si
1839 1301 2034 1354 corpus
2069 1292 2214 1336 tuum
2241 1287 2305 1336 ad
2334 1303 2575 1337 creman-

1498 1358 1629 1407 dum
1666 1358 1818 1408 dares
1858 1367 1919 1408 ut
1959 1356 2298 1421 Laurentius,
2328 1357 2394 1407 ad
2420 1372 2574 1407 exco-

1500 1427 1748 1477 riandum
1779 1437 1841 1477 ut
1869 1427 2327 1487 Bartholomaeus,
2371 1428 2417 1478 si
2457 1443 2572 1477 cru-

1500 1495 1789 1562 cifigereris
1821 1507 1881 1547 ut
1922 1496 2202 1559 Christus;
2247 1508 2299 1548 et
2341 1497 2418 1546 sic
2444 1512 2567 1546 cum

1500 1568 1662 1618 unico
1721 1578 1932 1634 peccato
1991 1569 2202 1618 mortali
2261 1568 2568 1627 morereris,

1504 1655 1781 1707 nunquam
1831 1639 2125 1690 salvareris.
2167 1640 2301 1691 Item
2338 1640 2385 1691 si
2423 1640 2572 1690 mille

1505 1711 1674 1762 millia
1714 1711 1999 1771 missarum
2031 1727 2126 1776 pro
2169 1721 2220 1762 te
2246 1712 2570 1771 dicerentur,

1507 1786 1552 1836 si
1581 1800 1771 1835 omnes
1797 1784 2012 1835 Sancti'
1999 1801 2056 1834 in
2081 1786 2213 1836 coelo
2242 1802 2365 1836 cum
2386 1787 2572 1836 omni-

1508 1856 1609 1906 bus
1661 1856 1877 1922 Angelis
1923 1856 2169 1922 prostrati
2222 1867 2345 1907 ante
2394 1858 2572 1908 Deum

1508 1927 1824 1993 sanguineas
1853 1926 2136 1979 funderent
2161 1928 2441 1994 lacrymas,
2477 1945 2575 1979 us-

1507 2015 1614 2066 que
1654 1999 1712 2049 in
1755 1999 1900 2049 diem
1953 1999 2311 2050 novissimum
2359 2011 2576 2051 orantes

1509 2086 1605 2137 pro
1627 2080 1678 2121 te
1693 2109 1706 2130 ,
1734 2086 1843 2120 non
1865 2069 2131 2120 flecterent
2154 2070 2577 2121 misericordiam

1508 2143 1605 2194 Dei
1633 2143 1698 2192 ad
1737 2142 2098 2193 miserendum
2138 2144 2236 2204 tui,
2269 2143 2314 2194 si
2350 2145 2578 2194 decede-

1509 2232 1592 2268 res
1618 2215 1677 2267 in
1707 2225 1918 2282 peccato
1948 2216 2197 2267 mortali:
2230 2226 2281 2267 et
2309 2217 2431 2267 ideo
2461 2234 2580 2283 pec·

1510 2287 1671 2338 catori
1701 2288 1759 2337 in
1790 2297 1962 2337 morte
1989 2288 2183 2338 animae
2224 2289 2425 2353 jacente
2455 2289 2580 2354 plus

1508 2362 1704 2411 valeret
1750 2375 1859 2410 una
1897 2350 2162 2410 confessio
2215 2362 2369 2422 bona,
2413 2377 2581 2428 quam

1509 2432 1693 2483 omnia
1727 2432 1982 2483 beneficia
2011 2432 2264 2498 praedicta
2305 2449 2400 2499 per
2452 2449 2581 2484 eum

1510 2502 1661 2563 facta,
1689 2503 1773 2553 vel
1798 2501 1938 2553 sibi'
1925 2517 2182 2569 impensa.

1322 2768 1597 2819 ORATIO

405 2937 638 2989 Domine
663 2939 786 2990 Jesu
825 2938 1057 3002 Christe,
1086 2936 1208 2989 veni
1251 2937 1306 2987 in
1331 2936 1506 2997 Naim,
1535 2935 1770 2987 animam
1800 2952 1976 2987 meana
2018 2936 2367 2986 fluctuantem
2395 2943 2581 2986 tenta-

345 3009 615 3073 tionibus;
646 3010 1017 3076 appropinqua
1041 3018 1207 3076 portae
1238 3007 1566 3068 cohibend0,
1595 3023 1662 3058 ne
1692 3023 1788 3073 per
1810 3023 2000 3057 sensus
2019 3006 2236 3057 veniant
2254 3006 2320 3055 ad
2341 3004 2589 3067 effectus;

345 3080 532 3130 accede
560 3095 653 3145 per
681 3079 922 3145 gratiam,
951 3091 1109 3145 tange
1137 3094 1227 3129 cor
1255 3094 1349 3144 per
1366 3077 1766 3162 correctionem,
1798 3087 1942 3127 stent
1964 3076 2248 3143 portitores
2275 3073 2586 3125 occasiones

349 3153 601 3218 peccandi
652 3163 704 3203 et
738 3153 1193 3237 opportunitates;
1234 3152 1320 3202 dic
1348 3152 1545 3202 animae
1592 3151 1784 3217 jacenti
1815 3151 1869 3201 in
1897 3150 2138 3218 peccatiS,
2168 3160 2229 3199 ut
2262 3148 2460 3199 residat
2490 3165 2588 3214 per

349 3227 545 3277 bonam
589 3227 939 3287 voluntatem,
983 3226 1202 3308 incipiat
1250 3225 1402 3291 loqui
1437 3241 1531 3307 per
1573 3224 1989 3284 confessionem,
2021 3233 2203 3290 surgat
2249 3236 2343 3288 per
2384 3222 2586 3272 bonam

346 3298 740 3363 operationem;
774 3299 933 3349 redde
966 3299 1123 3349 matri
1153 3311 1287 3357 suae,
1321 3296 1504 3362 gratiae
1541 3295 1759 3354 nutrici,
1785 3305 1847 3345 ut
1876 3304 1980 3344 stet
2002 3309 2097 3359 per
2123 3292 2499 3355 stabilitatem;
2532 3304 2589 3343 et

349 3369 427 3421 sic
450 3371 660 3437 plebem
689 3381 856 3433 tuam,
880 3371 1022 3422 vires
1048 3371 1264 3430 animae,
1294 3368 1616 3428 affectiones,
1647 3378 1698 3420 et
1728 3366 2080 3434 cogitationes
2107 3366 2288 3417 visitet
2316 3375 2409 3415 tua
2436 3365 2589 3416 veri-

344 3450 425 3492 tas
461 3459 554 3508 per
580 3444 965 3508 cognitionem,
1006 3443 1178 3494 virtus
1204 3458 1299 3509 per
1334 3440 1721 3508 operationem,
1753 3450 1805 3490 et
1835 3437 2049 3489 bonitas
2087 3453 2184 3504 per
2205 3436 2581 3488 conservatio-

356 3531 501 3567 nem.
527 3517 720 3568 Amen.
