2784 4452
270 377 368 447 198

264 490 533 557 originali,
572 489 717 556 quod
759 505 857 557 per
901 489 1322 540 inobedientiam

265 561 426 629 primi
456 562 691 627 parentis
719 562 962 628 contigit,
991 561 1195 612 absolvi
1224 563 1324 611 de-

264 634 521 694 siderant,
551 634 822 684 submisso
851 648 1087 699 corpore,
1118 642 1171 684 et
1205 648 1323 683 cre-

264 705 393 755 dulo
420 706 594 769 corde,
627 705 885 771 Baptismi
932 713 1324 755 sacramentum

267 776 552 842 suscipere,
596 787 648 827 et
675 791 767 842 per
793 775 1151 843 obedientiam
1179 774 1323 835 fidei,

266 864 459 901 omnes
481 850 546 900 ad
575 850 910 916 Baptismum
940 849 1216 915 pervenire
1242 849 1328 898 de·

267 924 414 984 bent,
444 932 496 973 et
520 932 580 972 ut
606 921 953 988 significetur,
979 923 1125 988 quod
1146 921 1326 988 bapti-

266 995 397 1044 zatis
419 993 722 1044 obedientia
743 993 1010 1044 convenit.
1036 994 1131 1044 Est
1148 1003 1326 1043 autem

266 1065 463 1130 duplex
495 1064 753 1115 Bethania
778 1082 792 1115 ι
820 1079 929 1114 una
960 1074 1039 1114 est
1083 1065 1327 1130 quaedam

266 1135 392 1187 villa
405 1137 534 1186 citra
550 1136 577 1187 J
582 1136 852 1198 ordanem,
873 1135 939 1185 ad
957 1135 1065 1185 duo
1081 1133 1332 1185 milliaria
1376 1184 1377 1187 ,

270 1209 336 1260 de
361 1208 669 1267 Jerusalem,
695 1201 895 1259 sciliUet
917 1206 974 1256 in
1004 1207 1162 1256 latere
1181 1221 1331 1255 mon-

268 1281 339 1333 tis
360 1280 576 1355 Qliveti‚
597 1281 692 1330 ubi
718 1281 945 1330 Lazarus
965 1277 1072 1329 fuit
1098 1278 1329 1330 suscita-

890 376 1131 428 PRIMAE
1166 374 1414 427 PARTIS
1445 374 1679 427 CAPUT
1707 376 1823 427 XX.

1428 499 1550 552 tus;
1592 488 1715 549 alia,
1754 489 1821 539 de
1857 502 1965 555 qua
2003 489 2208 540 dictum
2246 499 2344 550 est,
2389 488 2494 541 sita

1430 574 1592 625 supra
1636 560 1951 624 Iordanem,
1993 575 2060 610 ex
2104 560 2267 610 altera
2310 570 2492 610 tamen

1431 642 1577 699 parte
1602 631 1864 696 fluminis,
1893 634 2096 684 scilicet
2119 634 2176 684 in
2203 643 2347 684 sorte
2371 634 2494 683 dua·

1432 718 1554 754 rum
1576 703 1838 765 tribuum,
1865 714 1922 755 et
1946 705 2201 766 dimidiae,
2232 720 2264 755 a
2290 705 2495 755 Jerusa-

1431 777 1538 826 lem
1591 776 1786 828 itinere
1832 776 1940 827 diei
1995 778 2178 841 uniuS,
2235 777 2331 827 ubi
2379 785 2495 827 erat

1431 849 1663 900 Joannes
1695 849 1985 916 baptizans,
2024 850 2225 900 scilicet
2267 850 2325 899 in
2359 861 2495 900 con·

1433 921 1566 971 finio
1596 921 1854 973 Gentium
1879 932 1932 973 et
1957 923 2286 982 Iudaeorum,
2310 931 2372 971 ut
2407 920 2498 971 his

1433 1000 1487 1042 et
1505 991 1617 1042 illis
1638 993 2006 1044 ostenderetur
2022 992 2331 1057 Baptismus
2355 1006 2496 1041 com·

1437 1062 1636 1113 munis·
1689 1063 1756 1114 Et
1807 1064 1944 1114 bene
1995 1070 2147 1113 trans
2200 1062 2494 1113 Jordanem

1437 1135 1753 1202 baptizabat,
1769 1136 1900 1202 quia
1916 1137 2129 1197 Gentes,
2150 1133 2497 1186 communius

1438 1224 1601 1274 quam
1654 1209 1844 1272 Judaei,
1883 1210 2224 1276 Baptismum
2278 1220 2495 1274 recepe·-

1436 1289 1581 1330 runt.
1615 1298 1643 1328 ιο

1254 1500 1527 1553 ORATIO

330 1670 581 1731 JoanneS,
615 1670 922 1722 beatissime
974 1687 1272 1738 praecursor
1308 1669 1535 1731 Christi,
1578 1686 1748 1737 praeco
1776 1666 1999 1734 Judicis,
2046 1668 2253 1720 amicus
2278 1662 2497 1735 Sponsi,

272 1756 375 1793 vox
396 1741 559 1791 Verbi
585 1741 772 1806 divini,
803 1741 896 1809 qui
923 1742 1177 1793 solatium
1207 1751 1403 1792 nostrae
1431 1740 1838 1806 Redemptionis
1869 1741 2189 1791 annuntiare
2232 1738 2497 1800 meruisti,

277 1815 503 1881 impetra
526 1814 664 1865 mihi
688 1815 885 1866 misero
917 1817 1057 1882 apud
1087 1817 1336 1867 eumdem
1360 1813 1659 1866 Dominum
1699 1824 1947 1864 nostrum
1983 1815 2167 1864 Jesum
2197 1813 2497 1874 Christum,

270 1889 383 1939 tuis
414 1889 770 1940 sanctissimis
798 1890 1065 1956 precibuS‚
1094 1900 1171 1954 ut,
1186 1899 1410 1956 purgato
1440 1904 1472 1939 a
1493 1887 1642 1939 vitiis
1656 1897 1884 1954 pectore,
1906 1898 1959 1938 et
1980 1897 2163 1938 ornato
2187 1885 2498 1950 virtutibuS‚

273 1975 455 2026 parem
481 1961 776 2012 secundum
801 1961 1036 2011 salubria
1062 1969 1152 2011 tua
1179 1960 1387 2010 monita
1415 1959 1556 2010 viam
1579 1958 1821 2019 Domini,
1847 1968 1898 2009 et
1925 1969 2091 2010 rectas
2117 1958 2307 2009 faciam
2328 1956 2498 2009 semi-

269 2043 352 2084 tas
375 2033 504 2099 ejus,
535 2043 798 2101 quatenus
818 2034 876 2084 in
906 2043 1143 2084 extremo
1163 2032 1378 2100 judicio,
1400 2047 1521 2083 cum
1548 2046 1724 2083 aream
1749 2032 1990 2082 Ecclesiae
2011 2047 2118 2082 suae
2142 2028 2499 2091 mundaverit,

273 2113 325 2154 et
347 2104 588 2155 triticum
626 2120 656 2155 a
692 2103 857 2170 paleis
878 2103 1214 2170 separaverit,
1246 2118 1450 2153 merear
1478 2101 1614 2153 inter
1655 2118 1820 2168 grana
1845 2101 2028 2163 tritici,
2053 2111 2106 2152 et
2145 2102 2339 2153 electos
2369 2114 2500 2152 suos

276 2172 524 2238 inveniri,
566 2186 618 2229 et
648 2175 709 2226 in
734 2175 990 2228 horreum
1014 2174 1244 2229 coelestis
1270 2172 1570 2225 mansionis
1598 2188 1721 2225 cum
1743 2172 1820 2224 eis
1852 2173 2062 2241 reponi.
2092 2173 2285 2224 Amen.

1129 2555 1464 2629 CAPUT
1508 2556 1642 2627 XX

895 2804 1000 2873 De
1043 2805 1474 2876 Paenitentia
1510 2805 1880 2901 facienda.

341 3060 359 3095 1
424 3045 761 3097 Poemnnm
804 3063 911 3099 nuo
955 3062 1235 3107 anqutmr.
1274 3073 1351 3118 ‘¹⁶⁷

273 3121 411 3182 Quia
431 3136 556 3172 vero
595 3123 661 3173 de
685 3123 1015 3188 poenitentia,
1047 3141 1139 3192 per
1170 3141 1334 3193 quam

272 3206 497 3259 regnum
537 3194 794 3243 coelorum
829 3197 1246 3263 appropinquat,
1283 3206 1335 3247 et

269 3263 355 3314 via
387 3263 609 3315 Domini
652 3274 884 3330 paratur,
923 3276 1124 3318 tactum
1157 3277 1240 3319 est
1275 3267 1334 3317 in

270 3335 709 3400 praecedentibus,
721 3350 867 3385 nunc
878 3347 1261 3403 consequenter
1269 3338 1337 3389 de

271 3405 389 3471 ipsa
415 3406 812 3473 aliquantulum
842 3406 1007 3458 latius
1038 3408 1334 3460 videamus.

274 3477 358 3527 Ad
423 3492 604 3528 veram
667 3477 849 3544 itaque
918 3477 1293 3543 poenitentiam
1320 3516 1334 3539 ‚

272 3563 439 3615 quam
488 3564 639 3601 amor
684 3549 783 3600 Dei
822 3559 875 3600 et
918 3548 1106 3600 odium
1141 3551 1337 3616 peccati

272 3619 416 3681 facit,
454 3631 579 3672 ante
614 3622 799 3672 omnia
830 3623 939 3672 duo
970 3622 1336 3688 requiruntur,

276 3691 479 3744 scilicet
528 3694 672 3760 quod
719 3703 960 3759 peccator
997 3693 1066 3745 de
1115 3693 1339 3759 peccatis

278 3763 559 3828 praeteritis
582 3765 756 3814 doleat
781 3773 833 3815 et
852 3778 1131 3831 nunquam
1155 3763 1341 3816 iterata

276 3830 394 3881 vice
437 3833 715 3898 peccandi,
757 3833 969 3885 firmam
1014 3835 1338 3886 voluntatem

280 3899 490 3953 habeat.
517 3904 647 3955 Sine
688 3904 778 3956 his
804 3906 1034 3966 duobus,
1073 3905 1340 3972 poeniten-

279 3970 358 4022 tia
378 3988 501 4024 vera
532 3991 643 4026 non
662 3987 747 4028 est
766 4015 780 4039 ,
810 3978 941 4044 quia
965 3977 1084 4029 sine
1123 3977 1229 4042 εἰς),
1245 3992 1343 4029 nec

1442 3050 1588 3103 Deus
1624 3062 1831 3119 peccata
1853 3053 2100 3114 dimittit,
2131 3067 2230 3104 nec
2263 3054 2505 3107 sacerdos

1442 3125 1720 3177 absolvere
1760 3137 1794 3178 a
1839 3126 2070 3193 peccatis
2117 3136 2308 3193 potest.
2351 3127 2508 3178 Unde

1444 3196 1763 3248 Bernardus
1790 3212 1807 3249 :
1837 3214 1867 3245 κ
1908 3198 2046 3248 Vera
2084 3197 2354 3264 siquidem
2386 3211 2507 3264 ροι-

1444 3267 1670 3320 nitentia
1731 3277 1814 3319 est
1838 3307 1855 3331 ‚
1923 3268 2044 3320 sine
2109 3269 2509 3321 intermissione

1445 3338 1722 3405 temporis,
1754 3340 1824 3390 de
1876 3339 2162 3406 praeteritis
2203 3341 2361 3391 malis
2408 3341 2509 3390 do·-

1445 3408 1554 3460 lere
1571 3445 1588 3470 ,
1638 3418 1693 3460 et
1730 3410 1811 3461 sic
1855 3412 2110 3478 plangere
2172 3411 2465 3462 commissa
2491 3445 2507 3472 ‚

1446 3490 1507 3532 ut
1558 3497 1672 3532 non
1709 3483 2015 3535 committat
2057 3485 2377 3551 plangenda.
2425 3484 2509 3534 Ir-

1447 3551 1587 3601 risor
1647 3565 1892 3620 namque>
1942 3564 2023 3605 est
2043 3593 2058 3618 ,
2114 3563 2166 3605 et
2218 3569 2328 3605 non
2387 3565 2512 3605 vere

1449 3621 1733 3688 poenitens,
1764 3624 1859 3689 qui
1887 3625 2066 3676 adhuc
2084 3625 2196 3691 agit
2217 3625 2364 3692 quod
2388 3638 2510 3691 ρω-

1449 3691 1633 3744 niteat.
1672 3693 1732 3743 Si
1761 3708 1889 3759 ergo
1928 3693 2012 3745 vis
2049 3709 2207 3746 verus
2243 3695 2512 3762 poenitens

1448 3778 1581 3824 esse,
1605 3778 1752 3815 cessa
1768 3779 1798 3815 a
1822 3775 2049 3831 peccato,
2068 3776 2122 3816 et
2142 3766 2378 3832 amplius
2397 3763 2509 3817 noli

1450 3849 1680 3900 peccare.
1705 3835 1975 3895 Quoniam
2008 3835 2189 3887 inanis
2217 3846 2299 3887 est
2331 3835 2512 3902 poeni-

1449 3905 1613 3955 tentia
1630 3942 1645 3967 ,
1707 3920 1872 3972 quam
1921 3919 2150 3973 sequens
2197 3907 2515 3973 coinquinat

1448 3978 1621 4045 culpa.
1655 3997 1684 4027 u
1701 3979 1853 4031 Unde
1873 3989 1928 4031 et
1949 3979 2300 4047 Gregorius:
2326 3997 2355 4026 α
2383 3980 2513 4031 1>oe-
