2784 4452
296 317 401 372 356

292 434 561 486 dimittere
602 432 847 500 proximo
879 443 1150 500 peccatum
1179 432 1237 483 in
1261 446 1360 483 nos

293 507 680 571 commissum3
721 516 799 567 ut,
831 507 1129 558 secundum
1156 506 1363 572 Grego-

291 581 451 643 rium,
482 580 687 630 bonum
710 581 854 646 quod
886 596 917 630 a
954 580 1064 630 Deo
1097 594 1361 644 compun-

292 651 364 702 cti
387 650 637 718 petimus,
668 651 771 701 hoc
807 650 986 716 ipsum
1017 649 1192 716 primo
1230 664 1360 715 pro-

293 724 443 775 ximo
532 724 774 776 conversi
855 724 1130 774 faciamus.
1208 722 1362 773 Unde

293 794 438 845 idem
484 796 799 861 Cyprianus
835 811 854 845 .·
893 811 921 840 «
953 794 1058 854 Qui
1089 808 1215 858 ergo
1264 806 1361 857 pro

297 867 529 932 peccatis
552 882 701 917 orare
732 881 833 917 nos
861 866 1061 927 docuit,
1090 875 1360 933 paternam

296 938 718 989 misericordiam
754 937 1020 1003 promisit,
1068 937 1160 988 sed
1208 938 1363 1003 plane

295 1007 503 1059 addidit
539 1009 730 1074 legem,
761 1017 903 1059 certa
932 1007 1241 1058 conditione
1264 1021 1363 1056 nos

293 1079 682 1145 constringenS,
724 1088 786 1129 ut
818 1079 895 1129 sic
935 1078 1093 1129 nobis
1119 1078 1363 1128 debitum

294 1151 497 1202 dimitti
523 1151 875 1215 postulemu5‚
899 1151 1196 1202 secundum
1216 1149 1363 1215 quod

293 1230 347 1272 et
393 1220 598 1285 nosipsi
655 1221 992 1271 debitoribus
1051 1219 1253 1269 nostris
1290 1218 1365 1267 di·

294 1293 582 1345 mittimus.
634 1312 662 1340 »
711 1294 862 1344 Unde
885 1295 890 1300 ’
915 1304 968 1344 et
1030 1293 1365 1360 Chrys-osto·-

294 1358 413 1415 mics
436 1380 454 1414 .·
471 1383 495 1410 α
513 1364 634 1414 Non
654 1374 832 1415 autem
854 1364 990 1415 dixit
1007 1374 1069 1415 ut
1099 1379 1253 1430 prms
1275 1378 1368 1413 no·

293 1434 380 1486 bis
422 1434 565 1484 Deus
610 1435 876 1500 dimittat,
925 1445 977 1486 et
1023 1445 1209 1500 postea
1267 1449 1372 1489 nos,

293 1505 630 1556 debitoribus
663 1507 880 1557 nostris.
911 1506 1025 1557 Scit
1051 1506 1198 1556 enim
1222 1506 1366 1556 Deus

291 1576 545 1628 homines
571 1593 686 1628 esse
711 1578 1011 1637 mendaceS,
1027 1577 1289 1644 quoniam
1316 1585 1369 1626 et

294 1650 342 1701 si
386 1650 683 1716 acceperint
736 1650 1111 1700 remissionem
1170 1649 1365 1716 peccati

298 1720 401 1780 sui,
428 1720 532 1787 ipsi
563 1721 676 1771 suis
705 1721 1041 1772 debitoribus
1061 1737 1170 1771 non
1191 1721 1369 1770 dimit-

298 1799 447 1854 tunt;
480 1790 599 1841 ideo
621 1790 697 1840 sic
726 1790 859 1840 dicit
893 1800 954 1840 ut
991 1790 1142 1856 prius
1176 1789 1369 1839 dimit-

299 1869 496 1922 tamuS,
528 1874 580 1912 et
616 1871 796 1926 postea
828 1871 1071 1927 petamus
1101 1860 1370 1911 dimissio-

304 1948 448 1983 nem.
487 1952 515 1980 »
564 1933 629 1983 Et
675 1932 872 1983 iterum
914 1948 929 1982 ε
965 1950 993 1979 «
1027 1934 1152 1982 Haec
1205 1931 1369 1997 igitur

301 2003 784 2054 animadvertentes
810 2013 983 2069 grates
1000 2004 1216 2069 agendae
1241 2014 1370 2055 sunt

305 2077 639 2127 debitoribus
666 2077 883 2141 nostris,
912 2076 1052 2128 fiunt
1076 2078 1223 2129 enim
1262 2092 1368 2128 no-

305 2148 410 2209 bis,
441 2149 486 2199 si
534 2149 787 2214 sapimuS‚
818 2164 976 2200 causa
1021 2149 1368 2216 indulgentiae

306 2221 573 2283 maximae,
617 2232 668 2273 et
709 2238 872 2289 pauca
904 2222 1215 2273 exhibentes
1257 2223 1370 2289 plu-

304 2292 445 2342 rima
465 2293 805 2359 recipiemus.
838 2295 973 2344 Nam
999 2303 1050 2345 et
1071 2310 1170 2344 nos
1199 2295 1370 2344 multa

303 2362 564 2413 debemus
592 2374 644 2413 et
681 2379 874 2430 magna
895 2364 1076 2416 debita
1111 2365 1366 2425 Domin0,

302 2447 537 2498 quorum
572 2433 616 2483 si
653 2434 936 2484 minimam
974 2444 1179 2501 partem
1210 2450 1241 2485 a
1278 2450 1371 2485 no-

305 2502 392 2552 bis
414 2503 572 2552 vellet
583 2503 809 2569 exigere,
826 2505 931 2570 jam
956 2505 1283 2570 perissemus
1304 2523 1319 2556 ε
1341 2525 1368 2554 »

305 2574 420 2624 haec
474 2574 909 2642 Chrysostomus.
967 2577 1071 2627 Sed
1126 2578 1259 2645 quid
1306 2578 1372 2627 de

301 2645 398 2695 illo
426 2645 521 2711 qui
566 2662 674 2697 non
724 2645 1024 2700 satisfacere
1068 2649 1186 2701 vult
1243 2665 1368 2700 cum

303 2727 497 2784 potest,
531 2735 626 2769 nec
666 2720 880 2771 veniam
930 2723 1201 2786 postulare
1244 2738 1369 2773 cum

306 2805 420 2840 non
479 2791 684 2855 potest?
731 2794 872 2843 Sane
926 2793 1371 2860 distinguendum

306 2869 388 2911 est
417 2877 431 2911 ε
462 2861 509 2911 is
541 2862 686 2912 enim
724 2863 820 2930 qui
851 2863 993 2914 viam
1032 2865 1374 2930 perfectionis

308 2929 553 2997 arripuit,
601 2933 755 2983 debet
798 2933 960 2984 etiam
1012 2950 1122 2985 non
1171 2937 1372 3002 petenti

308 3002 524 3052 veniam
560 3003 889 3054 omnimodis
927 3005 1218 3072 indulgere,
1266 3024 1377 3058 non

311 3074 489 3123 solum
523 3089 795 3124 rancorem
832 3075 998 3126 animi
1037 3076 1378 3141 dimittendO,

310 3145 404 3195 sed
456 3145 574 3196 sine
619 3145 981 3198 satisfactione
1025 3147 1377 3215 injuriarum,

311 3217 431 3268 sine
464 3218 804 3269 restitutione
833 3235 1031 3284 rerum,
1056 3220 1176 3272 sine
1208 3222 1381 3273 inter-

310 3296 476 3338 ventu
507 3296 743 3354 precum,
776 3290 960 3341 omnia
991 3291 1277 3357 dimittere,
1329 3302 1382 3343 et

310 3373 375 3408 ex
423 3376 557 3425 puro
595 3361 752 3411 corde
789 3360 1031 3427 diligere,
1080 3371 1133 3412 et
1173 3363 1239 3413 ad
1278 3364 1380 3413 hoc

310 3441 561 3482 tenentur
615 3432 865 3499 perfecti,
910 3434 1039 3500 quia
1090 3434 1167 3484 sic
1215 3435 1383 3486 consi-

310 3500 448 3552 lium
475 3511 579 3565 est3
628 3502 722 3568 qui
751 3518 877 3554 vero
913 3503 1158 3553 nondum
1202 3504 1380 3569 perfe-

309 3572 507 3623 ctionis
520 3582 705 3623 votum
718 3573 1027 3639 assumpsit,
1043 3583 1255 3626 tenetur
1267 3576 1382 3642 qui-

311 3642 435 3692 dem
468 3658 741 3694 rancorem
774 3644 944 3695 animi
993 3644 1282 3708 dimittere,
1319 3658 1381 3698 ut

313 3728 411 3765 nec
439 3714 646 3766 malum
670 3714 873 3766 inimici
900 3716 1032 3767 velit
1058 3717 1259 3784 augeri,
1280 3735 1377 3771 nec

314 3783 523 3835 bonum
583 3787 698 3851 ejus
748 3786 956 3848 minui,
1000 3787 1092 3839 sed
1140 3790 1284 3855 quod
1323 3791 1377 3843 in

315 3870 440 3906 eum
469 3858 717 3924 deliquit,
755 3859 1057 3927 aliqualiter
1098 3862 1373 3928 satisfieri;

314 3934 367 3978 et
402 3927 468 3978 ad
497 3929 601 3980 hoc
626 3938 878 3983 tenentur
904 3946 1111 3996 omnes,
1140 3935 1267 4002 quia
1300 3935 1379 3989 sic

882 316 1127 368 1²leAE
1159 315 1408 367 PARTIS
1440 313 1675 366 CAPUT
1703 313 1960 365 XXXVII.

1465 440 1787 497 praeceptum
1816 440 1914 481 est.
1934 427 2203 480 Remissio
2227 444 2353 495 ergo
2373 431 2539 482 offen·

1465 519 1538 555 sae
1567 514 1650 554 est
1690 503 1756 553 de
1801 500 2111 553 necessitate
2131 540 2144 561 ,
2190 502 2318 568 quia
2365 503 2538 554 homo

1465 586 1674 628 tenetur
1713 591 1828 626 esse
1855 575 1913 625 in
1955 574 2211 625 charitate
2245 584 2298 625 et
2341 591 2540 627 omnes

1466 649 1723 715 diligere}
1756 648 1849 699 sed
1892 646 2138 698 remissio
2170 647 2379 713 injuriae
2425 663 2540 698 non

1466 731 1547 771 est
1584 719 1929 780 necessitatis,
1965 720 2059 770 sed
2103 720 2536 785 supererogatio-

1467 791 1567 843 niS.
1606 791 1759 842 Sicut
1788 792 1935 841 enim
1983 791 2262 857 pecuniam
2301 791 2539 841 ablatam

1469 879 1578 913 non
1609 872 1819 914 tenetur
1840 863 1966 929 quis
2002 862 2259 913 auferenti
2289 862 2539 912 dimitte·-

1467 951 1540 995 re,
1567 935 1660 985 sed
1691 944 1863 1000 potest
1896 950 2014 985 eam
2040 944 2300 1000 repetere;
2331 934 2409 983 sic
2436 950 2543 999 pro

1467 1006 1663 1073 injuria
1688 1006 1793 1057 sibi
1830 1007 1975 1058 illata
2017 1015 2191 1072 potest
2230 1021 2542 1071 recompen-

1467 1078 1730 1144 sationem
1774 1094 1868 1144 per
1907 1079 2189 1128 emendam
2217 1088 2393 1144 petere
2411 1117 2424 1137 ,
2462 1094 2544 1128 se-

1468 1151 1706 1201 cundum
1727 1149 1971 1200 ordinem
2003 1149 2237 1215 justitiae.
2274 1149 2429 1208 Nam,
2453 1165 2545 1199 se·-

1468 1221 1703 1271 cundum
1722 1220 2102 1287 Augustinum,
2140 1236 2250 1269 non
2292 1220 2545 1286 loquitur

1468 1292 1536 1342 de
1565 1291 1745 1342 debito
1779 1291 2018 1357 pecuniae
2046 1291 2156 1341 sive
2189 1290 2408 1356 justitiae
2431 1292 2545 1342 exi-

1470 1363 1685 1430 gendae,
1721 1363 1815 1413 sed
1857 1362 2091 1413 rancoris
2138 1371 2189 1412 et
2236 1362 2544 1415 inimicitiae

1470 1451 1576 1484 non
1622 1434 1987 1485 reinferendae.
2036 1433 2176 1493 Quia
2225 1448 2349 1483 vero
2410 1444 2545 1484 sunt

1471 1507 1660 1573 culpae,
1712 1507 1766 1557 in
1810 1506 2010 1572 quibus
2052 1507 2209 1571 culpa
2248 1514 2327 1556 est
2364 1505 2548 1556 vindi·

1471 1590 1610 1630 ctam
1660 1578 1939 1642 relaxare3·
1961 1587 2014 1628 et
2063 1578 2109 1628 si
2158 1588 2431 1644 peccatum
2483 1579 2543 1628 in

1475 1665 1574 1701 nos
1616 1660 1893 1700 teneamur
1934 1648 2222 1713 dimittere,
2265 1658 2545 1715 peccatum

1471 1732 1652 1773 tamen
1702 1722 1756 1771 in
1812 1723 2004 1781 Deum,
2059 1731 2112 1771 et
2163 1731 2436 1787 peccatum
2481 1722 2543 1772 in

1472 1793 1778 1860 proximum
1826 1792 2083 1843 debemus
2121 1792 2330 1858 punire.
2379 1792 2543 1843 Unde

1470 1862 1845 1933 Hieronymus
1872 1882 1889 1915 .·
1916 1882 1943 1910 «
1973 1864 2031 1914 Si
2054 1864 2343 1929 peccaverit
2365 1863 2422 1913 in
2445 1874 2552 1914 nos

1471 1936 1632 1987 frater
1665 1945 1862 1995 noster,
1912 1944 1965 1984 et
2008 1934 2065 1984 in
2104 1934 2341 1999 qualibet
2384 1950 2547 1985 causa

1473 2023 1573 2059 nos
1604 2008 1799 2059 laeserit
1819 2045 1834 2068 ,
1899 2006 2205 2057 dimittendi
2278 2006 2548 2057 habemus

1472 2088 1786 2146 potestatem
1814 2116 1829 2139 ,
1886 2077 1998 2127 imo
2057 2077 2473 2140 necessitatem,
2499 2076 2547 2128 si

1470 2158 1649 2199 autem
1673 2148 1730 2198 in
1755 2149 1928 2198 Deum
1951 2147 2077 2213 quis
2096 2147 2406 2213 peccaverit,
2429 2163 2547 2197 non

1472 2229 1550 2271 est
1574 2218 1743 2270 nostri
1765 2218 1995 2270 arbitrii.
2013 2218 2122 2268 Nos
2147 2234 2176 2269 e
2197 2216 2462 2269 contrario
2486 2217 2547 2268 in

1471 2292 1569 2343 Dei
1585 2291 1776 2358 injuria
1797 2289 2017 2358 benigni
2037 2306 2244 2352 sumuS,
2265 2290 2325 2340 in
2346 2290 2552 2342 nostris

1472 2363 1814 2415 contumeliis
1841 2379 2146 2415 exercemus
2186 2363 2345 2413 odia:
2375 2382 2403 2409 »
2428 2363 2552 2413 haec

1472 2437 1862 2502 Hieronymus.
1899 2436 2004 2496 Qui
2037 2451 2164 2501 ergo
2194 2434 2400 2485 laborat
2422 2432 2557 2484 odio

1460 2499 1556 2560 ‘vel
1571 2507 1774 2559 invidia
1792 2517 2038 2573 gravatur
2052 2506 2225 2572 magis
2240 2506 2340 2555 hac
2356 2504 2556 2555 oratio-

1474 2595 1541 2630 ne
1572 2594 1736 2647 quam
1777 2579 1984 2644 juvetur
2030 2593 2107 2628 ea.
2137 2577 2268 2627 Tale
2291 2576 2437 2627 enim
2465 2587 2556 2627 est

1475 2666 1535 2701 ac
1578 2650 1625 2700 si
1664 2649 1809 2700 dicat
1847 2666 1862 2700 ε
1910 2649 2033 2701 Noli
2081 2647 2218 2698 mihi
2271 2647 2553 2698 dimittere

1478 2732 1689 2788 peccata
1747 2737 1893 2787 mea,
1940 2720 2068 2788 quia
2120 2735 2220 2770 nec
2276 2735 2377 2787 ego
2423 2718 2556 2769 volo

1477 2791 1598 2843 aliis
1667 2792 1939 2843 dimittere
2012 2806 2124 2842 sua.
2187 2792 2318 2842 Ecce
2366 2805 2555 2856 quan-

1479 2874 1594 2914 tum
1627 2865 1917 2916 detestetur
1944 2864 2213 2914 Dominus
2250 2862 2556 2913 fraternum

1481 2935 1688 2996 odium,
1734 2952 1858 2987 cum
1906 2935 1979 2987 ita
2019 2934 2454 2985 conditionaliter
2499 2942 2560 2983 et

1482 3024 1590 3058 non
1633 3009 1789 3061 aliter
1840 3007 2079 3058 dimittat
2124 3017 2396 3074 peccatum
2422 3044 2436 3067 ,
2505 3005 2557 3055 si

1482 3080 1682 3131 scilicet
1734 3079 1880 3130 fratri
1931 3078 2318 3128 dimiserimus.
2387 3078 2556 3136 Nam,

1482 3162 1542 3204 ut
1583 3153 1660 3203 ait
1701 3151 1987 3204 Anselmus
2027 3168 2046 3201 .-
2088 3169 2116 3197 ιι
2157 3147 2559 3215 Indulgentiam

1485 3240 1595 3274 non
1629 3223 1871 3286 habebis,
1905 3221 2007 3271 nisi
2040 3221 2270 3272 dederis.
2295 3240 2324 3268 n
2346 3221 2414 3271 Et
2442 3219 2562 3270 Se-

1483 3309 1612 3346 neca
1647 3312 1665 3346 .-
1698 3312 1725 3341 «
1761 3292 1928 3344 Alteri
1957 3306 2170 3358 semper
2194 3291 2428 3358 ignosce,
2449 3289 2560 3340 tibi

1485 3365 1589 3432 ipsi
1624 3378 1919 3430 nunquam.
1944 3383 1972 3412 ι)

1548 3450 1582 3502 9
1623 3435 1797 3484 Sarra
1849 3449 2078 3484 Part-rio.
2112 3460 2175 3472 -
2203 3431 2409 3483 Deinde
2467 3444 2567 3480 se-

1484 3507 1673 3576 quitur
1733 3516 1880 3558 sexta
1921 3507 2109 3573 petitio
2163 3522 2179 3556 ι
2228 3504 2309 3556 Et
2356 3517 2422 3555 ne
2457 3516 2568 3554 nos·

1485 3581 1711 3633 inducas
1748 3579 1803 3630 in
1847 3581 2199 3643 tentationem,
2218 3577 2421 3629 scilicet
2449 3589 2566 3626 car·

1486 3652 1590 3716 nis,
1637 3661 1699 3702 ut
1740 3666 1840 3701 nos
1877 3667 1988 3702 non
2017 3651 2299 3702 absorbeat
2336 3662 2430 3714 per
2450 3662 2568 3697 vo·-

1484 3724 1766 3790 luptatem;
1813 3722 1897 3773 vel
1936 3721 2148 3782 mundi,
2191 3731 2253 3772 ut
2288 3733 2387 3769 nos
2436 3732 2560 3768 non

1482 3794 1763 3846 comburat
1803 3808 1899 3859 per
1922 3792 2265 3860 cupiditatem
2279 3806 2295 3854 3
2329 3788 2413 3840 vel
2446 3787 2568 3839 dia·

1483 3866 1613 3927 boli,
1645 3875 1708 3918 ut
1727 3879 1827 3915 nos
1848 3879 1953 3914 non
1982 3865 2166 3930 perdat
2201 3877 2295 3930 per
2336 3858 2563 3926 iniqui-

1481 3948 1662 3994 tatem.
1706 3939 1801 3993 Est
1828 3946 2008 3991 autem
2055 3937 2279 3991 tentatio
2309 3933 2514 4001 duplex
2547 3947 2569 3984 z
