2784 4452
384 401 495 467 314

962 402 1204 482 rmum
1237 401 1489 454 mans
1516 401 1753 460 CAPUT
1776 402 2020 464 xxxin,
2044 427 2065 453 .

381 518 500 570 ficis
524 520 660 569 bene
684 483 880 569 diana
906 534 922 569 ι
945 490 1323 584 qaam-«mu.-
1339 519 1446 570 Da·
1550 519 1788 580 mudum
1814 520 2276 583 Che-rsostomum,
2314 520 2491 586 posita
2514 536 2612 587 pa-

380 591 728 642 vocabuntur.
767 590 1020 660 Pacifici⁴
1048 591 1210 641 etiam
1264 590 1450 640 dicun-

381 662 589 728 turqui
605 662 859 722 totaliter,
882 662 1046 712 etiam
1073 676 1167 727 per
1193 660 1442 714 affecmm

379 732 595 794 mentis,
625 734 759 794 Deo,
781 733 920 784 sicut
936 747 1164 783 summae
1193 731 1443 791 bonitati,

378 804 797 870 conjunguntur,
810 813 862 854 et
876 803 954 854 sic
970 803 1110 854 nihil
1130 803 1278 853 aliud
1294 813 1444 854 extra

378 874 559 940 ipsum
592 883 875 941 quaerunt;
917 875 1011 925 sed
1036 874 1097 924 in
1132 874 1253 939 ipso
1278 873 1441 941 quie-

377 955 558 996 tantur
597 956 648 995 et
695 944 1056 1010 pacificantur.
1099 945 1205 1005 Qui
1243 955 1296 995 et
1322 945 1441 1011 filii

375 1017 481 1068 Dei
543 1017 718 1067 vocari
762 1027 1056 1077 merentur
1084 1018 1213 1084 quia
1247 1016 1439 1068 filiatio

374 1090 476 1141 Dei
539 1091 797 1155 importat
850 1090 1296 1141 assimilationem
1370 1090 1440 1142 ad

373 1164 577 1227 Deum3
612 1164 894 1228 proprium
930 1174 1112 1214 autem
1140 1173 1221 1214 est
1266 1162 1442 1228 ipsius

373 1235 474 1285 Dei
509 1236 691 1301 seipso
716 1234 844 1297 fimi,
871 1246 924 1286 et
958 1236 1016 1286 in
1041 1236 1162 1302 ipso
1189 1235 1438 1302 quietari.

375 1305 589 1356 Pacifici
612 1320 741 1372 ergo
779 1322 901 1358 esse
925 1308 1207 1366 debemus,
1236 1316 1297 1356 ut
1317 1321 1441 1357 vere

374 1375 555 1441 ipsum
589 1377 764 1427 Deum
801 1377 947 1443 pacis
972 1378 1030 1427 in
1059 1378 1222 1428 nobis
1242 1376 1445 1429 habere

373 1463 700 1513 mereamur,
751 1450 820 1500 de
861 1465 973 1515 quo
1017 1450 1277 1515 scriptum
1316 1459 1400 1499 est
1423 1464 1442 1498 ε

373 1517 579 1569 Factus
607 1525 690 1569 est
712 1519 766 1569 in
781 1533 919 1585 pace
946 1520 1095 1571 locus
1122 1520 1260 1585 ejus.'
1275 1539 1304 1566 υ
1332 1519 1439 1571 Ubi

367 1590 710 1656 Augustinus
727 1604 745 1641 .·
767 1610 794 1638 κ
822 1591 1027 1642 Pacifici
1049 1592 1108 1641 in
1130 1591 1444 1657 semetipsis

365 1670 522 1725 sunt,
564 1661 660 1727 qui
701 1677 893 1713 omnes
924 1662 1091 1712 animi
1130 1662 1217 1713 sui
1259 1672 1442 1713 motus

362 1743 688 1796 exponentes
730 1742 783 1783 et
839 1733 1179 1797 subjicientes
1223 1731 1439 1797 rationi,

366 1801 423 1851 id
451 1812 532 1853 est
555 1804 724 1853 menti
745 1812 801 1854 et
827 1803 1064 1869 spiritui,
1092 1804 1443 1869 carnalesque

364 1875 832 1941 concupiscentias
868 1876 1122 1926 habentes
1155 1874 1440 1936 edomitas,

366 1944 510 1996 fiunt
531 1961 760 2012 regnum
795 1946 913 1998 Dei.
950 1946 1011 1996 ln
1049 1961 1160 2011 quo
1190 1946 1262 1996 ita
1288 1946 1441 1998 ordi-

369 2025 494 2066 nata
519 2026 649 2067 sunt
675 2017 880 2080 omnia,
905 2026 967 2067 ut
998 2015 1053 2065 id
1095 2016 1245 2082 quod
1274 2026 1355 2067 est
1382 2016 1440 2066 in

365 2087 593 2138 homine
616 2089 947 2168 praecipuum
965 2097 1022 2138 et
1037 2088 1319 2147 excellens,
1337 2088 1442 2138 hoc
1477 2152 1481 2156 .

366 2156 614 2223 imperet,
638 2158 832 2212 ceteris
871 2173 983 2208 non
1033 2158 1441 2214 reluctantibus,

364 2244 488 2311 quie
513 2240 642 2280 sunt
677 2230 838 2280 nobis
866 2229 1162 2296 bestiisque
1189 2245 1438 2280 commu-

366 2300 477 2360 nia,
506 2311 669 2368 atque
707 2301 946 2367 idipsum
965 2302 1112 2366 quod
1139 2302 1391 2353 excellit
1378 2319 1437 2352 in

363 2369 607 2435 homine,
630 2372 687 2422 id
716 2382 799 2421 est
819 2387 970 2422 mens
996 2380 1047 2421 et
1072 2370 1227 2431 ratiO‚
1260 2371 1437 2436 subji-

361 2441 534 2493 ciatur
554 2443 770 2508 potiori,
796 2442 941 2509 quod
964 2452 1044 2493 est
1082 2442 1202 2506 ipsa
1225 2441 1438 2504 Veritas

362 2512 685 2578 Unigenitus
704 2513 882 2563 Filius
913 2513 1031 2562 Dei.
1060 2513 1245 2578 Neque
1286 2512 1434 2563 enim

362 2583 625 2649 imperare
675 2583 1025 2637 inferioribus
1069 2593 1272 2649 potest,
1325 2584 1432 2634 nisi

361 2654 627 2719 superiori
665 2671 726 2706 se
770 2655 1035 2720 subjiciat.
1091 2656 1156 2704 Et
1195 2655 1310 2704 haec
1353 2665 1435 2705 est

355 2739 499 2791 pax,
538 2741 661 2792 quae
685 2727 843 2777 datur
869 2726 928 2776 in
962 2731 1110 2777 terra
1134 2725 1435 2777 hominibus
1478 2794 1479 2797 Ἴ

361 2795 512 2847 bonoe
550 2797 859 2860 voluntati&
907 2797 1021 2847 haec
1046 2805 1129 2847 est
1155 2796 1267 2846 vita
1301 2811 1434 2846 con-

359 2866 616 2917 summati
672 2867 995 2934 perfectique
1047 2867 1353 2932 sapientis:
1403 2887 1434 2915 n

358 2935 475 2987 haec
497 2938 857 3003 Augustinus·
889 2937 1127 3004 Litigent
1154 2951 1280 3002 ergo
1317 2938 1434 2988 dis-
1452 2994 1471 3014 ³

357 3009 545 3059 cordes
563 3046 579 3072 ,
653 3020 856 3074 patrem
913 3025 1076 3061 suum
1151 3009 1429 3060 diabolum

358 3081 659 3144 imitantes3
728 3083 869 3132 beati
938 3093 1118 3135 autem
1184 3082 1430 3149 pacifici,

358 3157 537 3222 primo
590 3157 728 3216 sibi,
774 3157 966 3208 deinde
1022 3158 1176 3217 aliia,
1229 3157 1431 3209 scilicet

356 3228 626 3278 internam
673 3243 855 3294 paoem
895 3237 948 3278 et
988 3228 1273 3279 fraternam
1319 3244 1431 3279 ser-

355 3310 568 3360 vantes,
615 3300 865 3367 quoniam
889 3301 1007 3366 filii
1046 3301 1181 3364 Dei,
1223 3311 1281 3352 et
1314 3301 1426 3352 veri

356 3369 652 3422 imitatores
707 3372 852 3436 ejus,
917 3370 974 3420 in
1022 3387 1249 3436 superna
1302 3387 1429 3437 pace

355 3443 702 3495 vocabuntur.
732 3444 946 3493 Habent
978 3443 1128 3492 enim
1166 3443 1427 3494 similitu-

354 3517 537 3567 dinem
561 3518 660 3568 Dei
691 3517 880 3578 Patris,
911 3517 1040 3583 quia
1070 3518 1213 3568 Deus
1249 3532 1351 3583 pax
1374 3528 1429 3568 et

353 3587 510 3654 quies
554 3603 769 3640 summa
816 3598 927 3652 est,
973 3597 1028 3638 et
1065 3587 1256 3638 omnia
1300 3603 1427 3638 cum

353 3658 741 3725 tranquillitate
770 3659 1027 3725 disponit.

418 3745 442 3780 1
458 3746 478 3779 1
517 3730 739 3780 OCTAVA
778 3746 1078 3781 nanneno
1110 3744 1126 3780 ε
1176 3745 1426 3780 musaeu·

350 3814 526 3851 ‘rioms
538 3784 1054 3852 ‘romatianae-Dei
1060 3801 1162 3851 nde
1179 3801 1427 3867 sequitur

352 3880 535 3920 octava
577 3887 592 3920 ς
634 3871 795 3921 Beati
854 3873 945 3937 qui
1000 3872 1424 3938 persecutionem

343 3943 628 4004 patiuntur
645 3948 867 4007 propter
870 3942 1162 4008 justitiam,
1178 3943 1425 4008 quoniam

351 4010 591 4074 ipsorum
630 4018 711 4062 est
740 4025 969 4076 regnum
998 4015 1283 4065 coelorum.
1326 4014 1424 4064 Se·

1548 589 1825 641 cificorum
1874 590 2203 641 beatitudine
2221 629 2237 652 ,
2288 606 2356 657 ne
2418 591 2615 658 aliquis

1547 664 1831 716 aestimaret
1861 665 2009 731 quod
2041 679 2253 730 semper
2285 680 2469 729 pacem
2510 665 2611 716 sibi

1547 751 1787 802 quaerere
1828 736 1902 786 sit
1931 737 2155 796 bonum,
2207 736 2392 787 subdit
2417 752 2433 787 x
2457 736 2615 799 Beati

1546 806 1638 871 qui
1652 807 2074 872 persecutionem
2085 808 2372 873 patiuntur
2384 814 2614 876 propter

1532 876 1825 943 justitiam.
1857 878 1982 928 Haec
2006 876 2168 928 etiam
2198 878 2474 928 beatitudo
2502 893 2617 942 per-

1544 946 1658 999 ficit
1682 948 1964 1000 hominem
2004 949 2075 1000 ad
2118 948 2256 999 bene
2282 948 2614 1014 patiendum,

1540 1020 1683 1074 sicut
1724 1022 1989 1087 poedictae
2030 1023 2096 1073 ad
2134 1022 2273 1072 bene
2314 1022 2615 1088 agendmm

1544 1091 1673 1158 quia
1698 1093 1838 1146 sicut
1864 1094 1929 1144 ad
1956 1092 2211 1160 virtutem
2226 1093 2466 1158 pertinet
2486 1093 2619 1144 bene

1544 1177 1719 1229 agere.
1742 1163 1817 1216 ita
1840 1173 1893 1214 et
1923 1164 2059 1215 bene
2084 1164 2210 1230 pati.
2245 1164 2319 1214 Et
2343 1163 2462 1215 ideo
2495 1174 2617 1230 post

1545 1237 1902 1303 praecedentes
1936 1236 2314 1298 beatitudines,
2336 1251 2459 1302 quae
2486 1252 2619 1288 con-

1544 1309 1743 1361 sistunt
1787 1310 1843 1360 in
1893 1309 2217 1376 perfectione
2257 1308 2499 1370 actionis,
2528 1325 2621 1361 se-

1545 1383 1733 1448 quitur
1772 1383 1908 1444 haze,
1940 1399 2065 1449 quae
2090 1382 2342 1434 consistit
2364 1382 2423 1434 in
2444 1382 2619 1448 perfe-

1544 1456 1720 1506 ctione
1733 1456 2019 1522 passionis.
2033 1457 2170 1506 Nam
2190 1455 2326 1506 sicut
2344 1454 2622 1507 beatitudo

1544 1526 1731 1591 patriae
1756 1526 2110 1592 distinguitur
2138 1541 2301 1594 penes
2319 1540 2544 1576 auream
2564 1536 2617 1577 et

1543 1597 1839 1661 aureolam,
1861 1597 1938 1647 sic
1960 1596 2231 1647 beatitudo
2250 1595 2368 1656 viae,
2395 1611 2520 1661 quae
2536 1606 2621 1649 est

1546 1667 1724 1734 imago
1754 1668 2002 1735 quaedam
2030 1677 2084 1718 et
2105 1666 2408 1717 similitudo
2434 1666 2617 1730 illius;

1546 1737 1964 1804 praecedentibus
1994 1737 2142 1789 enim
2170 1738 2456 1802 respondet
2491 1754 2620 1804 prae·

1546 1810 1720 1860 mium
1750 1825 1921 1861 aureae
1941 1848 1956 1870 ‚
1997 1809 2128 1860 huic
2163 1824 2291 1859 vero
2330 1810 2616 1875 praemium

1545 1880 1789 1940 aureolae‚
1810 1894 1930 1945 quae
1947 1879 2036 1929 hic
2057 1894 2151 1944 per
2172 1894 2396 1945 regnum
2413 1879 2620 1931 intelli-

1545 1952 1706 2018 gitur.
1716 1953 1877 2012 Nam,
1887 1953 2183 2003 secundum
2200 1951 2618 2019 Hiemnymum,

1545 2024 1660 2075 haec
1675 2024 1931 2089 martyrio
1947 2023 2280 2074 terminatur.
2296 2023 2438 2074 Dicit
2453 2039 2585 2090 ergo
2601 2040 2621 2075 ι

1546 2113 1574 2143 α
1596 2095 1774 2157 Beati,
1790 2094 1991 2146 scilicet
2008 2110 2119 2144 non
2139 2104 2350 2144 tantum
2367 2094 2464 2160 qui
2485 2095 2622 2147 bene

1544 2175 1848 2232 operantur,
1876 2167 1969 2216 sed
1999 2164 2159 2215 etiam
2187 2165 2278 2231 qui
2290 2164 2622 2232 persecutio-

1544 2252 1660 2289 nem
1688 2238 1986 2304 patiuntur,
2026 2236 2224 2287 scilicet
2252 2237 2537 2302 patienter,
2564 2244 2618 2288 et

1544 2324 1652 2360 non
1688 2319 1906 2374 propter
1939 2309 2134 2359 scelera
2162 2317 2216 2358 et
2255 2317 2463 2373 peccata
2499 2322 2617 2371 sua,

1543 2380 1636 2429 sed
1662 2389 1878 2445 propter
1912 2378 2193 2444 justitiam,
2222 2377 2430 2429 scilicet
2464 2377 2619 2444 lega·

1542 2452 1668 2511 lem,
1689 2466 1812 2516 quae
1829 2449 2058 2500 includit
2088 2464 2307 2500 omnem
2340 2448 2616 2510 virtutem,

1540 2521 1597 2570 id
1609 2520 2015 2585 est„secundum
2033 2519 2496 2587 Chrysostomum,
2517 2534 2618 2586 pro

1539 2594 1761 2644 veritate
1774 2603 1935 2658 atque
1955 2591 2169 2657 pietate,
2188 2601 2241 2642 et
2263 2607 2359 2656 pro
2379 2590 2619 2643 aliorum

1538 2664 1870 2728 defensione3
1902 2665 2139 2715 solemus
2169 2663 2312 2713 enim
2350 2663 2616 2728 justitiam

1537 2751 1638 2801 pro
1665 2734 1817 2785 omni
1855 2733 2052 2785 virtute
2085 2732 2253 2783 animi
2283 2749 2507 2798 ponere.
2548 2735 2619 2785 Et

1537 2821 1660 2856 vere
1689 2804 1829 2856 beati
1850 2805 2040 2870 inspe,
2071 2803 2412 2855 beatificandi
2442 2804 2501 2854 in
2524 2820 2584 2856 re
2601 2821 2618 2855 ε

1538 2876 1786 2943 quoniam
1814 2876 2052 2942 ipsorum
2080 2881 2161 2924 est
2189 2889 2416 2940 regnum
2445 2875 2618 2928 coelo-

1535 2964 1675 3012 rum,
1727 2957 1781 2998 et
1825 2947 2001 3013 quoad
2046 2962 2290 3006 auream,
2332 2955 2386 2998 et
2434 2947 2619 3012 quoad

1537 3019 1827 3073 aureolam.
1859 3019 1964 3070 Sed
2002 3017 2270 3083 numquid
2312 3031 2408 3081 pro
2446 3016 2622 3069 liber·-

1536 3099 1643 3141 tate
1671 3090 1921 3140 Ecclesiae
1959 3104 2046 3139 me
2100 3103 2364 3153 exponam
2415 3088 2621 3140 morti?

1536 3162 1629 3222 Ita,
1652 3169 1706 3212 et
1729 3175 1825 3226 pro
1848 3159 1968 3216 aliis
1985 3174 2108 3225 quae
2133 3157 2434 3224 spiritualia
2451 3168 2620 3221 sunt;

1535 3246 1648 3281 non
1674 3247 1772 3296 pro
1795 3229 1958 3296 agris,
1981 3230 2066 3279 vel
2097 3227 2396 3278 redditibus
2422 3226 2620 3279 Eccle—

1535 3296 1628 3352 siae
1674 3309 1726 3351 et
1771 3298 2066 3350 similibus.
2116 3299 2271 3363 Saepe
2316 3296 2466 3347 enim
2516 3313 2624 3348 nos

1533 3370 1858 3436 opponimus
1905 3385 2002 3434 pro
2047 3368 2163 3428 his,
2205 3367 2377 3432 magis
2406 3366 2620 3419 inducti

1532 3441 1766 3502 avaritia,
1797 3439 2196 3507 quamiustitia.
2223 3458 2252 3487 »
2283 3439 2619 3507 Huiusmodi

1532 3513 1882 3579 quaestionem
1896 3509 2213 3562 Ambrosius
2226 3509 2620 3570 determinanS,

1532 3588 1606 3639 ait
1631 3605 1645 3639 ε
1672 3605 1702 3634 αι
1734 3586 1790 3640 si
1835 3601 1866 3636 a
1921 3602 2007 3636 me
2054 3585 2266 3651 petierit
2312 3585 2617 3649 Imperator

1532 3659 1677 3726 quod
1731 3674 1915 3711 meum
1963 3667 2070 3718 est,
2128 3657 2184 3708 id
2240 3666 2322 3707 est
2371 3655 2617 3707 fundum

1531 3745 1733 3789 meum,
1760 3737 2041 3794 argentum
2070 3743 2272 3787 meum,
2319 3736 2371 3777 et
2407 3727 2615 3791 hujus-

1532 3800 1699 3865 modi,
1740 3801 1875 3853 sciat
1918 3815 2006 3853 me
2042 3816 2150 3851 non
2191 3799 2614 3865 refragaturum

1530 3887 1859 3939 quamquam
1895 3871 2077 3923 omnia
2122 3885 2241 3936 quae
2288 3884 2408 3920 mea
2452 3878 2610 3925 sunt

1531 3942 1641 3992 sint
1678 3957 2021 4008 pauperum.
2047 3956 2238 3991 verum
2268 3955 2330 3990 ea
2361 3954 2486 4005 quae
2513 3938 2611 3995 di-

1527 4013 1649 4080 vina
1668 4023 1813 4074 sunt,
1839 4011 2189 4079 imperatoriae
2213 4011 2461 4080 potestati
2488 4025 2613 4063 non-
