2784 4452
660 361 755 411 DE
791 362 1407 417 PRAESENTATIONE
1440 367 1695 418 DOMINI
1732 368 1799 417 IN
1837 366 2198 419 TEMPLUM.

298 489 442 533 rum,
476 485 569 526 aut
601 477 737 526 duos
764 478 942 544 pullos
977 480 1369 541 columbarum,

293 564 422 615 quae
447 559 556 599 erat
584 549 786 600 oblatio
810 566 1125 616 pauperum.
1150 554 1208 602 In
1230 555 1372 620 Lege

296 622 446 672 enim
494 622 766 673 Dominus
813 636 1150 691 praeceperat,
1183 636 1242 676 ut
1284 628 1370 678 die

295 707 408 758 quo
477 708 669 759 parens
738 694 997 745 infantem
1050 696 1106 745 in
1167 698 1369 763 templo

295 774 664 829 praesentaret,
696 781 792 832 pro
819 781 915 816 sua
949 777 999 817 et
1028 767 1231 818 sobolis
1264 785 1367 835 pu·-

292 836 610 896 rificatione,
653 854 854 904 agnum
896 840 1206 891 anniculum
1256 842 1366 891 im-

291 910 623 961 maculatum
644 910 700 960 in
723 911 1114 973 holocaustum,
1130 929 1188 963 ac
1203 913 1363 964 etiam

288 988 591 1040 turturem,
642 981 754 1031 sive
812 983 1020 1047 pullum
1080 984 1359 1045 columbae,

287 1066 389 1116 pro
427 1062 657 1117 peccam,
703 1053 830 1118 quia
866 1053 924 1103 in
960 1054 1184 1105 libidine
1227 1072 1361 1106 con-

287 1131 519 1185 ceperat,
550 1122 779 1173 offerret.
814 1123 918 1183 Qui
949 1139 1074 1174 vero
1105 1141 1212 1176 non
1243 1127 1360 1177 suf-

283 1190 542 1242 ficiebant
600 1194 664 1242 ad
731 1193 1063 1245 offerendum
1134 1212 1356 1263 agnum,

281 1262 425 1312 duos
471 1273 706 1314 turtures
747 1264 1055 1326 offerebant,
1098 1270 1182 1317 vel
1220 1269 1356 1318 duos

283 1333 466 1397 pullos
535 1333 958 1398 columbarum;
1006 1352 1178 1388 unum
1238 1339 1355 1389 loco

275 1404 406 1470 agni
436 1404 491 1452 in
529 1404 932 1468 holocaustum,
987 1410 1132 1474 quod
1178 1421 1353 1461 totum

279 1480 566 1529 incensum
597 1480 810 1541 dicitur,
844 1483 972 1549 quia
992 1486 1352 1537 totumincen-

274 1551 533 1614 debatur3
563 1561 614 1601 et
632 1554 857 1604 alterum
884 1570 979 1619 pro
999 1566 1229 1620 peccato,
1255 1557 1348 1623 qui

275 1624 498 1675 cedebat
546 1624 602 1675 in
640 1636 843 1692 partem
887 1629 1203 1689 sacerdotis,
1253 1631 1347 1696 qui

270 1700 462 1750 orabat
502 1715 599 1765 pro
641 1698 882 1758 muliere,
915 1709 965 1749 et
1005 1700 1081 1760 sic
1113 1703 1347 1752 munda—

270 1771 460 1836 batur;
509 1774 660 1823 Hanc
715 1771 951 1821 hostiam
1014 1782 1065 1822 et
1117 1774 1346 1823 oblatio-

270 1858 399 1893 nem
422 1858 739 1910 pauperum‚
762 1842 933 1892 voluit
959 1842 1227 1893 Dominus
1248 1859 1344 1909 pro

268 1929 331 1965 se
375 1915 520 1975 dari,
561 1924 614 1964 et
653 1929 776 1963 cum
829 1913 978 1964 dives
1027 1924 1196 1975 esset,
1247 1931 1343 1981 pro

268 1985 434 2035 nobis
474 2000 675 2051 pauper
711 1984 963 2050 dignatus
1006 1996 1085 2035 est
1116 1984 1251 2046 fieri,
1284 1996 1343 2036 ut

267 2072 374 2107 nos
406 2073 504 2108 sua
535 2056 1075 2123 paupertateditaret,
1106 2067 1158 2107 et
1196 2056 1340 2106 divi-

266 2127 469 2177 tiarum
501 2142 722 2178 suarum
756 2126 978 2177 donaret
1021 2143 1136 2179 esse
1170 2128 1337 2194 parti-

268 2199 435 2267 cipeS,
467 2211 519 2252 et
552 2215 652 2250 nos
689 2198 882 2250 faceret
912 2199 999 2250 hic
1030 2200 1085 2251 in
1115 2200 1219 2251 fide
1250 2201 1338 2252 di—

264 2273 437 2332 vites,
490 2282 542 2322 et
585 2272 641 2320 in
697 2271 829 2321 coelo
873 2271 1023 2336 regni
1081 2272 1336 2324 haeredes.

262 2343 416 2392 Sicut
461 2343 609 2392 enim
659 2342 1037 2392 mortalitatem
1097 2354 1334 2394 nostram

263 2416 580 2481 assumpsit,
617 2426 677 2466 ut
722 2431 817 2482 per
857 2430 973 2465 eam
1020 2417 1178 2467 nobis
1225 2418 1334 2468 im-

263 2489 649 2538 mortalitatem
679 2487 958 2548 conferret,
993 2489 1069 2538 sic
1103 2504 1334 2555 pauper-

261 2574 428 2614 tatem
472 2574 714 2614 nostram
744 2564 917 2614 voluit
949 2580 1239 2624 assumere,
1276 2577 1335 2617 ut

261 2652 359 2700 per
385 2651 503 2686 eam
536 2635 695 2686 nobis
730 2646 957 2686 aeternas
986 2635 1202 2686 divitias
1231 2637 1333 2687 tri-

262 2710 471 2759 bueret.
507 2709 787 2759 Imitemur
830 2724 958 2774 ergo
996 2725 1095 2760 nos
1138 2710 1333 2767 Domi-

260 2796 398 2830 num
434 2791 700 2840 nostrum,
732 2790 783 2830 et
813 2791 1164 2846 spontaneam
1196 2798 1334 2847 pau-

257 2861 519 2916 pertatem
597 2866 841 2900 amemus
865 2889 878 2909 ,
955 2861 1015 2901 ut
1084 2851 1333 2902 habentes

255 2920 461 2971 victum
516 2932 568 2972 et
619 2921 872 2971 vestitum
897 2958 909 2978 ‚
969 2921 1053 2971 his
1107 2923 1334 2972 contenti

256 2991 469 3042 simus!
507 2992 617 3042 Gur
654 3001 833 3041 autem
873 2991 1005 3056 pulli
1050 2992 1330 3042 columba-

257 3079 400 3123 rum,
436 3073 487 3113 et
532 3079 641 3113 non
690 3062 1010 3128 simpliciter
1044 3063 1328 3122 columbae‚

253 3135 394 3185 sicut
419 3144 675 3196 turtureS,
711 3134 767 3184 in
807 3132 1065 3185 sacrificia
1105 3134 1326 3185 Domini

251 3207 704 3272 permittebantur
725 3206 923 3266 offerri,
951 3207 1178 3257 declarat
1202 3209 1332 3258 Ber-

250 3279 476 3340 nardus,
510 3278 731 3329 dicens:
763 3298 789 3323 α
808 3278 880 3329 Et
907 3279 1029 3329 licet
1056 3279 1187 3329 alias
1216 3280 1332 3346 qui-

248 3349 372 3398 dem
417 3365 513 3414 per
552 3348 857 3399 columbam
913 3349 1148 3415 Spiritus
1186 3351 1327 3402 San—

247 3428 367 3469 ctus
414 3420 581 3470 soleat
626 3419 915 3485 designari,
967 3421 1096 3486 quia
1146 3430 1324 3471 tamen

245 3489 545 3540 libidinosa
572 3490 686 3540 avis
711 3501 806 3550 est,
832 3506 941 3540 non
972 3491 1149 3541 decuit
1174 3491 1325 3541 offer-

247 3563 293 3613 ri
327 3579 445 3614 eam
477 3564 534 3613 in
565 3565 824 3615 sacrificio
849 3565 1091 3625 Domini,
1124 3565 1230 3615 nisi
1263 3581 1321 3616 ea

245 3648 376 3684 sane
412 3643 567 3684 aetate
594 3650 717 3700 quae
746 3634 976 3684 nesciret
1014 3634 1318 3686 libidinem.

243 3709 314 3758 At
363 3706 593 3758 turturis
649 3724 759 3758 non
808 3707 1120 3773 designatur
1171 3718 1317 3768 aeta5‚

244 3778 512 3844 quoniam
563 3778 871 3844 agnoscitur
922 3779 1135 3829 castitas
1188 3797 1201 3830 :
1258 3778 1313 3828 in

242 3864 589 3915 quacumque
657 3849 803 3898 enim
862 3859 1015 3900 aetate
1071 3865 1317 3916 compare

242 3933 355 3968 uno
384 3929 637 3970 contenta
665 3930 774 3983 est;
808 3935 918 3986 quo
944 3921 1163 3979 amiSSO,
1195 3922 1315 3971 alte-

242 4005 365 4040 rum
413 4008 523 4042 non
567 3992 822 4053 admittit,
869 3993 1308 4044 numerositatem

2453 382 2552 432 117

1484 483 1540 532 in
1601 483 1919 533 hominibus
1985 482 2297 548 nuptiarum
2367 484 2553 533 redar-

1482 569 1668 617 guenS.
1702 555 1931 604 Cernere
1973 563 2053 603 est
2095 563 2358 603 turturem
2406 564 2551 603 tem-

1482 639 1610 688 pore
1640 640 1749 675 suae
1778 624 2053 675 viduitatis
2082 634 2279 674 sanctae
2308 625 2546 675 viduita—

1479 694 1548 743 tis
1599 710 1736 759 opus
1773 704 1989 745 strenue
2035 709 2095 744 ac
2144 693 2551 759 infatigabiliter

1478 774 1859 827 exequentem3
1893 764 2074 814 videas
2107 763 2311 828 ubique
2348 763 2545 829 singu-

1475 834 1674 893 larem,
1727 833 1931 899 ubique
1988 843 2290 899 gementem
2341 834 2546 894 audiaS,

1475 920 1571 954 nec
1616 920 1858 970 unquam
1902 905 1958 954 in
2002 903 2162 953 viridi
2206 919 2355 953 ramo
2400 902 2542 953 resi—

1473 978 1687 1028 dentem
1715 977 2031 1043 prospicias;
2063 988 2114 1027 et
2154 987 2212 1026 tu
2250 977 2315 1026 ab
2355 991 2415 1025 ea
2454 976 2544 1025 di·-

1471 1065 1585 1100 scas
1621 1052 1957 1116 voluptatum
2005 1049 2234 1099 virentia
2273 1047 2542 1099 virulenta

1469 1124 1652 1174 vitare.
1698 1124 1847 1173 Adde
1889 1124 2035 1190 quod
2080 1123 2135 1173 in
2184 1123 2324 1189 jugis
2375 1138 2541 1171 mon-

1467 1196 1624 1256 tium,
1653 1206 1704 1247 et
1739 1196 1795 1245 in
1822 1195 2230 1246 summitatibus
2259 1196 2536 1255 arborum,

1465 1267 1799 1334 frequentior
1837 1267 1914 1317 illi
1962 1267 2296 1317 conversatio
2339 1276 2437 1325 est,
2478 1276 2540 1316 ut

1464 1343 1608 1406 quod
1651 1342 1732 1391 vel
1767 1340 2000 1390 maxime
2039 1339 2380 1405 propositum
2429 1354 2537 1403 pu-

1461 1412 1659 1463 dicitiae
1707 1414 1889 1471 decet,
1946 1411 2130 1460 doceat
2178 1426 2277 1460 nos
2326 1420 2537 1460 terrena

1459 1487 1746 1551 despicere,
1775 1495 1826 1537 et
1850 1500 2028 1537 amare
2053 1485 2288 1536 coelestia
2323 1501 2336 1534 :
2367 1503 2394 1532 n
2421 1485 2532 1534 haec

1458 1559 1794 1610 Ber-nardus

1520 1631 1552 1679 8
1578 1632 1828 1681 Snoeoms
1855 1627 2255 1680 nnumin—Et
2282 1641 2400 1678 ecce
2436 1626 2533 1677 Si-

1456 1716 1623 1763 meon,
1671 1702 1810 1751 inter
1855 1700 2153 1751 sacerdotes
2189 1698 2428 1748 famosus
2478 1708 2530 1747 et

1457 1773 1786 1832 nominatuS,
1812 1771 1906 1838 qui
1924 1770 2113 1837 justus
2142 1779 2253 1819 erat
2282 1768 2339 1818 in
2369 1769 2523 1818 omni

1453 1842 1764 1907 operatione
1814 1841 1976 1900 boni,
2028 1846 2080 1891 et
2129 1840 2412 1890 timoratus
2469 1839 2525 1887 in

1453 1915 1653 1963 cautela
1699 1914 1859 1976 mali;
1904 1913 1987 1963 vel
2021 1912 2210 1978 justus
2222 1948 2240 1972 ,
2288 1920 2427 1960 recte
2470 1925 2527 1960 se

1453 1984 1700 2035 habendo
1743 1986 1807 2034 ad
1853 1983 2183 2049 proximum,
2211 1991 2262 2031 et
2294 1980 2523 2031 timora-

1453 2062 1536 2104 tus
1579 2058 1754 2121 quoad
1783 2058 1977 2114 Deum,
2007 2054 2135 2120 quia
2175 2052 2393 2102 difficile
2434 2052 2524 2115 ju-

1450 2127 1596 2176 stitia
1642 2128 1760 2177 sine
1807 2137 1950 2177 casto
2003 2135 2055 2175 et
2110 2124 2260 2174 filiali
2324 2124 2521 2173 timore

1449 2198 1669 2247 Domini
1719 2196 2019 2248 custoditur
2069 2211 2082 2245 :
2139 2194 2305 2246 timor
2370 2193 2519 2244 enim

1447 2271 1688 2330 Domini,
1729 2270 1946 2334 justitiae
1984 2278 2035 2320 et
2075 2278 2368 2317 ceterarum
2407 2266 2520 2314 vir-

1446 2353 1624 2392 tutum
1669 2353 1849 2392 custos
1879 2352 1977 2401 est,
2014 2340 2144 2407 quia
2190 2347 2393 2405 quanto
2430 2339 2519 2402 ju-

1446 2427 1561 2466 stus
1598 2416 1875 2466 ardentius
1912 2417 2087 2465 Deum
2127 2412 2323 2478 diligit,
2366 2422 2517 2462 tanto

1445 2487 1696 2537 solertius
1748 2486 2015 2537 offendere
2057 2494 2221 2535 cavet.
2291 2484 2514 2533 Illorum

1444 2561 1591 2611 enim
1630 2560 1996 2626 operationem
2032 2557 2321 2608 comitatur
2348 2556 2512 2621 justi-

1443 2633 1533 2691 tia,
1569 2647 1802 2696 quorum
1830 2640 2037 2680 mentes
2066 2629 2232 2678 timor
2254 2625 2351 2676 Dei
2383 2625 2517 2675 illu-

1443 2703 1633 2762 minat,
1665 2711 1890 2752 testante
1922 2699 2221 2754 Psalmista,
2266 2696 2362 2763 qui
2392 2696 2466 2746 ait
2498 2713 2511 2745 ε

1441 2777 1646 2826 Beatus
1666 2776 1748 2825 vir
1771 2775 1862 2840 qui
1884 2773 2030 2835 timet
2053 2770 2360 2831 Dominum,
2388 2778 2509 2831 etc.;

1441 2858 1492 2896 et
1521 2847 1828 2905 Salomone,
1870 2843 1965 2910 qui
2008 2841 2138 2893 dicit
2177 2857 2190 2890 ε
2224 2841 2334 2901 Qui
2366 2840 2513 2890 timet

1439 2918 1628 2979 Deum,
1680 2916 1813 2967 nihil
1859 2912 2113 2981 negligit.
2143 2911 2215 2962 Et
2259 2911 2394 2961 bene
2421 2911 2511 2976 ju-

1440 3002 1555 3040 stus
1602 3000 1741 3052 erat3
1791 2989 1856 3039 ad
1909 2986 2218 3053 proximum
2263 3000 2320 3035 se
2373 2994 2510 3034 recte

1441 3064 1688 3122 habebat,
1725 3062 1855 3128 quia
1886 3077 1996 3111 non
2031 3074 2184 3109 suam
2216 3059 2510 3108 solummo-

1439 3136 1532 3192 d0,
1579 3134 1670 3184 sed
1726 3144 1777 3184 et
1827 3132 1993 3183 totius
2040 3128 2224 3196 populi
2278 3130 2507 3179 salutem

1439 3208 1725 3273 quaerebat,
1764 3212 2057 3272 expectans
2093 3202 2506 3254 consolationem

1439 3281 1637 3341 Israel,
1684 3281 1739 3329 in
1796 3278 2062 3329 desiderio
2112 3287 2163 3326 et
2225 3290 2320 3340 spe
2373 3272 2505 3323 boni

1439 3351 1711 3415 promissi,
1748 3351 1924 3417 quoad
1962 3348 2086 3399 fidei
2123 3357 2173 3397 et
2201 3344 2313 3410 spei
2343 3343 2504 3393 recti-

1435 3421 1710 3481 tudinem,
1756 3437 1918 3487 quam
1966 3418 2213 3470 habebat.
2266 3414 2505 3465 Minores

1435 3495 1651 3560 quidem
1694 3494 2040 3561 expectabant
2078 3489 2502 3542 consolationem

1434 3567 1800 3630 temporalem,
1830 3580 1924 3630 per
1950 3562 2280 3630 promissum
2311 3557 2504 3609 salutis

1431 3648 1720 3695 auctorem,
1754 3647 1810 3686 ut
1841 3635 1934 3701 qui
1964 3635 2031 3684 ab
2074 3632 2284 3684 Herode
2328 3629 2497 3696 pressi

1431 3707 1658 3767 fuerant,
1691 3708 1746 3756 in
1778 3707 2008 3756 adventu
2037 3702 2326 3755 Salvatoris
2355 3701 2497 3751 libe-

1427 3780 1544 3842 rati,
1576 3778 1998 3829 consolationem
2028 3776 2344 3840 acciperent.
2376 3774 2495 3823 Ma-

1424 3853 1563 3916 jores
1585 3868 1728 3910 vero,
1755 3861 1814 3901 ut
1834 3851 2055 3900 Simeon
2079 3858 2130 3899 et
2158 3847 2492 3913 hujusmodi,

1423 3923 1582 3973 etiam
1649 3922 1983 3988 spiritualem
2047 3919 2490 3979 consolationem,

1423 4007 1473 4044 et
1502 3994 1924 4059 redemptionem
1955 4008 1986 4044 a
2014 3994 2228 4044 diabolo
2258 4001 2493 4057 expecta-
