2784 4452
883 262 981 314 DE
1016 257 1383 312 CURATION
1386 258 1434 308 E
1460 259 1780 311 LEPRQSI.
2362 263 2473 332 399

215 393 276 435 tu
299 381 617 434 humilieris
639 420 652 441 ‚
684 389 747 430 ut
777 376 1019 429 exaudiri
1053 386 1104 426 et
1127 390 1282 425 mun—

212 455 327 506 dari
374 453 647 504 mereariS.
689 453 846 504 Unde
897 449 1216 501 Ambrosius
1257 465 1275 498 ε

215 549 239 576 α
273 529 416 588 Quia
445 528 501 577 in
526 526 716 576 faciem
755 524 1001 591 procidit,
1045 520 1279 572 humili-

209 601 336 651 tatis
366 610 445 650 est
474 609 525 650 et
551 599 791 665 pudoris,
821 607 881 647 ut
902 595 1280 662 unusquisque

210 673 278 723 de
307 672 431 722 vitae
460 687 572 722 suae
604 670 830 720 maculis
864 669 1155 727 erubescat,
1186 667 1276 716 sed

210 743 603 795 confessionem
657 741 972 792 verecundia
1020 755 1129 789 non
1189 753 1278 788 re·-

205 816 423 883 pnessit,
455 817 655 866 vulnus
682 813 933 873 ostendit,
975 811 1276 862 remedium

208 888 576 955 postulavit.»
628 886 910 938 Adorabat
962 899 1100 951 ergo
1138 898 1272 946 eum,

208 960 440 1010 dicens:
469 959 714 1022 Domine,
769 973 863 1023 per
898 971 1061 1023 quem
1090 954 1275 1006 omnia

204 1031 343 1082 facta
386 1042 531 1090 sunt,
582 1031 633 1081 si
686 1030 784 1094 vis,
814 1035 972 1095 potes
994 1027 1271 1089 mundare,

203 1103 453 1154 voluntas
478 1113 570 1153 tua
597 1117 734 1167 opus
763 1111 861 1162 est,
896 1110 948 1150 et
978 1114 1136 1166 opera
1168 1108 1274 1148 tuae

203 1174 471 1225 voluntati
487 1174 772 1236 obediunt;
794 1188 903 1222 non
924 1171 1060 1234 dixit
1071 1170 1274 1219 munda

206 1260 314 1310 me,
372 1245 465 1295 sed
504 1245 561 1295 in
604 1245 879 1295 voluntate
907 1242 956 1292 ei
994 1242 1134 1291 sicut
1158 1241 1272 1291 Deo

204 1325 526 1382 potestatem
557 1325 608 1365 et
649 1315 1015 1366 auctoritatem
1053 1312 1269 1363 curandi

202 1386 414 1447 tribuit,
437 1395 488 1436 et
515 1386 562 1436 ei
596 1396 772 1435 totum
800 1384 1059 1434 concedit.
1101 1384 1269 1444 Quasi

202 1461 437 1510 diceret:
472 1459 750 1525 Quidquid
792 1459 874 1509 vis
922 1468 1089 1524 poteS,
1133 1458 1270 1508 sicut

202 1531 586 1596 Omnipotens,
615 1529 724 1580 Ubi
766 1530 925 1580 Titus
972 1547 989 1579 :
1039 1548 1064 1575 α
1110 1528 1272 1578 Addi-

200 1615 416 1651 scamus
457 1617 521 1651 ex
557 1602 737 1651 verbis
778 1600 974 1666 leprosi
1015 1613 1269 1665 corpora-

199 1672 340 1722 lium
388 1671 764 1723 infirmitatum
830 1671 1095 1721 medelam
1155 1686 1268 1720 non

200 1758 456 1809 quaerere,
485 1744 576 1793 sed
605 1743 788 1794 divino
817 1741 1152 1807 'beneplacito
1180 1751 1269 1791 to-

198 1824 319 1866 tum
349 1817 702 1880 committer-e,
731 1815 826 1882 qui
869 1814 1018 1865 novit
1064 1830 1267 1881 oppor-

200 1898 351 1950 tuna,
400 1899 451 1939 et
480 1889 665 1940 omnia
708 1888 910 1954 judicio
946 1888 1205 1953 disponit.
1235 1908 1264 1935 n

199 1961 472 2026 Leprosus
495 1976 621 2025 ergo
641 1959 943 2010 confitendo
970 1959 1025 2009 in
1049 1959 1267 2015 Christo

198 2031 437 2081 divinam
483 2030 774 2097 potentiam
807 2069 819 2090 ,
872 2040 924 2080 et
990 2030 1269 2096 potestatis

197 2102 597 2162 auctoritatem,
644 2116 703 2150 ac
737 2116 891 2151 suam
934 2101 1264 2150 ostendendo

196 2171 381 2233 fidem,
404 2182 455 2221 et
485 2170 847 2232 devotionem,
891 2169 1089 2220 meruit
1108 2186 1264 2220 cura-

195 2246 423 2297 tionem„

259 2316 290 2367 3
324 2318 480 2368 Jsssus
507 2335 619 2369 mm
644 2334 817 2369 rAcru
846 2334 1029 2372 SANAT.
1083 2346 1142 2356 —
1173 2318 1265 2369 Je-

197 2403 293 2439 sus
314 2388 462 2438 enim
490 2390 743 2440 misertus
762 2390 894 2454 ejus,
909 2405 1006 2455 per
1022 2404 1266 2454 compas-

195 2458 407 2509 sionem
446 2469 500 2509 et
530 2460 813 2523 affectum;
870 2469 923 2510 et
956 2460 1265 2509 extendens

196 2544 411 2580 manum
435 2545 608 2592 suam,
639 2530 783 2596 quod
809 2529 911 2580 fuit
928 2528 1264 2580 liberalitatis

196 2611 385 2652 contra
411 2618 617 2663 avarOS‚
647 2603 826 2669 tetigit
845 2617 979 2665 eum,
996 2604 1139 2668 quod
1162 2602 1264 2652 fuit

193 2673 523 2724 humilitatis
538 2685 724 2725 contra
743 2674 1023 2741 superbos,
1048 2675 1230 2725 dicens
1244 2691 1262 2724 .·

205 2747 357 2809 Volo,
390 2747 536 2813 quod
556 2747 657 2798 fuit
677 2747 890 2814 pietatis
915 2757 1097 2801 contra
1129 2747 1264 2797 invi·

194 2820 313 2880 dos,
345 2821 621 2884 mundare,
663 2821 809 2887 quod
836 2820 940 2874 fuit
979 2820 1262 2887 potestatis

195 2901 377 2942 contra
417 2892 743 2944 incredulos,
800 2892 908 2943 Ubi
958 2893 1260 2944 notandum

194 2963 344 3028 quod
395 2963 597 3028 lepram
638 2964 968 3030 corporalem
1020 2964 1262 3045 quinque

195 3032 375 3082 modis
421 3044 658 3083 curatam
721 3032 1015 3099 legimus:
1049 3034 1256 3100 primo,

194 3116 291 3168 per
339 3102 705 3163 ablutionem
778 3102 917 3153 sicut
988 3115 1131 3169 patet
1201 3105 1259 3156 in

195 3173 454 3233 Naaman,
499 3183 553 3225 et
587 3172 856 3239 significat
901 3174 1259 3241 lacrymarum

191 3244 541 3308 effusionem;
580 3246 835 3305 secundo,
865 3262 960 3312 per
987 3248 1259 3299 ostensio-

194 3330 341 3375 nem,
370 3315 507 3365 sicut
535 3325 678 3381 patet
711 3315 768 3366 in
798 3317 986 3367 decem
1013 3318 1257 3384 leprosis,

194 3385 290 3452 qu'i
324 3387 501 3436 eundo
541 3388 606 3437 ad
641 3390 1033 3440 ostendendum
1067 3405 1123 3441 se
1171 3406 1258 3442 sa-

193 3456 518 3521 cerdotibus,
544 3460 786 3511 mundati
817 3470 960 3522 sunt,
982 3470 1033 3511 et
1061 3462 1260 3527 signifi-

193 3537 277 3577 cat
306 3527 728 3595 confessionem;
759 3534 935 3595 tertio,
971 3549 1071 3599 per
1093 3550 1257 3600 sepa-

193 3599 459 3650 rationem
484 3640 499 3663 ,
569 3601 709 3652 sicut
773 3614 916 3668 patet
971 3605 1034 3656 in
1093 3606 1259 3657 Maria

194 3685 378 3721 sorore
407 3673 608 3752 Moysi,
653 3684 705 3724 et
737 3675 1003 3755 significat
1028 3692 1257 3728 excom-

192 3741 637 3803 municationem,
669 3759 791 3809 quae
832 3745 998 3801 instar
1038 3747 1257 3798 cauterii

192 3813 354 3864 debet
381 3830 497 3865 esse
525 3816 888 3881 medicinalis;
922 3830 1131 3885 quarm,
1163 3834 1257 3887 per

194 3884 570 3950 inclusionem,
629 3887 768 3940 sicut
809 3897 954 3956 patet
1000 3890 1058 3942 in
1088 3906 1254 3943 manu

1403 374 1596 441 Moy-si,
1619 390 1738 441 quae
1753 377 1818 426 de
1839 376 1965 426 sinu
1987 387 2233 435 extracta,
2256 378 2464 443 leprosa

1402 449 1674 514 apparuit,
1732 450 1824 499 sed
1870 450 1924 499 in
1977 450 2156 500 sinum
2213 452 2473 516 reposita,

1402 532 1583 572 curata
1608 522 1738 583 fuit;
1772 523 1850 573 sic
1871 523 2048 584 multi,
2075 523 2169 590 qui
2192 524 2249 574 in
2280 526 2461 575 seculo

1402 593 1750 659 spiritualiter
1775 605 1924 645 erant
1960 596 2178 660 leprosi,
2207 598 2465 646 mundan-

1402 675 1489 715 tur
1515 667 1804 716 claustrum
1824 667 2051 733 ingressi
2066 683 2084 731 3
2128 667 2338 733 quinte,
2367 684 2463 733 per

1399 746 1618 799 tactum,
1658 738 1797 789 sicut
1824 749 1966 804 patet
1994 740 2102 799 hic,
2142 739 2233 789 ubi
2265 756 2471 791 manus,

1399 807 1602 858 Christi
1688 825 1898 859 carnem
1942 809 2138 875 leprosi
2181 809 2356 875 tetigit
2410 821 2460 860 et

1398 882 1695 934 mundavit.
1728 883 1837 934 Ubi
1866 885 2161 934 notandum
2190 885 2333 950 quod
2360 885 2461 934 tri-

1398 955 1518 1019 plfflt
1538 966 1617 1005 est
1646 955 1745 1005 Dei
1768 966 1939 1008 tactus
1970 957 2123 1007 valde
2160 957 2458 1019 virtuosus,

1397 1025 1598 1076 scilicet
1643 1037 1811 1078 tactus
1857 1044 1988 1094 pure
2037 1029 2326 1095 corporalis
2351 1068 2365 1088 ,
2407 1039 2460 1079 et

1395 1106 1567 1148 tactus
1616 1114 1748 1164 pure
1790 1100 2087 1164 spiritualis
2109 1138 2123 1163 ,
2183 1110 2235 1150 et
2288 1108 2465 1151 tactus-

1395 1170 1591 1234 partim
1642 1172 1932 1236 corpomlis
1986 1183 2038 1223 et
2066 1172 2261 1238 partim
2290 1172 2457 1238 spiri-

1392 1241 1571 1291 tualis.
1592 1243 1790 1293 Tactus
1810 1259 1945 1308 pure
1976 1243 2267 1310 corporalis
2290 1254 2371 1294 est
2401 1244 2457 1293 in

1394 1329 1502 1379 quo
1531 1322 1584 1363 et
1619 1314 1767 1379 quod
1802 1315 1992 1380 tangit,
2023 1325 2073 1364 et
2097 1316 2241 1397 quod
2272 1315 2455 1380 tangi-

1392 1395 1498 1449 tur,
1516 1395 1609 1435 est
1636 1401 1768 1451 pure
1798 1387 2086 1452 corporale,
2118 1397 2169 1437 et
2218 1387 2317 1438 iste
2352 1387 2459 1437 fuit

1391 1456 1449 1506 in
1506 1456 1724 1507 Christo
1777 1457 1930 1507 valde
1974 1457 2282 1516 virtuosus,
2328 1458 2463 1523 quia

1391 1543 1609 1577 omnem
1650 1527 2018 1578 infirmitatem
2064 1529 2284 1578 sanabat
2324 1529 2456 1578 uni-

1389 1601 1682 1659 vei-saliter
1720 1601 1860 1651 sicut
1880 1603 1960 1663 {de
2000 1602 2186 1653 multis
2219 1612 2361 1669 patet
2399 1603 2452 1653 in

1394 1673 1700 1739 Evangelio,
1732 1673 1933 1723 Tactus
1970 1672 2163 1739 partim
2192 1673 2467 1755 spiritua-

1386 1745 1475 1807 lis,
1498 1756 1549 1796 et
1576 1746 1776 1811 partim
1803 1745 2095 1811 corporalis
2127 1756 2225 1808 est,
2256 1745 2315 1796 in
2340 1763 2451 1813 quo

1388 1785 1535 1883 qubd
1562 1817 1734 1882 tangit
1785 1827 1865 1868 est
1906 1816 2151 1883 spinstus,
2176 1817 2276 1866 sed
2302 1818 2453 1883 quod

1387 1889 1628 1955 tangitur
1646 1898 1728 1940 est
1751 1890 2023 1955 corporale
2042 1889 2124 1939 vel
2151 1889 2461 1954 spirituale„

1388 1959 1479 2010 hic
1518 1970 1598 2010 est
1637 1970 1809 2010 tactus
1824 1960 2236 2021 sribulationi-s‚
2270 1970 2322 2010 et
2348 1961 2452 2011 iste

1386 2039 1556 2080 tactus
1583 2040 1665 2080 est
1686 2029 1941 2080 similiter
1964 2030 2114 2080 valde
2136 2030 2410 2080 virtuosus
2418 2047 2440 2092 3

1384 2101 1523 2150 valet
1568 2116 1809 2165 namque
1864 2101 1929 2151 ad
1972 2099 2445 2166 constringendum

1385 2181 1725 2238 peccatorum
1760 2170 2015 2221 duritiam
2034 2209 2048 2232 ,
2096 2181 2149 2221 et
2197 2172 2262 2220 ad
2292 2172 2453 2238 repri-

1385 2247 1644 2296 mendum
1668 2246 1839 2295 carnis
1867 2245 2376 2310 concupiscentiam,
2397 2257 2449 2297 et

1383 2316 1449 2367 ad
1468 2315 1806 2381 probandum
1824 2316 2093 2381 justorum
2114 2315 2443 2380 patientiam..

1384 2388 1586 2437 Tactus
1617 2402 1750 2451 pure
1795 2386 2091 2453 spiritualis
2117 2397 2214 2445 est,
2239 2386 2295 2437 in
2325 2403 2454 2453 quo·

1383 2473 1436 2512 et
1463 2463 1610 2529 quod
1638 2461 1826 2527 tangit,
1852 2472 1903 2511 et
1931 2463 2078 2529 quod
2106 2462 2343 2528 tangitur
2354 2474 2439 2513 est

1384 2534 1625 2600 spirituS,
1667 2544 1717 2584 et
1750 2534 1848 2584 hic
1876 2544 1963 2584 est
2006 2544 2178 2585 tactus
2220 2534 2443 2586 iaternae

1383 2605 1788 2671 inspirationis,
1832 2614 1894 2655 et
1938 2605 2036 2655 iste
2076 2604 2326 2656 similiter
2363 2616 2443 2656 est

1381 2676 1534 2726 valde
1569 2675 1860 2726 virtuosus.
1891 2674 2076 2724 Virtus
2113 2685 2291 2725 autem
2327 2677 2445 2741 ejus

1380 2748 1448 2797 ad
1498 2757 1706 2814 septem
1750 2746 1970 2796 effectus
2007 2755 2103 2805 est,
2144 2749 2442 2798 secundum

1382 2827 1586 2884 septem
1623 2819 1765 2868 dona
1796 2815 2032 2883 Spiritus
2072 2818 2250 2868 Sancti
2272 2835 2288 2867 z
2314 2819 2440 2870 Pri-

1381 2904 1505 2939 mus
1532 2887 1753 2940 effectus
1783 2897 1864 2938 est
1890 2886 2016 2937 boni
2054 2888 2320 2954 propositi
2344 2890 2444 2940 in·-

1380 2960 1622 3027 spiratio,
1657 2960 1768 3011 sive
1791 2960 2089 3024 concepti0‚
2115 2969 2167 3012 et
2197 2959 2287 3010 hic
2315 2975 2441 3025 per-

1380 3032 1518 3083 tinet
1574 3033 1638 3082 ad
1689 3033 1894 3082 donum
1944 3031 2154 3082 timoris
2180 3070 2195 3092 ,
2238 3047 2273 3081 a
2330 3047 2449 3096 quo

1380 3104 1681 3170 concipitur
1729 3104 1952 3171 spiritus
2004 3104 2211 3156 salutis,
2244 3131 2309 3141 -
2333 3106 2439 3152 Se-

1379 3174 1588 3225 cundus
1653 3183 1734 3225 est
1797 3184 2136 3239 peccatorum
2190 3173 2440 3223 remissio

1379 3262 1476 3313 per
1496 3256 1744 3329 gratiam,
1767 3256 1819 3297 et
1836 3246 1927 3297 hic
1950 3245 2145 3313 poterit
2165 3244 2345 3294 referri
2371 3246 2445 3295 ad,
2469 3256 2476 3264 ·

1382 3321 1588 3369 donum
1637 3319 1890 3385 pietatis,
1947 3318 2243 3369 secundum
2303 3317 2450 3369 iliud

1379 3388 1662 3439 Danielis·
1694 3391 1929 3441 Peccata
1966 3395 2057 3438 tua
2088 3386 2441 3454 eleemosynis

1378 3460 1598 3511 redime.
1617 3488 1682 3497 —
1708 3459 1923 3511 Tertius
1959 3468 2039 3508 est
2076 3457 2296 3507 utilium
2328 3457 2453 3509 sive

1378 3532 1800 3583 necessariorum
1851 3531 1918 3580 ad
1960 3529 2185 3579 salutem
2239 3528 2443 3580 instru

1375 3607 1575 3671 cti0,„et
1599 3608 1703 3658 hoc
1714 3606 1943 3656 refertur
1960 3604 2025 3654 ad
2046 3605 2248 3655 donum
2272 3604 2445 3655 scien·

1375 3679 1481 3741 tiae,
1511 3696 1634 3747 quae
1662 3680 1813 3728 docet
1858 3687 2001 3728 recte
2026 3676 2346 3727 conversari.
2367 3705 2438 3717 --

1377 3752 1615 3814 Quartus
1663 3762 1743 3802 est
1790 3751 1855 3801 ad
1905 3751 2039 3800 bene
2084 3750 2435 3815 operandum,

1375 3833 1428 3874 et
1444 3826 1611 3876 ardua
1637 3824 2056 3891 aggrediendum
2080 3822 2364 3886 roboratio,
2386 3833 2438 3873 et

1385 3895 1493 3948 hoc
1523 3906 1789 3964 quantum
1833 3896 1900 3946 ad
1944 3893 2150 3944 donum
2205 3891 2451 3953 consilii,⁴
