2784 4452
1031 330 1132 384 Et·
1156 330 1632 383 mummium,
2314 328 2423 395 463

571 555 803 606 CAPUT
832 555 1020 607 xxvl.

1047 583 1113 594 -·
1133 554 1220 607 De
1238 555 1424 620 prima
1445 553 1701 621 ejectione
1722 552 2050 604 vendentium

896 642 968 696 de.
988 644 1206 712 tempto„
1226 650 1281 695 et
1307 644 1374 695 de
1404 643 1716 697 Nicodemo.

231 827 258 861 r,
287 810 541 862 Christus
565 812 843 863 descendit
868 811 1104 877 Caphar*-

256 897 421 932 naum
474 894 526 933 et
573 894 757 949 postea
824 884 1099 950 Jerosoly-

256 969 401 1004 mam
423 955 675 1006 ascendit.
1149 951 1249 1002 265

226 1040 253 1074 2
286 1026 441 1091 Ejicit
464 1042 492 1077 e
515 1027 1106 1093 templovmdemset

254 1106 508 1148 ementes,
1148 1095 1250 1147 265

223 1165 253 1216 3
294 1167 535 1233 Mystice‚
586 1169 719 1234 quid
766 1166 1098 1233 intelligatur

249 1255 345 1306 per
367 1256 511 1301 oveS,
538 1241 717 1301 boveS‚
743 1240 1022 1291 columbas
1047 1248 1109 1290 et.

251 1312 647 1364 nummularios
662 1312 691 1364 ἓ
1147 1309 1252 1360 266

217 1399 265 1448 4
280 1384 358 1434 De
381 1385 510 1435 zelo·
1148 1381 1252 1450 267

222 1454 251 1504 5
277 1455 442 1520 Signa
466 1466 658 1520 petunt
676 1454 875 1506 Judaef.
1148 1453 1252 1520 267

221 1524 260 1575 6
275 1526 415 1590 Ipsis
433 1528 490 1576 in
512 1526 686 1593 figura
704 1527 962 1577 Christus
974 1539 1110 1592 prae0

252 1598 383 1649 dicit
428 1600 512 1652 sui
563 1601 814 1667 corporis.
862 1615 1101 1652 resurre*

254 1670 507 1721 ctionem.
1148 1667 1252 1719 268

1317 852 1320 857 .
1395 827 1428 880 7
1455 813 1745 879 Signortm
1768 813 2065 863 maximum
2084 812 2277 878 eiectio

1423 885 1768 936 vendentium
1809 885 1875 935 de
1913 887 2132 951 templo.
2323 883 2427 952 269

1394 956 1427 1007 8
1458 958 1580 1017 Quo
1607 972 1771 1006 sensu
1808 957 1964 1007 multi
2004 968 2137 1007 tunc
2168 971 2274 1006 cre-

1424 1027 1712 1077 didemmt'
1699 1044 1758 1077 in
1781 1027 2082 1078 Oai-ism
2323 1025 2425 1094 269

1315 1120 1318 1163 j
1395 1117 1430 1170 9
1460 1101 1819 1150 Nicodemum
1842 1111 2003 1150 noctu
2022 1102 2088 1151 ad
2109 1117 2165 1151 se
2187 1117 2276 1151 ve-

1424 1171 1666 1221 nientem
1708 1169 1960 1220 Christus
2006 1171 2159 1221 docet
2184 1186 2273 1220 re-

1427 1240 1787 1308 generationis
1817 1240 2206 1292 necessitatem.
2322 1256 2431 1307 270

1371 1329 1434 1365 10
1459 1315 1641 1378 Ipsum
1667 1310 1796 1361 item
1833 1311 2061 1362 instruit,
2077 1313 2143 1362 de
2166 1327 2278 1377 my-

1425 1383 1588 1433 sterio
1636 1381 1990 1433 sanctissimae
2034 1382 2281 1434 Trinita—

1425 1454 1514 1504 tis,
2321 1467 2350 1501 2
2359 1468 2389 1518 7
2402 1469 2418 1501 1

1316 1549 1320 1553 v
1372 1541 1433 1576 rr
1469 1524 1624 1586 Quich
1651 1523 1924 1576 moraliter
1949 1522 2276 1574 Nicodemus

1428 1595 1696 1664 significet
1712 1594 1740 1646 ἲ·
2325 1610 2420 1660 271

450 1890 702 1944 CAPUT·
720 1894 937 1946 XXVIL
957 1923 1022 1934 -
1045 1894 1131 1945 De
1160 1890 1585 1944 incarceratione
1615 1887 1851 1941 Joannis
1884 1887 2168 1954 Baptistoe.

228 2084 248 2119 1
289 2068 539 2120 Christus
588 2080 641 2121 et
692 2071 943 2139 discipuli
984 2073 1097 2138 ejus

250 2140 538 2206 baptizant.
1148 2159 1251 2209 272

220 2225 251 2261 2
277 2210 688 2277 Discipulotum·
707 2211 931 2265 Joannis
959 2230 1101 2265 mur*

251 2283 502 2333 mutatio,
1149 2282 1250 2349 273

226 2350 255 2401 3
287 2353 648 2418 Interrogatus
670 2354 737 2403 ab
760 2354 839 2405 eis
863 2355 1099 2405 Joannes

251 2425 536 2490 respondit
551 2437 797 2491 oportet-e
822 2428 1106 2479 Christmn

252 2513 505 2557 crescere,
528 2513 585 2547 se
607 2509 786 2548 autem
811 2501 1015 2550 minui..
1151 2496 1252 2565 273

221 2585 262 2635 4
289 2570 396 2630 Qui
433 2569 548 2620 sint
579 2570 864 2638 discipulis
881 2572 1106 2624 Joannis

310 2791 546 2843 CAPUT
582 2794 821 2845 XXVIII.
851 2822 912 2833 --

230 2979 260 3015 r
290 2964 401 3014 Cur
440 2962 691 3014 Christus
736 2962 877 3027 fugit
924 2963 1099 3011 Hero-

256 3037 379 3087 dem
408 3046 460 3087 et
486 3037 542 3087 i‘n
567 3036 843 3087 Galil⁴aeam
872 3034 1115 3085 secessit?
1151 3050 1255 3102 277

228 3122 258 3155 2
289 3105 506 3157 Habitat
541 3106 597 3157 in
619 3105 832 3156 civitate
857 3105 1101 3172 Caphar.-

259 3194 444 3230 naum.
1154 3194 1259 3245 277

231 3248 259 3299 3
316 3248 715 3300 Praedi'cati'onis
756 3248 961 3300 Christi
1003 3248 1110 3299 ini-

258 3320 417 3371 tium.
520 3373 526 3380 ,
1157 3318 1262 3386 278
1327 3351 1332 3366 τ

162 3456 172 3463 ³
230 3405 266 3454 4
294 3390 604 3441 Praedicatio
644 3390 847 3442 Christi
876 3406 971 3441 cur
992 3398 1122 3458 post*

1426 2066 1669 2118 similes?
2328 2081 2356 2114 2
2365 2080 2433 2130 74

1400 2138 1428 2189 5
1465 2138 1690 2189 Joannis
1738 2135 2084 2186 incarceratio
2134 2135 2279 2200 ejus·-

1427 2229 1535 2279 que
1561 2209 1878 2263 occasiones.
2329 2223 2434 2275 274

1402 2282 1434 2333 6
1456 2283 1673 2334 Insidiae
1698 2279 2017 2330 Herodiadis
2041 2278 2279 2329 occidere

1429 2356 1689 2406 Joannem
1713 2350 1962 2402 volentis
2326 2350 2426 2416 275

1322 2427 1328 2457 -’
1401 2443 1433 2492 7
1458 2426 1535 2475 De
1559 2420 1851 2476 tolerandis
1870 2420 2262 2472 mlishomim

1433 2498 1555 2549 bus·
1677 2558 1691 2569 .
2330 2492 2437 2557 276

941 2795 1030 2844 De
1056 2793 1211 2845 ini-tw
1231 2792 1477 2857 publicae
1487 2792 2148 2860 praedicationisDomim?
2174 2793 2322 2843 Iesu.

1429 2962 1691 3012 Joannem
1715 2960 1850 3013 facta
1874 2962 1987 3013 est?
2328 2958 2433 3025 278

1405 3031 1436 3082 5
1458 3034 1610 3083 AEtas
1633 3032 1835 3083 Christi
1857 3032 2074 3099 quando
2097 3031 2282 3099 praedi*-

1434 3120 1551 3155 care
1575 3106 1751 3171 coepit.
2331 3118 2434 3170 279

1407 3174 1439 3225 6
1467 3176 1872 3228 Praedicationis
1923 3176 2127 3227 Christi
2171 3185 2280 3226 tam

1439 3248 1655 3299 modico
1678 3260 1922 3316 tempore
1952 3258 2177 3315 peractae
2195 3247 2284 3299 tri-

1440 3320 1562 3385 plex
1584 3320 1718 3370 ratio
1741 3320 2043 3388 exponitur.
2331 3317 2434 3369 280

362 3587 598 3639 CAPUT
627 3588 816 3637 XXIX.
847 3615 907 3626 -
937 3588 1021 3639 De
1048 3586 1284 3639 secunda
1311 3594 1363 3639 et
1392 3589 1550 3641 tertia
1579 3590 1854 3642 vocatione
1878 3588 2278 3655 dz‘scipulorum.

237 3769 255 3807 1
310 3754 560 3806 Christus
622 3770 809 3806 navem
867 3756 1107 3808 Simonis

258 3826 516 3890 ascendit,
544 3825 670 3877 inde
698 3827 883 3878 turbas
916 3827 1112 3906 doctu·
1192 3897 1226 3949 8

256 3912 369 3947 rus,
1157 3913 1185 3949 2
1234 3913 1254 3950 1

1399 3775 1428 3809 2
1451 3759 1659 3824 Duplex
1678 3759 1904 3823 mystica
1917 3760 2112 3826 stagni,
2131 3758 2281 3810 navis

1429 3840 1480 3881 et
1507 3831 1832 3895 piscatorum
1862 3830 2246 3895 interpretatio,
2327 3827 2431 3878 282

1334 3932 1338 3939 -
1401 3901 1427 3952 3
1465 3901 1695 3953 Piscatio
1719 3900 2055 3953 miraculosa.
2330 3898 2430 3950 283
