2784 4452
710 413 807 465 DE
836 410 1177 464 SERMONE
1205 408 1460 461 DOMINI
1493 406 1566 459 ΙΝ
1602 405 1877 458 MONTE.

188 530 359 583 Deum
394 529 658 593 videbunt,
696 529 826 595 quia
847 526 1114 580 munditia
1131 540 1254 577 ma-

187 601 333 652 xime
390 599 538 651 unitr
582 616 810 651 summae
895 597 1252 658 Beatitudini,

185 682 238 723 et
264 673 504 723 mundus
548 688 660 722 non
709 672 815 724 nisi
866 672 1072 722 mundo
1131 685 1255 720 cor-

186 745 255 797 de
308 754 483 811 potest
551 744 738 795 videri.
808 744 944 795 Inud
1026 752 1109 794 est
1163 757 1255 792 cor

186 816 631 882 mundum‚quod
656 832 768 867 non
784 814 961 882 arguit
984 812 1255 864 conscien—

185 886 262 937 tia
311 887 422 937 ulla
466 887 693 953 peccati3
738 888 830 937 sed
869 896 950 937 est
986 885 1250 950 templum

184 967 432 1008 sanctum
477 958 593 1019 Dei,
643 973 707 1009 ex
749 973 858 1024 quo
905 956 1253 1023 cogitationes

186 1027 341 1078 malae
382 1044 494 1078 non
527 1029 837 1094 procedunt.
866 1029 922 1080 Si
964 1030 1111 1079 enim
1162 1041 1253 1077 cor

183 1096 347 1148 fuerit
376 1100 641 1150 mundum
661 1114 692 1150 a
709 1100 886 1165 pravis
915 1098 1252 1167 cogitationi·

186 1168 306 1228 bus,
357 1177 502 1219 totus
545 1169 713 1220 homo
763 1170 866 1220 erit
912 1170 1145 1221 mundus
1183 1170 1249 1219 ab

186 1237 595 1305 iniquitatibus3
663 1240 739 1291 ibi
816 1241 963 1292 enim
1040 1249 1250 1306 peccata

185 1309 451 1371 oriuntur,
465 1310 540 1361 ibi
558 1311 758 1361 radices
770 1311 959 1378 figunt,
973 1326 1094 1378 quae
1110 1310 1153 1362 si
1173 1310 1248 1360 ibi

165 1373 405 1432 '‘succisae
430 1382 648 1445 fuerint,
665 1399 773 1433 non
792 1394 873 1435 est
887 1384 980 1435 ubi
994 1394 1249 1435 crescant.

184 1450 335 1502 Deus
374 1452 574 1519 quippe
602 1454 828 1521 spiritus
878 1462 958 1507 est
982 1473 999 1507 .·
1040 1464 1095 1507 et
1130 1454 1250 1506 ideo

187 1537 300 1572 non
345 1524 500 1574 oculo
538 1525 731 1586 carniS,
765 1526 857 1576 sed
886 1527 1042 1576 oculo
1074 1526 1251 1577 cordis

184 1605 240 1646 et
267 1596 466 1646 mentis
496 1606 704 1648 tantum
746 1597 915 1649 videri
962 1607 1153 1666 potest,
1185 1599 1251 1649 Et

185 1665 327 1717 sicut
353 1676 562 1731 oportet
579 1669 798 1719 oculum
822 1668 996 1719 carnis
1018 1684 1134 1721 esse
1158 1679 1249 1736 pu·

185 1751 310 1786 rum
354 1747 407 1787 et
441 1739 735 1800 mundum,
771 1748 833 1789 ut
876 1740 1046 1790 solem
1081 1739 1252 1806 possit

182 1805 394 1872 videre3
425 1807 502 1857 sic
531 1810 690 1875 longe
717 1810 839 1875 plus
888 1821 1098 1876 oportet
1130 1826 1251 1861 ocu-

183 1876 300 1927 lum
334 1878 511 1929 cordis
540 1882 803 1930 mundum
830 1896 963 1941 esse,
992 1891 1053 1931 ut
1082 1882 1252 1947 possit

181 1947 386 2010 Deum,
418 1950 511 2016 qui
533 1950 697 2003 lucem
719 1952 981 2003 inhabitat
1008 1954 1249 2004 inacces-

182 2019 389 2071 sibilent
400 2059 420 2084 ,
495 2020 692 2084 videre,
739 2023 866 2089 quia
912 2023 968 2074 in
993 2049 996 2058 ·
1020 2019 1083 2074 eo
1124 2041 1249 2075 om·-

179 2089 267 2140 nis
315 2090 637 2142 sufficientia
688 2103 871 2144 nostra
915 2096 1247 2161 completur,

181 2170 236 2212 et
306 2161 433 2214 finis
500 2164 889 2216 desideriorum
940 2177 1248 2219 nostrorum

181 2234 411 2286 habetur
434 2275 448 2298 ,
495 2237 591 2304 qui
640 2238 770 2288 solis
819 2241 1037 2290 mundis
1090 2242 1250 2292 corde

181 2305 423 2357 debetur.
475 2307 627 2359 Unde
668 2310 1046 2376 Augustinus.-
1072 2329 1101 2358 α
1151 2312 1249 2363 Hic

182 2386 265 2427 est
308 2375 435 2428 finis
481 2379 680 2430 amoris
740 2381 910 2431 nostri
923 2397 938 2445 ;
978 2381 1245 2449 quidquid

181 2446 320 2499 bene
398 2449 612 2514 agimus
637 2489 652 2511 ,
730 2451 999 2519 quidquid
1064 2454 1251 2505 lauda-

183 2518 363 2570 biliter
435 2531 725 2573 aestuamus
748 2561 763 2583 ,
825 2523 1090 2591 quidquid
1160 2525 1247 2574 in-

179 2589 518 2654 culpabiliter
562 2591 927 2644 desideramus
948 2632 963 2654 ,
1020 2595 1087 2645 ad
1148 2596 1244 2645 Dei

180 2659 447 2712 visionem
504 2679 627 2714 cum
681 2664 886 2715 venerit
934 2665 1055 2731 plus
1136 2682 1246 2716 non

180 2731 538 2798 requiremus.
606 2735 800 2786 Videre
875 2737 1048 2787 Deum
1103 2739 1249 2789 volu·

182 2817 336 2866 mus3
379 2804 473 2853 sed
526 2805 647 2857 vide
688 2806 820 2872 quid
867 2807 1071 2858 dictum
1120 2818 1245 2858 est:

182 2872 345 2935 Beati
379 2875 574 2926 mundo
619 2877 794 2940 corde,
851 2877 1100 2943 quoniam
1140 2879 1247 2945 ipsi

179 2944 353 2996 Deum
389 2947 652 2999 videbunt.
688 2950 802 3000 Hoc
840 2964 966 3014 para
989 2950 1131 3000 unde
1169 2951 1249 3002 vi-

180 3017 345 3068 deas:
373 3035 483 3070 non
516 3021 661 3071 enim
702 3021 860 3072 corde
891 3037 999 3071 non
1040 3024 1245 3072 mundo

177 3086 361 3138 videre
396 3090 739 3154 permitteriS‚
777 3090 923 3157 quod
948 3106 1055 3141 non
1092 3091 1246 3142 vide-

176 3169 269 3211 tur
327 3161 434 3212 nisi
486 3164 642 3214 corde
689 3165 911 3215 mundo.
943 3182 970 3211 n
1000 3164 1157 3214 Unde
1193 3176 1246 3215 et

179 3233 500 3285 Ambrosius
536 3253 555 3285 .·
593 3254 620 3282 «
655 3236 898 3287 Emunda
942 3250 1034 3285 cor
1069 3244 1242 3296 tuum,

180 3317 373 3354 omnes
459 3305 689 3371 pollutas
758 3305 1112 3372 cogitationes
1178 3308 1244 3357 de

178 3374 339 3439 corde
374 3384 468 3425 tuo
509 3375 696 3440 abjice,
720 3377 859 3427 nihil
886 3376 957 3426 sit
984 3392 1093 3442 quo
1118 3385 1245 3427 tuus

178 3442 493 3509 inquinetur
510 3444 746 3497 affectus,
785 3446 1029 3512 Simplex
1068 3462 1241 3507 menS,

178 3531 315 3582 pura
366 3517 650 3568 sinceritas·
671 3519 767 3582 sit;
812 3519 1009 3570 talibus
1054 3535 1111 3570 se
1142 3520 1244 3570 Do-

177 3587 383 3649 minus,
412 3589 707 3640 volutabris
738 3591 977 3657 corporis
1023 3591 1242 3657 deposi-

176 3657 269 3718 tis,
317 3659 682 3711 demonstrare
729 3661 1027 3727 dignatur:
1062 3681 1089 3710 n
1121 3663 1240 3712 haec

174 3728 514 3781 Ambrosius·
553 3730 827 3780 Immundi
867 3745 995 3796 ergo
1040 3732 1200 3783 corde
1225 3769 1239 3791 ‚

133 3861 138 3866 .
176 3800 271 3867 qui
320 3801 379 3851 in
416 3802 666 3853 sordibus
711 3813 895 3863 suunt,
936 3805 1243 3855 sordescant

176 3871 387 3938 adhuc;
431 3873 572 3924 beati
624 3882 802 3924 autem
837 3874 1031 3925 mundo
1062 3874 1238 3938 corde,

178 3943 428 4008 quoniam
482 3944 591 4010 ipsi
639 3945 809 3995 Deum
856 3943 1134 4009 videbunt,
1184 3945 1241 3994 in

182 4015 430 4079 praesenti
462 4031 556 4081 per
583 4013 764 4075 fidem,
784 4013 913 4067 etin
943 4013 1124 4067 futuro
1150 4029 1243 4081 per

2305 409 2411 461 313

1361 522 1624 592 speciem;
1645 522 1702 572 in
1723 521 1974 590 pra-,senti
2004 522 2344 584 familiarius,
2372 535 2427 578 et

1361 595 1419 645 in
1444 594 1628 644 futuro
1660 592 1967 661 gloriosius·
1997 593 2098 643 Hic
2124 595 2425 647 secundum

1360 669 1506 735 quod
1533 668 1728 735 aliquis
1745 667 2002 734 eripuerit
2028 683 2086 717 se
2111 682 2142 717 a
2164 668 2339 729 malis,
2373 679 2427 721 et

1361 740 1503 790 bona
1532 739 1736 800 fecerit,
1774 739 2068 790 secundum
2103 737 2206 788 hoc
2248 739 2424 790 Deum

1358 810 1505 861 videt
1532 821 1625 861 aut
1644 810 1826 861 minus
1844 819 1936 861 aut
1957 809 2219 875 amplius3
2254 819 2307 860 et
2346 809 2423 861 ibi

1360 889 1565 948 quanto
1589 881 1858 932 munditia
1888 882 2076 946 major,
2105 890 2249 932 tanto
2285 880 2424 932 visio

1360 954 1633 1021 potentior
1661 963 1713 1005 et
1730 954 1940 1005 clarior.

1387 1033 1395 1038 ’
1428 1042 1491 1078 10
1531 1029 1764 1078 Sx-:PrmA
1842 1043 2142 1078 ΒεΛτιι-υοο
2198 1043 2213 1077 2
2278 1041 2436 1080 tumst

1357 1114 1518 1149 Alton.
1554 1126 1614 1137 —
1640 1098 1846 1149 Deinde
1875 1098 2117 1165 sequitur
2150 1097 2378 1163 septima
2406 1115 2435 1149 :¹

1358 1168 1520 1219 Beati
1548 1168 1798 1236 pacifici,
1860 1169 2109 1235 quoniam
2165 1169 2280 1235 filii
2318 1169 2425 1219 Dei

1358 1240 1699 1291 vocabuntur.
1757 1240 1998 1306 Septimo
2033 1240 2151 1290 loco
2204 1239 2426 1308 ponitur

1357 1311 1633 1362 beatitudo
1652 1311 1818 1378 pacis,
1844 1312 1972 1378 quia
2000 1311 2057 1362 in
2079 1312 2299 1362 sabbato
2331 1327 2424 1362 se—

1357 1383 1542 1448 ptimae
1582 1384 1750 1434 aetatis
1792 1382 2029 1449 plenarie
2065 1383 2280 1433 dabitur
2318 1398 2422 1449 pax

1356 1452 1678 1504 habentibus
1755 1453 2111 1504 beatitudines
2187 1453 2427 1519 supradi-

1355 1535 1484 1574 ctas.
1526 1524 1668 1575 Bene
1712 1534 1890 1575 autem
1945 1533 2066 1589 post
2096 1523 2424 1575 munditiam

1356 1610 1458 1661 pax
1479 1595 1743 1661 sequitur,
1769 1595 1896 1662 quia
1930 1596 1995 1645 ad
2026 1595 2250 1660 gradum
2279 1594 2424 1659 pacis
2462 1655 2465 1658 Α

1353 1665 1448 1731 qui
1476 1674 1728 1731 purgatus
1758 1676 1839 1716 est
1872 1664 2141 1731 dirigitur,
2168 1679 2266 1714 nec
2313 1663 2422 1715 nisi

1356 1734 1412 1784 in
1486 1736 1624 1786 bona
1676 1736 1950 1787 voluntate
2007 1750 2108 1800 pax
2164 1734 2420 1786 nutritur.

1356 1808 1511 1858 Unde
1536 1808 1855 1859 Ambrosius
1885 1826 1904 1860 .-
1940 1826 1968 1855 «
1993 1808 2132 1859 Cum
2165 1806 2423 1857 interiora

1357 1886 1450 1928 tua
1474 1893 1639 1929 vacua
1671 1878 1858 1931 feceris
1880 1878 1949 1929 ab
1969 1878 2121 1928 omni
2148 1878 2263 1928 labe
2289 1892 2420 1943 pec-

1354 1949 1474 2011 cati,
1503 1966 1534 2001 a
1551 1960 1603 2001 te
1625 1965 1810 2017 pacem
1831 1950 1936 2002 inci
1943 1950 2044 2016 piS,
2059 1960 2120 2001 ut
2137 1950 2219 1999 sic·
2237 1964 2420 2015 pacem

1354 2020 1476 2071 aliis
1500 2020 1656 2072 feras,
1683 2021 1828 2071 Dicit
1844 2036 1972 2088 ergo
1993 2037 2007 2070 :
2031 2021 2168 2071 beati
2180 2019 2418 2086 pacifici,

1356 2106 1452 2141 nec
1513 2091 1661 2152 dicit,
1706 2091 1889 2160 animo
1933 2092 2120 2156 pacati,
2155 2090 2284 2157 quia
2317 2091 2421 2141 hoc

1352 2161 1583 2229 pertinet
1601 2163 1667 2212 ad
1695 2162 1982 2212 secundam
2012 2160 2422 2222 beatitudinem,

1339 2246 1478 2299 quae
1505 2242 1587 2283 est
1615 2233 1843 2296 mititas3
1872 2232 1964 2282 sed
2008 2232 2155 2291 dicit,
2179 2229 2416 2296 pacifici,

1353 2305 1447 2370 qui
1479 2304 1682 2356 scilicet
1709 2305 1885 2371 primo
1915 2305 1971 2354 in
2003 2303 2306 2368 semetipsis
2335 2318 2435 2368 pa-.

1353 2392 1470 2427 cem
1495 2376 1714 2437 faciunt,
1761 2387 1815 2428 et
1848 2377 2114 2444 quidquid
2154 2390 2417 2442 perversae

1351 2451 1687 2518 cogitationis
1709 2490 1722 2512 ‚
1792 2451 2085 2503 locutionis
2107 2490 2121 2512 ‚
2179 2450 2439 2516 operisve¹

1351 2523 1759 2589 deprehendunt
1817 2532 2061 2589 potenter
2115 2522 2418 2587 expellunt,
2492 2572 2495 2581 ,

1351 2609 1448 2644 nec
1474 2593 1682 2660 aliquid
1713 2593 2034 2645 turbationis
2075 2592 2130 2642 in
2160 2607 2270 2642 suae
2328 2607 2421 2642 re·-

1352 2680 1461 2730 gno
1498 2664 1894 2715 'dominationis
1935 2679 2051 2715 esse
2079 2662 2416 2729 permittunt,

1352 2745 1407 2785 et
1442 2735 1489 2785 si
1527 2735 1658 2802 quid
1688 2736 1768 2786 eis
1794 2735 2124 2786 adversitatis
2158 2744 2416 2794 occurrat,

1352 2822 1536 2872 pacem
1568 2821 1720 2875 suam
1751 2818 1931 2857 tamen
1954 2815 2180 2865 servant,
2202 2814 2254 2855 et
2294 2820 2419 2855 cun-

1351 2888 1435 2929 cta
1463 2893 1588 2928 cum
1610 2878 1788 2928 cordis
1815 2878 1901 2928 sui
1922 2875 2307 2942 tranquillitate
2327 2877 2419 2942 ju-

1351 2948 1547 3000 dicant.
1597 2949 1803 3000 Deinde
1847 2965 1958 3000 non
2001 2949 2058 2999 in
2094 2964 2152 2999 se
2210 2958 2417 2998 tantum

1354 3033 1536 3084 pacem
1602 3004 1904 3071 custodiffnt
1928 3057 1943 3079 ,
2006 3034 2192 3069 verum
2256 3019 2417 3069 etiam

1344 3088 1486 3138 ‘alios
1514 3089 1879 3140 discordantes
1917 3088 2020 3139 sibi
2050 3090 2116 3139 ad
2153 3088 2416 3139 unitatem

1354 3159 1498 3224 pacis
1541 3160 1822 3221 reducunt,
1848 3174 1908 3210 ac
1946 3175 2157 3226 semper
2185 3159 2298 3224 paci
2331 3157 2417 3209 fa-

1351 3229 1573 3289 ciendae,
1620 3229 1991 3291 reformandae,
2020 3241 2073 3281 et
2105 3244 2418 3281 conservan-

1351 3301 1453 3359 dae,
1485 3299 1597 3351 sive
1624 3299 1693 3350 in
1739 3315 1814 3362 se,
1844 3301 1957 3352 sive
2004 3301 2060 3351 in
2093 3300 2230 3358 aliis,
2270 3298 2415 3350 invi-

1349 3371 1536 3437 gilant.
1599 3369 1719 3421 Paci
1791 3381 1969 3422 autem
2026 3368 2417 3420 contrariantur

1350 3443 1610 3511 quinque,
1656 3444 1858 3495 scilicet
1886 3462 1900 3495 ε
1931 3444 2086 3502 bella,
2129 3442 2268 3501 liteS,
2322 3451 2414 3493 tu-

1349 3516 1573 3575 multus,
1605 3515 2005 3581 inquietudines
2045 3523 2098 3562 et
2134 3512 2413 3564 molestiae.
2446 3562 2454 3569 ,

1352 3584 1561 3636 Pacifici
1600 3600 1730 3652 ergo
1767 3582 2076 3651 hujusmodi
2126 3581 2279 3632 bellis
2333 3598 2417 3633 so-

1347 3654 1581 3721 piendis,
1613 3655 1802 3706 litibus
1837 3652 2174 3712 dirimendi5‚
2220 3652 2417 3703 tumul·

1348 3726 1495 3776 tibus
1581 3726 1830 3777 sedandis
1851 3763 1866 3786 ,
1946 3722 2416 3789 inquietudinibus

1348 3795 1674 3861 quietandis,
1701 3786 1962 3846 m⁸olestiis
1984 3792 2296 3858 mitigandis
2338 3792 2418 3842 in-

1346 3866 1564 3917 sistunt.
1621 3866 1749 3917 Haec
1811 3874 1988 3916 autem
2052 3872 2177 3914 sunt
2211 3862 2418 3922 *officia

1349 3936 1476 3987 Filii
1500 3935 1617 3995 Dei,
1651 3935 1747 4002 qui
1776 3935 1834 3986 in
1861 3951 1917 3987 se
1948 3933 2197 4002 pacificus
2226 3948 2412 4000 pacem

1348 4007 1659 4060 reformavit
1698 4007 1752 4060 in
1788 4008 1928 4070 aliis,
1954 4016 2007 4058 et
2033 4006 2152 4076 ideo
2182 4006 2247 4057 de
2276 4005 2414 4073 paci·
