2784 4452
374 314 481 368 366

355 438 476 500 bus,
506 443 559 485 et
586 431 770 483 ceteris
792 429 1044 480 omnibus
1068 426 1159 494 qui
1184 427 1248 477 ad
1273 442 1422 477 sum·
1460 433 1463 444 ⁴

351 523 508 558 mum
548 502 887 571 perfectionis
915 501 1126 551 culmen
1159 499 1420 564 attingere

345 578 591 645 cupiunt,
617 590 742 625 nam
769 572 965 623 talibus
996 571 1141 620 nulla
1173 578 1417 619 terreno-

346 665 470 700 rum
518 649 780 698 bonorum
807 642 1111 693 sollicitudo
1141 650 1250 699 est,
1289 640 1419 706 quia

348 724 607 774 habentes
631 720 829 770 victum
849 726 902 767 et
924 715 1175 766 vestitum
1194 712 1283 763 his
1296 729 1418 764 con-

345 795 483 846 tenti
509 803 654 844 sunt,
680 793 804 842 Haec
832 788 1014 839 omnia
1052 787 1302 837 dicuntur
1327 786 1417 837 hic

342 869 411 919 ad
426 868 718 918 tollendum
741 879 772 914 a
796 860 1231 927 praedicatoribus
1250 860 1417 910 Evan-

344 938 470 1005 gelii
519 935 940 988 sollicitudinem
995 930 1318 997 superfluam
1348 931 1415 981 de

342 1009 670 1066 necessariiS,
702 1015 967 1072 quantum
1001 1003 1067 1052 ad
1095 1012 1413 1069 praesentem

341 1081 524 1131 vitam.
563 1079 718 1130 Unde
765 1091 832 1125 ne
882 1075 1142 1135 dicerent,
1185 1074 1413 1140 qualiter

339 1151 636 1218 poterimus
663 1149 840 1199 vivere
873 1147 919 1196 si
948 1146 1132 1196 omnia
1151 1145 1409 1210 abjeceri-

341 1222 501 1272 mus?
551 1220 746 1271 Idcirco
809 1217 1086 1268 inferendo
1141 1216 1405 1266 intentum

341 1308 503 1344 suum
524 1306 588 1340 ex
612 1289 904 1356 praemissis
937 1287 1214 1352 subjungit
1240 1303 1254 1336 z
1278 1287 1407 1336 Ideo

339 1362 459 1412 dico
488 1359 652 1423 vobis,
685 1373 749 1409 ne
784 1357 1002 1409 solliciti
1026 1356 1162 1419 sitis,
1202 1354 1408 1404 sollici-

337 1433 522 1483 tudine
549 1431 815 1497 superflua
840 1441 892 1480 et
927 1428 1245 1486 inordinata,
1279 1427 1406 1477 ani-

334 1519 439 1555 mae
462 1511 671 1567 vestrae,
703 1503 757 1552 id
780 1512 858 1552 est
881 1501 1003 1552 vitae
1026 1499 1265 1559 animali,
1284 1513 1405 1564 quae

333 1577 460 1628 cibo
506 1587 846 1635 sustentatur,
884 1575 1014 1641 quid
1057 1572 1400 1634 manducetis,

335 1650 417 1699 vel
464 1649 694 1711 bibatis,
743 1661 904 1712 neque
952 1644 1169 1712 corpori
1224 1651 1402 1694 vestro

335 1719 465 1785 quid
513 1717 825 1768 induamini.
875 1714 1040 1774 Quasi
1080 1714 1276 1763 diceret
1305 1713 1402 1763 :Si

337 1787 500 1838 vultis
519 1789 631 1837 Deo
654 1786 870 1846 servire,
896 1794 1101 1851 oportet
1129 1784 1405 1834 renunties

333 1875 657 1910 mammonae
705 1859 763 1908 in
812 1857 981 1907 nimia
1025 1855 1402 1922 temporalium

331 1931 712 1982 sollicitudine.
745 1931 865 1979 Non
889 1928 963 1978 ait
992 1944 1005 1978 τ
1033 1928 1113 1978 Ne
1131 1926 1399 1991 laboretis,

332 2017 400 2052 ne
425 2002 641 2067 curetis,
672 2017 740 2052 ne
764 1999 1013 2067 quaeratis
1045 1999 1112 2048 de
1147 1998 1289 2062 cibe,
1312 2008 1404 2049 aut

328 2086 475 2141 potu,
493 2084 585 2126 aut
607 2075 959 2136 vestiment03
989 2073 1080 2123 sed
1113 2088 1127 2121 ι
1156 2073 1244 2123 Ne
1261 2071 1406 2122 solli-

331 2147 424 2196 citi
452 2146 591 2209 sitis,
624 2156 683 2197 ut
713 2144 960 2196 vitiosam
981 2142 1401 2193 sollicitudinem

333 2218 645 2284 prohibeat,
694 2233 814 2284 quae
842 2226 1077 2267 mentem
1109 2215 1398 2282 perturbat,

327 2298 382 2338 et
402 2289 470 2338 ab
499 2288 711 2338 aeternis
749 2287 989 2347 retrahit,
1016 2301 1110 2336 seu
1154 2297 1397 2351 revocat3

329 2369 384 2410 et
422 2370 483 2410 ut
528 2360 889 2410 necessarium
940 2358 1208 2409 concedat.
1244 2359 1401 2409 Unde

331 2429 486 2479 Beda
508 2447 526 2479 .-
552 2448 579 2475 α
593 2429 908 2495 Praecipimr
927 2428 1084 2478 nobis
1100 2443 1167 2478 ne
1184 2427 1399 2478 solliciti

329 2500 503 2550 simus
536 2500 667 2566 quid
697 2501 1062 2563 comedamuS,
1093 2510 1145 2549 et
1181 2496 1308 2565 quia
1338 2499 1397 2550 in

319 2570 522 2620 sudore
583 2570 764 2620 vultus
816 2584 1171 2635 praeparamus
1238 2570 1398 2620 nobis

287 2692 290 2695 .
329 2656 543 2707 panem,
570 2642 721 2692 labor
742 2643 1069 2693 exercendus
1109 2652 1206 2703 est,
1241 2642 1397 2692 solli-

327 2713 509 2764 citudo
537 2716 887 2780 praecavenda.
913 2735 940 2763 n
972 2716 1132 2766 Unde·
1146 2725 1198 2766 et
1221 2716 1397 2783 Chry-

329 2791 595 2835 sostomus
622 2803 639 2836 .·
669 2804 696 2832 α
723 2787 844 2835 Non
878 2785 1022 2836 enim
1075 2786 1397 2837 sollicitudi-

329 2855 491 2907 nibus
543 2857 942 2923 spiritualibus,
986 2858 1079 2908 sed
1117 2858 1394 2910 laboribus

328 2929 695 2995 corporalibus
726 2932 1082 2998 acquirendus
1107 2942 1188 2982 est
1217 2933 1389 2998 panis,

321 3001 420 3068 qui
453 3001 820 3054 laborantibus
868 3019 966 3070 pro
1000 3005 1222 3070 praemio
1260 3005 1391 3056 dili-

323 3074 533 3140 gentiae,
579 3074 691 3124 Deo
725 3086 1019 3140 praestante,
1056 3076 1310 3139 abundat,
1339 3087 1392 3128 et

327 3144 722 3211 negligentibus
777 3161 874 3211 pro
927 3162 1082 3213 poena
1103 3185 1118 3208 ,
1157 3147 1269 3198 Deo
1312 3147 1392 3198 fa-

325 3213 516 3275 ciente,
543 3216 876 3268 subducitur.
905 3237 935 3266 n
961 3218 1092 3268 Item
1131 3234 1237 3268 non
1270 3218 1346 3268 ait
1372 3234 1388 3269 t

325 3284 396 3336 Ut
436 3287 769 3338 manducetis
802 3289 886 3338 vel
922 3288 1144 3352 bibatis,
1184 3299 1277 3341 aut
1301 3291 1390 3340 in-

322 3354 596 3419 duamini3
644 3357 737 3406 sed
775 3357 903 3422 quid
931 3358 1274 3420 manducetiS,
1305 3358 1388 3409 vel

323 3424 549 3489 bibatis,
582 3437 674 3477 aut
719 3427 1028 3479 induamini.
1072 3431 1391 3480 Manducare

321 3509 558 3562 namque
583 3511 642 3547 ac
670 3497 868 3561 bibere,
901 3507 954 3548 et
998 3498 1172 3560 indui,
1201 3515 1387 3551 neces-

313 3564 524 3614 sarium
576 3575 656 3616 est
702 3567 767 3617 ad
813 3568 1255 3619 sustentationem
1286 3584 1386 3620 na-

317 3645 484 3698 turae3
508 3637 783 3688 sollicitari
806 3655 931 3689 vero
959 3639 1095 3690 circa
1113 3650 1387 3707 sumptuo-

318 3707 551 3772 sitatem,
565 3711 652 3760 vel
668 3712 1092 3774 delectationem,
1111 3712 1175 3763 ad
1190 3713 1383 3764 vitium

319 3779 552 3845 pertinet
579 3782 734 3847 gulae,
772 3793 864 3834 aut
896 3799 1045 3835 vanae
1075 3784 1276 3850 gloriae,
1300 3786 1385 3837 vel

311 3849 477 3899 etiem
511 3851 742 3903 avaritiae
787 3854 911 3914 Ubi,
944 3857 1238 3907 secundum
1275 3858 1384 3908 Be-

313 3919 460 3984 dam,
480 3921 698 3974 videtur
720 3927 872 3992 argui
897 3927 991 3993 qui
1022 3937 1200 3994 spreto
1243 3928 1384 3982 victu

951 307 1188 360 PRIMAE
1223 305 1470 357 PARTls
1501 308 1734 359 CAPUT
1764 310 2049 360 XXXVIII.

1533 435 1585 476 et
1634 425 1829 477 vestitu
1868 426 2174 486 communi,
2218 427 2442 477 lautiora
2472 428 2601 488 sibi,

1528 496 1951 557 velaustcriora,
1979 513 2087 563 prae
2119 498 2205 548 his
2234 514 2355 548 curn
2395 499 2600 563 quibus

1524 566 1690 617 vitam
1733 568 1964 632 ducunt,
2010 568 2262 618 alimenta
2303 570 2386 618 vel
2433 570 2599 621 indu-

1524 651 1706 691 menta
1735 641 2035 708 requirunt.
2071 642 2438 708 spiritualiter
2468 659 2598 710 ergo

1525 714 1583 764 in
1614 717 2035 777 manducatione,
2065 732 2358 782 possumus
2387 717 2599 769 intelli-

1523 801 1644 851 gere
1690 788 1906 853 gulosos
1919 803 1934 851 3
1984 788 2040 838 in
2081 786 2412 849 induitione,
2462 805 2598 841 vane

1520 857 1811 922 gloriosos3
1857 858 1913 909 in
1942 868 2171 926 utroque
2198 875 2399 911 avaros.
2438 862 2598 914 Unde

1518 930 1643 979 alibi
1677 948 1689 981 :
1720 931 1866 982 Erat
1912 932 2128 997 quidam
2181 933 2345 995 dives,
2383 933 2437 982 in
2481 950 2596 1000 quo

1518 1003 1782 1069 cupiditas
1811 1006 1945 1071 :qui
1982 1005 2297 1056 induebatur
2337 1022 2594 1071 purpura

1516 1083 1568 1126 et
1595 1078 1776 1145 bysso,
1812 1078 1868 1128 in
1899 1094 2008 1144 quo
2028 1079 2233 1129 vanitas
2265 1095 2278 1127 ε
2308 1086 2360 1129 et
2387 1080 2586 1144 epula-

1518 1147 1673 1197 batur
1721 1150 1957 1214 quotidie
2010 1149 2306 1215 splendide,
2363 1150 2420 1199 in
2477 1167 2591 1217 quo

1514 1220 1819 1284 gulosistas.
1862 1221 1985 1271 Noli
2026 1237 2151 1287 ergo
2190 1223 2500 1288 quicunque
2529 1239 2591 1275 es

1513 1291 1606 1355 qui
1635 1292 1825 1342 mundi
1848 1293 2070 1359 gloriam
2101 1293 2363 1358 sprevisti,
2386 1309 2446 1343 ac
2474 1294 2590 1345 Deo

1513 1363 1712 1413 servire
1737 1364 1961 1431 elegisti,
1993 1364 2125 1425 noli,
2153 1366 2391 1432 inquam,
2427 1367 2592 1417 solli-

1510 1433 1651 1484 citus
1668 1449 1782 1485 esse
1808 1435 1929 1485 vitae
1953 1444 2059 1486 tuae
2088 1437 2152 1486 de
2176 1436 2317 1487 victu
2348 1447 2400 1486 et
2427 1437 2595 1487 vesti-

1510 1513 1588 1564 tu,
1634 1504 1762 1571 quia
1815 1521 2009 1556 vanum
2065 1516 2146 1556 est
2195 1523 2291 1571 pro
2345 1508 2436 1558 his
2468 1523 2589 1559 esse

1512 1574 1822 1626 sollicitum.
1874 1576 2026 1626 Unde
2085 1577 2368 1627 confirmat
2434 1594 2589 1644 spem

1512 1655 1749 1696 nostram
1779 1646 2064 1716 DominuS,
2097 1647 2274 1713 primo
2300 1649 2366 1697 de
2395 1649 2589 1714 majori

1508 1715 1575 1763 ad
1625 1716 1807 1766 minus
1847 1717 2193 1777 descenden8‚
2233 1726 2284 1767 et
2312 1717 2509 1783 probat
2556 1733 2589 1770 a

1510 1788 1697 1853 majori
1766 1788 2038 1839 neminem
2103 1804 2219 1839 esse
2289 1790 2588 1841 sollicitum

1508 1858 1641 1908 circa
1699 1859 2029 1924 hujusmodi.
2085 1859 2142 1908 Si
2194 1859 2344 1908 enim
2409 1862 2589 1926 majus

1508 1929 1759 1979 donabile
1783 1930 1940 1980 datur
1967 1945 2030 1980 ex
2065 1944 2276 1989 amore,
2319 1939 2370 1979 et
2403 1930 2589 1981 minus

1508 1999 1724 2050 dabitur
1750 2002 1938 2051 saltem
1990 2001 2047 2050 in
2097 2001 2449 2064 necessitate;
2492 2004 2589 2053 sed

1509 2069 1651 2120 Deus
1697 2070 1842 2121 dedit
1884 2070 2042 2121 nobis
2082 2072 2281 2135 majora
2306 2071 2584 2132 beneficia,

1507 2141 1711 2191 scilicet
1728 2141 1964 2191 animam
1983 2151 2036 2191 et
2055 2156 2264 2206 corpuS‚
2287 2156 2413 2207 ergo
2435 2142 2591 2194 dabit

1507 2222 1559 2263 et
1586 2213 1813 2274 minora,
1845 2212 2043 2264 scilicet
2083 2212 2283 2264 victum
2328 2223 2382 2265 et
2415 2214 2590 2264 vesti-

1506 2295 1640 2336 tum.
1664 2286 1783 2335 Non
1806 2285 1947 2336 enim
1969 2286 2147 2336 anima
2165 2294 2384 2352 propter
2403 2301 2586 2336 escam

1505 2368 1673 2409 creata
1701 2368 1798 2422 est,
1832 2373 1929 2408 nec
1955 2374 2146 2425 corpus
2174 2368 2398 2424 propter
2423 2359 2583 2409 vesti-

1505 2439 1777 2489 mentum,
1828 2429 1919 2479 sed
1959 2429 2131 2494 magis
2176 2444 2205 2478 e
2247 2438 2441 2488 contra
2503 2439 2585 2480 est

1501 2499 1719 2561 factum,
1749 2498 1871 2550 ideo
1902 2515 2013 2549 non
2050 2499 2122 2549 sit
2151 2498 2416 2548 sollicitus
2453 2498 2582 2548 ani—

1504 2590 1645 2635 muS,
1676 2588 1744 2623 ne
1786 2573 2045 2639 percipiat
2079 2573 2225 2638 quod
2256 2581 2478 2637 propter
2521 2587 2583 2623 se

1500 2656 1735 2695 creatum
1764 2655 1861 2695 est.
1904 2645 2058 2694 Unde
2104 2643 2535 2711 Chrysostomus
2561 2662 2583 2694 .-

1502 2736 1528 2763 «
1554 2716 1687 2766 Nisi·
1715 2717 1860 2767 Deus
1887 2716 2047 2766 vellet
2084 2729 2394 2764 conservare
2426 2715 2580 2780 quod

1500 2795 1607 2848 est,
1650 2787 1830 2853 ipsum
1864 2801 1971 2836 non
2008 2793 2251 2848 creasset,
2285 2784 2414 2850 quia
2439 2801 2578 2836 vero

1498 2858 1612 2925 ipse
1666 2857 1941 2908 constituit
1988 2866 2051 2906 ut
2089 2856 2270 2906 anima
2308 2855 2464 2915 cibo,
2523 2866 2580 2907 et

1498 2946 1690 2997 corpus
1719 2931 2036 2980 indumento
2058 2938 2417 2989 conservetur,
2447 2929 2577 2981 ideo

1498 3003 1611 3068 ipse
1635 3012 1927 3068 utrumque
1943 2999 2135 3050 tribuit
2166 3015 2179 3049 τ
2205 3019 2231 3047 n
2254 3000 2369 3050 haec
2395 3000 2577 3068 Chry·—

1497 3083 1780 3126 sostomus.
1815 3073 1919 3134 Qui
1945 3088 2072 3139 ergo
2095 3071 2245 3122 dedit
2271 3072 2387 3122 sine
2411 3073 2575 3122 solli·

1497 3146 1736 3196 citudine
1785 3155 1965 3194 nostra
2013 3143 2205 3200 vitam,
2256 3141 2407 3190 dabit
2451 3141 2575 3192 sine

1496 3215 1857 3265 sollicitudine
1883 3222 2061 3265 nostra
2089 3211 2374 3278 superflua,
2390 3211 2566 3261 -etiam

1496 3284 1631 3334 illud
1666 3285 1808 3336 unde
1835 3294 2049 3351 regatur
2079 3282 2223 3344 vita;
2261 3281 2443 3331 fatuus
2487 3292 2572 3332 est

1495 3370 1621 3421 ergo
1669 3354 1764 3420 qui
1817 3364 2034 3421 propter
2088 3352 2301 3415 minus,
2363 3351 2572 3403 scilicet

1493 3441 1686 3486 escam,
1714 3436 1807 3476 aut
1834 3427 2228 3485 vestimentum,
2258 3423 2435 3489 perdit
2456 3440 2568 3475 ma—

1493 3498 1595 3563 jus,
1620 3497 1826 3548 scilieet
1848 3497 2086 3547 animam
2108 3496 2192 3547 vel
2216 3511 2429 3561 corpus·

1556 3567 1590 3618 8
1626 3570 1707 3620 Er
1735 3586 1895 3620 mtto
1927 3584 2272 3619 somerrtmo
2305 3580 2430 3630 cmx,
2472 3583 2567 3618 tm

1490 3657 1659 3694 Avruu
1688 3659 2013 3694 srmmrtmo.
2045 3672 2109 3681 —
2132 3641 2340 3692 Deinde
2368 3640 2564 3706 probat

1490 3712 1833 3779 singulariter
1857 3714 1926 3765 de
1947 3723 2194 3780 utroque,
2211 3711 2415 3762 scilicet
2433 3709 2561 3761 cibo

1489 3795 1543 3838 et
1568 3786 1908 3838 vestimento.
1942 3787 2009 3837 Et
2033 3787 2208 3853 primo
2233 3786 2298 3834 de
2321 3783 2460 3843 cib0‚
2492 3784 2561 3834 de

1489 3872 1600 3924 quo
1629 3855 1906 3909 confirmat
1931 3873 2083 3924 spem
2118 3866 2357 3908 nostram
2379 3870 2411 3905 a
2437 3854 2554 3905 mi-

1490 3930 1610 3983 nori
1641 3930 1707 3982 ad
1730 3932 1902 3999 majus
1937 3932 2242 3996 ascenden5‚
2274 3938 2327 3979 et
2353 3943 2418 3979 ex
2444 3926 2561 3980 mi-‘
