2784 4452
267 287 373 340 358

263 410 416 470 Item,
443 421 558 456 non
585 403 911 470 intelligitur
947 404 1014 453 de
1052 403 1195 452 maio
1221 416 1328 466 poe-

261 494 343 529 nae
391 477 601 536 futurae,
659 476 787 542 quia
830 485 960 525 tunc
1010 473 1330 524 coincideoet

263 550 377 600 haec
403 549 596 614 petitio
619 563 743 598 cum
761 546 1012 606 secunda,
1041 545 1133 594 sed
1155 557 1329 609 poenae

264 620 542 686 praesentis
603 619 661 667 in
723 627 983 684 quantum
1036 625 1119 665 est
1168 613 1330 663 nobis

265 705 423 741 eausa
444 701 496 740 et
514 688 721 740 occasio
747 689 934 739 ruinae.
963 688 1142 737 Potest
1169 686 1328 736 etiam

263 761 433 827 aocipi
468 761 540 811 de
574 760 717 810 malo
772 774 943 825 poenae
997 758 1207 817 futurae,
1257 756 1332 807 ita

265 832 413 898 quod
437 842 682 898 petamus
709 829 786 880 sic
810 845 910 879 nos
938 828 1151 879 liberari
1171 843 1202 878 a
1225 842 1333 877 ma-

261 904 319 954 lo
344 903 610 969 praesenti‚
643 912 700 952 ut
729 916 839 950 non
859 900 1198 950 incurramus
1222 914 1334 949 rna-

266 975 381 1024 lum
418 990 587 1039 poenae
624 974 832 1023 futurae.
878 974 945 1023 Et
977 973 1046 1022 ab
1069 971 1331 1021 omnibus

264 1046 530 1111 praedict-is
567 1045 803 1111 petimus
836 1042 1069 1103 liberari,
1099 1052 1329 1102 oranteS,

263 1126 318 1167 et
360 1118 641 1183 loquentes
687 1116 742 1165 in
792 1130 1019 1180 persona
1061 1113 1327 1164 Faedesiae.

263 1189 371 1239 Sed
392 1189 485 1254 qui
499 1189 615 1238 vult
642 1203 673 1237 a
693 1189 848 1238 malis
866 1188 1098 1247 liberari,
1119 1188 1329 1237 audeat

262 1259 420 1309 malis
471 1259 735 1324 proximis
789 1259 1037 1323 compati,
1074 1258 1205 1324 quia
1231 1257 1327 1323 qui

260 1331 378 1380 vult
403 1329 686 1395 impetrare
708 1330 1133 1380 misericordiam
1146 1344 1178 1379 a
1195 1329 1327 1388 Dec,

260 1416 476 1450 necesse
519 1412 600 1451 est
654 1411 714 1453 ut
751 1401 1001 1452 exhibeat
1051 1416 1171 1451 eam
1213 1415 1329 1466 pro-

259 1473 429 1525 ximo-

332 1561 386 1595 11
427 1546 728 1597 Concnusm
772 1562 1056 1597 onArxoms
1094 1547 1327 1597 Doum-

257 1630 335 1667 ciz
383 1632 485 1666 rm
539 1633 748 1667 vannum
797 1620 981 1669 Amen.
1020 1647 1082 1657 —
1122 1618 1328 1668 Deinde

260 1686 503 1753 sequitur
547 1689 819 1738 conclusio
857 1690 1024 1739 totius
1065 1689 1328 1739 orationis

256 1757 565 1824 praemissae‚
614 1774 737 1808 cum
776 1760 974 1810 dicitur
1001 1777 1017 1811 t
1044 1764 1232 1822 Amen,
1269 1760 1327 1809 id

256 1838 337 1881 est
380 1828 509 1879 fiant
546 1830 731 1880 omnia
772 1832 1038 1896 praedicta.
1069 1832 1190 1892 Quo
1217 1848 1329 1883 ver·

258 1901 330 1951 bo
373 1901 702 1951 desiderium
752 1903 954 1953 orantis
987 1903 1325 1969 exprimitur,

258 1972 387 2039 quia
409 1982 490 2022 est
516 1973 741 2024 verbum
763 1975 1060 2039 optativum
1085 1985 1327 2041 respectu

257 2046 525 2095 bonorum
564 2046 998 2111 praeceden-tium,
1037 2057 1089 2097 et
1125 2047 1328 2113 optatio

258 2115 589 2181 impletionis
614 2118 863 2167 omnium
882 2119 1191 2185 petitorum.
1214 2120 1329 2170 Hoc

256 2188 481 2238 verbum
539 2189 706 2240 Amen
753 2190 996 2241 additum
1041 2205 1074 2242 a
1101 2192 1325 2253 Ioanne,

257 2262 386 2327 quia
403 2264 720 2329 Angelicum
734 2275 818 2316 est
836 2266 974 2317 sicut
993 2276 1050 2317 et
1069 2267 1325 2331 Alleluia,

255 2335 404 2385 nulla
464 2336 650 2401 lingua
701 2338 1042 2403 praesumpsit
1085 2339 1332 2389 transfer-

257 2420 333 2456 re.
385 2406 500 2456 Hoc
572 2417 751 2458 autem
798 2410 1025 2460 verbum
1075 2420 1156 2461 est
1211 2412 1327 2460 He-

259 2476 492 2537 braeum,
543 2487 595 2527 et
642 2494 737 2529 nec
784 2481 1004 2531 Graecus
1058 2482 1325 2548 interpres

256 2561 422 2596 ausus
445 2558 527 2597 est
555 2548 913 2614 interpretari,
947 2567 1042 2601 nec
1080 2553 1324 2613 LatinuS,

257 2626 473 2682 propter
522 2619 868 2670 reverentiam
902 2622 1188 2672 Salvatoris
1228 2622 1323 2689 qui

258 2686 325 2736 ad
350 2686 768 2739 confirmandam
801 2691 1078 2742 veritatem
1095 2708 1237 2758 saepe
1261 2709 1327 2742 eo

260 2768 340 2810 est
365 2773 515 2810 usne.
546 2761 632 2810 Sic
666 2763 865 2814 mansit
890 2774 943 2814 et
971 2781 1081 2814 non
1123 2775 1204 2815 est
1230 2766 1326 2814 in·-

258 2838 603 2894 terpretatum
629 2870 642 2892 ,
682 2842 744 2884 ut
796 2834 1059 2884 honorem
1111 2835 1330 2885 haberet

257 2900 559 2951 velamento
589 2904 799 2968 secreti;
831 2922 942 2955 non
979 2915 1042 2955 ut
1059 2916 1203 2956 esset
1230 2922 1330 2957 ne·-

260 2980 461 3038 gatum,
511 2974 602 3023 sed
641 2991 708 3026 ne
746 2976 1020 3027 vilesceret
1046 2977 1327 3028 nudatum.

261 3041 487 3093 Ponitur
505 3055 687 3096 autem
716 3048 1041 3115 quandoque
1072 3049 1328 3099 nomina-

258 3111 399 3173 liter,
428 3124 488 3164 ut
513 3115 565 3164 in
586 3118 927 3183 Apocalypsi,
956 3118 1050 3168 ubi
1082 3119 1281 3169 dicitur
1313 3136 1327 3170 z

258 3182 399 3233 Haec
448 3185 577 3235 dicit
627 3189 813 3250 Amen,
863 3188 917 3237 id
953 3198 1037 3239 est
1086 3189 1331 3252 Veritas,-

258 3254 582 3322 quandoque
633 3257 935 3319 verbaliter,
976 3268 1038 3308 ut
1090 3260 1331 3310 ubicun-

259 3340 367 3390 que
393 3327 450 3376 in
479 3329 763 3379 Psalmista
781 3329 979 3380 dicitur
1008 3348 1022 3380 ε
1052 3332 1183 3382 Fiat
1196 3333 1327 3398 fiat,

258 3395 403 3446 idem
432 3408 513 3448 est
556 3400 701 3465 quod
733 3417 746 3449 ι
775 3403 945 3451 Amen
973 3416 1143 3463 amen,
1165 3412 1219 3452 et
1249 3404 1327 3453 sic

257 3468 479 3533 ponitur
512 3470 567 3519 in
607 3470 716 3521 fine
756 3472 1083 3533 orationum,
1113 3483 1175 3522 ut
1203 3473 1322 3537 hic3

259 3543 584 3609 quandoque
620 3554 801 3595 autem
856 3544 1242 3606 adverbialiter,
1268 3555 1329 3597 ut

258 3614 318 3664 in
376 3616 663 3682 Evangelio
722 3619 1034 3686 ubicunque
1092 3619 1324 3670 dicitur:

259 3687 427 3736 Amen
465 3687 583 3738 dico
626 3689 791 3752 vobis,
827 3690 881 3740 id
918 3700 999 3741 est
1023 3705 1145 3741 vere
1179 3701 1233 3741 et
1261 3690 1329 3741 fi-

259 3757 467 3808 deliter.
521 3760 695 3810 Habet
765 3771 945 3812 autem
998 3762 1110 3812 haec
1162 3762 1328 3813 dictio

260 3830 445 3892 Amen,
477 3831 649 3895 posita
681 3832 738 3882 in
768 3833 890 3897 fine,
917 3833 1184 3900 triplicem
1219 3835 1331 3886 effi-

262 3898 456 3949 caciam
486 3912 539 3951 et
582 3902 853 3955 virtutem.
888 3905 1023 3954 Nam
1063 3906 1329 3958 concludit

815 285 1057 336 PRIMAE
1092 282 1343 334 PARTIS
1375 281 1614 333 CAPUT
1640 282 1904 333 XXXVII.

1433 399 1747 460 orationem,
1799 399 1946 465 quia,
2010 399 2312 449 seeundum
2358 399 2523 450 Hie-

1391 501 1395 508 ·
1431 484 1736 536 marmiun,
1750 480 1838 520 est
1861 468 2121 519 orationis
2147 469 2511 535 signaculum,

1432 551 1494 591 ut
1514 540 1659 591 simt
1695 556 1788 607 per
1811 540 2057 606 sigillum
2084 541 2349 591 clauditur
2366 542 2514 591 seri-

1433 626 1606 681 ptura,
1646 614 1724 665 sic
1765 630 1860 680 per
1897 629 2052 665 amen
2080 614 2350 665 clauditur
2377 630 2511 665 ota·-

1432 685 1530 735 tio.
1558 684 1848 751 Recouigit
1912 684 2076 735 etiam
2132 684 2527 744 intentionem,

1434 773 1559 808 nam
1582 760 1795 823 quando
1842 758 2042 808 dicitur
2072 772 2242 821 amen,
2272 758 2512 809 intentio

1425 829 1749 879 'summassfim
1780 828 1949 880 fertur
1972 844 2138 894 super
2163 829 2346 879 omnia
2376 844 2514 894 prae·

1434 899 1689 964 cedentia,
1720 909 1773 949 et
1795 900 1845 950 si
1874 900 2083 966 aliquid
2113 914 2180 949 ex
2223 899 2515 965 fragilitate

1435 973 1672 1023 humana
1712 988 1809 1039 per
1858 973 2264 1023 distractionem
2306 973 2525 1023 mentis

1434 1044 1492 1095 in
1544 1044 1792 1094 oratione
1831 1044 2038 1110 absque
2088 1044 2279 1094 actuali
2321 1044 2512 1094 inten-

1434 1116 1583 1166 tione
1609 1116 1990 1182 pertransimm
2020 1116 2200 1176 fuerit,
2232 1116 2299 1165 ad
2324 1116 2379 1165 id
2412 1117 2514 1166 in·-

1434 1185 1604 1236 tentio
1637 1186 1776 1236 redit
1815 1186 2078 1236 dicendo:
2107 1189 2294 1237 Amen.
2320 1188 2521 1252 impe--

1434 1268 1537 1308 trat
1566 1257 1927 1308 nihilominus
1972 1258 2393 1318 exauditionem,
2424 1267 2514 1309 est

1433 1330 1580 1380 enim
1606 1345 1759 1381 amen
1798 1330 2159 1381 exauditionis
2184 1342 2314 1381 nota
2340 1341 2399 1381 et
2421 1331 2511 1380 si·-

1433 1416 1621 1467 gnum.
1652 1402 1809 1452 Unde
1847 1403 2108 1453 Rabanus
2136 1419 2154 1452 .-
2187 1420 2215 1448 a
2252 1403 2351 1452 Per
2396 1403 2510 1452 hoc

1433 1475 1580 1539 quod
1633 1475 1900 1525 Dominus
1946 1474 2156 1525 dixerat
2192 1489 2369 1537 men,
2422 1475 2510 1525 si·-

1433 1554 1561 1611 gnat
1614 1545 1983 1595 indubitanter
2021 1545 2133 1594 iuis
2184 1559 2218 1595 a
2266 1545 2512 1595 Domino

1433 1616 1662 1666 conferri
1690 1617 1877 1667 omnia
1912 1631 2037 1682 quae
2066 1616 2168 1667 rite
2213 1618 2511 1682 postulant,

1432 1688 1527 1753 qui
1575 1688 1899 1738 conditionis
1934 1687 2128 1737 additae
2168 1702 2377 1738 servare
2405 1703 2511 1753 pa·-

1433 1767 1578 1807 ctum
1625 1774 1736 1808 non
1790 1759 2084 1825 negligunt,
2124 1774 2246 1825 quae
2285 1759 2510 1825 qui-dem

1433 1828 1672 1879 conditio
1720 1839 1806 1879 est
1840 1830 2119 1879 dimittere
2162 1829 2514 1882 debitoribus

1432 1902 1647 1965 nostriS,
1678 1904 1745 1952 de
1772 1918 1882 1968 qua
1918 1903 2132 1952 dictum
2159 1913 2241 1953 est
2289 1920 2302 1952 :
2335 1922 2362 1950 n
2394 1905 2514 1954 haec

1432 1973 1709 2023 Rabanus.
1763 1974 1814 2024 Ο
1861 1973 2112 2034 Domine,
2172 1989 2365 2039 parum
2421 1985 2512 2026 est

1432 2047 1574 2111 quod
1599 2045 1837 2097 dixerim
1862 2060 2017 2096 amen
2060 2046 2147 2096 vel
2166 2046 2282 2112 fiat
2302 2055 2509 2111 optan-

1433 2116 1520 2176 do,
1551 2116 1658 2165 nisi
1683 2125 1743 2165 tu
1788 2116 1933 2166 dicas
1966 2129 2124 2166 amen
2163 2115 2508 2182 impu-ando,

1433 2185 1485 2235 id
1516 2196 1597 2238 est
1611 2186 1754 2253 fiat!
1778 2187 1826 2238 Ο
1861 2185 2209 2252 magnificum
2234 2196 2291 2238 et
2314 2186 2506 2238 effica-

1433 2258 1712 2308 cissimum
1751 2259 1978 2309 verbum
2012 2258 2151 2323 fiat,
2211 2258 2316 2308 hoc
2352 2259 2511 2309 enim

1432 2330 1594 2381 verbo
1645 2340 1722 2390 tu,
1769 2331 1921 2380 Pater
1960 2344 2176 2380 ¹summe
2218 2329 2277 2379 in
2309 2330 2517 2380 Princi-

1433 2403 1540 2469 pio,
1584 2403 1638 2452 id
1667 2412 1746 2453 est
1775 2403 1833 2453 in
1873 2403 2052 2453 Verbo
2093 2413 2206 2462 tuo,
2245 2413 2515 2454 coaeterna

1431 2477 1615 2528 omnia
1641 2477 1847 2537 creasti,
1881 2476 2063 2526 dixisti
2098 2487 2154 2527 et
2183 2477 2320 2527 facta
2344 2488 2471 2528 sunt
2488 2494 2511 2541 3

1434 2551 1535 2601 hoc
1572 2550 1735 2601 etiam
1769 2550 1935 2600 verbo
1984 2566 2083 2600 nos
2135 2551 2373 2615 perditos
2434 2567 2516 2602 re—

1434 2621 1648 2686 parasti,
1676 2621 1886 2671 dicente
1916 2620 2008 2670 illa
2030 2620 2367 2671 sanctissima
2397 2623 2515 2671 Re·-

1433 2691 1687 2756 paratrice
1727 2701 1910 2740 nostra
1944 2691 2011 2740 ad
2048 2692 2313 2756 Angelum
2337 2707 2351 2740 :
2375 2692 2517 2742 Fiat

1389 2763 1562 2813 “milei
1611 2763 1896 2813 secundum
1948 2763 2169 2812 verbum
2217 2764 2400 2813 tuum!
2454 2764 2509 2814 O

1432 2834 1765 2885 salutiferum
1818 2834 2046 2884 verbum
2098 2833 2207 2893 fiat,
2250 2850 2285 2883 o
2330 2849 2513 2893 amen,

1434 2921 1466 2956 0
1484 2903 1593 2965 fiat,
1621 2920 1658 2954 o
1684 2905 1908 2955 verbum
1939 2904 2366 2970 omnipotentiae,
2395 2920 2517 2954 ver·

1434 2977 1565 3025 bum
1586 2975 1736 3026 mirae
1763 2975 2037 3026 efficaciae!
2065 2976 2184 3034 Eia,
2211 2975 2286 3024 mi
2321 2975 2517 3024 Domi-

1432 3062 1499 3098 ne
1527 3048 1654 3097 Jesu
1682 3047 1839 3107 bone,
1865 3047 2103 3096 Verbum
2136 3046 2323 3104 Patris,
2351 3060 2513 3095 com-

1435 3118 1520 3184 ple
1561 3127 1621 3167 tu
1646 3117 1946 3167 orationem
1980 3132 2178 3177 meam,
2226 3115 2423 3182 perfice
2444 3126 2514 3166 tu

1433 3190 1593 3242 verba
1627 3205 1744 3240 mea
1782 3205 1879 3256 per
1911 3199 1965 3239 te
2005 3190 2201 3241 dictata
2248 3198 2304 3239 et
2346 3189 2405 3239 in
2442 3205 2514 3240 os

1434 3277 1618 3312 meum
1668 3262 2055 3322 commendata,
2103 3259 2296 3317 perfice
2348 3275 2415 3310 ea
2453 3270 2514 3311 et

1433 3332 1520 3382 dic
1562 3345 1732 3394 amen,
1763 3331 1851 3382 dic
1883 3333 2012 3398 fiat,
2063 3331 2150 3381 dic
2179 3331 2317 3381 mihi
2362 3332 2511 3383 sicut

1433 3403 1614 3454 dixisti
1655 3404 1734 3453 ini
1764 3404 1979 3454 mulieri
2028 3403 2456 3470 Syrophoenissae
2492 3421 2512 3454 ι

1436 3475 1567 3525 Fiat
1607 3474 1704 3525 tibi
1754 3474 1891 3524 sicut
1932 3474 2032 3524 vis.
2060 3475 2111 3524 Ο
2137 3473 2311 3523 dulcis
2353 3489 2518 3525 arnor

1431 3548 1574 3606 Jesu,
1595 3561 1628 3596 o
1656 3546 1831 3596 dulcis
1855 3546 2069 3605 veritas,
2089 3562 2124 3596 o
2152 3547 2307 3596 dulce
2329 3561 2531 3608 amen„

1433 3637 1466 3671 o
1498 3620 1656 3670 dulce
1682 3620 1908 3669 verbum
1922 3619 2061 3685 fiat3
2096 3619 2213 3686 fiat
2253 3619 2389 3668 mihi·
2419 3634 2512 3670 se·-

1433 3693 1660 3742 cundum
1691 3691 1906 3742 verbum
1935 3698 2096 3755 tuum,
2129 3691 2222 3741 fiat
2261 3706 2440 3742 amen.

1499 3777 1560 3812 12
1579 3762 1900 3812 Puri-nonus
1919 3779 1952 3811 A
1972 3763 2116 3812 Luca
2139 3776 2421 3812 omsSAE.—
2437 3762 2510 3811 Et

1431 3832 1710 3884 sciendum
1751 3834 1898 3899 quod
1937 3834 2108 3884 Lucas
2134 3833 2341 3883 omittit
2368 3833 2507 3883 duas

1430 3904 1712 3971 petitiones
1738 3904 1996 3955 orationis
2024 3904 2338 3968 Dominicae,
2362 3903 2524 3954 scilia-
