2784 4452
392 291 497 357 334

390 403 683 470 subjungit,
737 403 922 454 dicens
961 419 978 453 ε
1020 403 1134 454 Sed
1176 402 1229 454 si
1256 401 1378 468 quis
1404 406 1455 449 te

382 475 716 543 percusserit
757 475 811 524 in
839 476 1120 524 dexteram
1168 473 1454 524 maxillam

383 546 571 612 praebe
587 544 673 594 illi
701 551 752 594 et
774 545 1021 606 alteram,
1053 543 1257 594 scilicet
1269 544 1454 593 dexte-

391 630 507 665 ram
537 614 736 665 mentis
760 614 1090 674 interiorem,
1125 629 1197 664 ne
1218 612 1456 664 exterio-

392 687 469 738 ris
516 686 760 737 hominis
788 687 928 737 caede
965 687 1051 736 vel
1079 686 1271 737 tacitus
1315 685 1458 735 intra

391 773 450 809 se
477 767 755 809 moveatur
787 757 1029 817 interior,
1054 758 1110 807 id
1135 767 1234 817 est,
1256 757 1332 807 sis
1357 772 1457 822 pa-

391 841 540 882 ratus
568 832 626 881 in
652 832 836 881 animo
860 833 926 882 ad
958 833 1117 882 aliam
1156 830 1458 897 percussio-

393 921 538 965 nem,
569 915 622 956 et
658 906 875 970 majora,
924 915 975 956 et
1003 906 1264 971 ampliora
1286 905 1457 955 susti-

392 976 650 1036 nendum,
661 986 948 1042 antequam
960 993 1054 1042 per
1069 975 1457 1042 impatientiam

394 1047 538 1097 malo
590 1046 832 1105 resista5‚
882 1057 934 1096 et
983 1048 1288 1097 scandalum
1306 1085 1322 1105 ,
1373 1047 1459 1095 vel

391 1120 613 1185 aliquod
645 1121 850 1170 malum
879 1120 1025 1170 aliud
1070 1130 1253 1170 contra
1277 1119 1460 1169 chari-

392 1201 557 1242 tatem
587 1190 835 1241 suscites.
874 1191 1031 1242 Unde
1064 1191 1410 1257 Augustinus
1441 1207 1459 1240 .-

394 1278 422 1307 α
452 1260 576 1309 Non
601 1270 810 1311 tantum
843 1276 952 1310 non
999 1262 1339 1328 repercutias,
1366 1260 1460 1310 sed

394 1329 442 1380 si
493 1330 609 1380 vult
634 1331 855 1381 alteram
885 1331 1058 1395 ferire,
1090 1332 1352 1398 patienter
1376 1346 1463 1380 su-

393 1399 610 1452 stineas,
637 1420 664 1448 n
682 1402 786 1452 Ubi
820 1403 1242 1470 Chrysostomus
1266 1421 1282 1453 .-
1308 1421 1336 1448 a
1352 1400 1460 1462 Qui

394 1473 699 1539 repercutit,
721 1474 883 1540 Legis
910 1475 1096 1541 implet
1123 1474 1460 1534 mandatum,

397 1563 507 1598 non
538 1548 761 1599 Christi.
811 1550 916 1599 Sed
943 1549 1111 1613 dicis,
1159 1549 1357 1615 dignus
1382 1558 1465 1599 est

396 1621 488 1671 ille
521 1622 818 1686 repercuti3
849 1622 1032 1686 etiarn,
1057 1622 1149 1673 sed
1173 1631 1233 1673 tu
1259 1638 1374 1672 non
1405 1638 1464 1672 es

393 1691 592 1758 dignus
628 1705 976 1776 repercutere,
1010 1695 1139 1761 quia
1165 1694 1465 1760 discipulus

395 1764 542 1815 illius
564 1780 643 1824 es,
663 1765 750 1816 cui
770 1782 893 1816 cum
916 1767 1337 1830 malediceretur,
1350 1783 1462 1817 non

394 1804 845 1887 remaledicebat·
889 1856 918 1884 υ
960 1838 1077 1888 haec
1126 1838 1463 1905 Chry-tosto-

394 1922 532 1959 παις.
562 1909 644 1958 Ad
673 1925 837 1960 omne
865 1925 991 1975 ergo
1025 1926 1128 1961 nos
1153 1911 1462 1975 exemplum

396 1982 665 2048 patientiae
727 1995 779 2034 et
818 1983 1143 2034 humilitatis
1191 1984 1465 2035 Dominus

395 2067 492 2118 per
521 2053 836 2120 Evangelica
864 2065 1127 2120 praecepta
1163 2054 1465 2105 confirmat.

397 2123 520 2174 Non
549 2125 727 2174 solum
755 2124 902 2174 enim
933 2125 1186 2191 prohibet
1224 2141 1468 2192 repercu-

363 2203 505 2246 ·tere
522 2196 943 2261 percutientem,
976 2197 1069 2249 sed
1100 2207 1152 2248 et
1173 2197 1321 2264 jubet
1361 2211 1465 2248 nos

397 2277 607 2333 paratos
639 2283 755 2318 esse
796 2268 991 2319 iterum
1023 2270 1229 2334 percuti
1255 2280 1310 2320 et
1356 2286 1469 2319 non

398 2338 643 2389 resistere
675 2340 818 2389 malo
872 2340 1080 2405 injuriae
1103 2378 1121 2401 ,
1150 2340 1470 2407 'quominus

398 2412 574 2461 adhuc
627 2413 796 2477 possit
837 2412 998 2463 nobis
1046 2413 1253 2464 inferri.
1311 2414 1470 2465 Unde

399 2483 552 2533 Beda
578 2500 595 2532 .-
630 2500 657 2528 ι(
684 2483 830 2543 Quid
856 2493 966 2533 tam
994 2500 1273 2550 magnum,
1303 2500 1467 2550 quam

399 2553 716 2619 percutienti
740 2554 976 2618 praebere
995 2556 1307 2606 maxillam?
1326 2557 1372 2605 N
1376 2572 1471 2608 on-

402 2639 472 2674 ne
499 2623 887 2689 indignationis
924 2624 1158 2691 impetus
1184 2626 1467 2692 frangitur,

400 2694 481 2744 ira
520 2695 752 2754 sedatur,
787 2705 843 2745 et
896 2711 991 2761 per
1022 2696 1336 2762 patientiam
1371 2696 1471 2749 ille

369 2809 374 2814 .
402 2773 655 2828 mutatur,
681 2766 768 2816 vel
797 2766 1058 2818 invitatur
1094 2768 1161 2818 ad
1190 2768 1467 2834 poeniten-

400 2835 562 2886 tiam?
593 2837 692 2887 Per
731 2838 894 2903 hujus
925 2855 1054 2905 ergo
1086 2840 1470 2899 mandatigim-

402 2908 697 2974 pletionem
718 2949 732 2970 ,
778 2912 945 2962 homo
993 2912 1212 2964 Christo
1250 2913 1471 2965 confor-

402 2991 600 3045 matur,
618 2982 864 3034 diabolus
880 2986 948 3035 ab
968 2985 1195 3036 homine
1215 2985 1470 3048 vincitur,

401 3053 559 3119 plena
581 3069 683 3119 pax
704 3054 842 3105 inter
860 3057 1113 3107 homines
1137 3056 1427 3109 obtinetur.
1442 3078 1472 3106 n

404 3125 563 3177 Unde
597 3126 1024 3193 Chrysostomus
1043 3147 1061 3180 ε
1084 3148 1113 3177 ι(
1141 3130 1469 3195 Huiusmodi

404 3199 680 3250 meditatio
709 3200 1001 3253 tolerantiae
1049 3204 1198 3254 ducit
1244 3205 1311 3255 ad
1341 3220 1473 3270 pas-

405 3272 614 3323 sionem
657 3274 921 3338 martyrii.
955 3276 1133 3327 Facile
1154 3277 1302 3327 enim
1341 3293 1469 3343 per-

313 3369 321 3377 ·
405 3343 701 3394 secutlonls
738 3354 997 3410 tempore,
1018 3363 1202 3411 poenas
1231 3348 1473 3414 corporis

406 3412 604 3479 poterit
655 3414 957 3476 sustinere,
1006 3417 1051 3467 si
1089 3418 1143 3468 in
1182 3434 1311 3484 pace
1352 3428 1475 3469 ante

406 3485 762 3548 exercitatus,
861 3487 1169 3552 hujusmodi
1250 3489 1474 3555 injurias

409 3556 789 3621 equanimiter
816 3573 876 3608 ac
899 3558 1123 3608 libenter
1144 3559 1418 3625 suscipiat.
1442 3579 1472 3608 ιο

410 3627 530 3687 Hic,
575 3631 872 3680 secundum
909 3629 1277 3695 Augustinum
1290 3669 1310 3694 ,
1361 3647 1475 3682 non

410 3698 730 3766 prohibetur
756 3717 817 3752 ea
838 3701 1091 3761 vindicta,
1116 3717 1237 3768 quae
1264 3703 1331 3752 ad
1367 3718 1478 3753 cor·

339 3812 344 3819 .
411 3771 702 3821 rectionem
755 3774 922 3834 valet,
961 3774 1053 3824 sed
1077 3772 1204 3823 huic
1225 3773 1476 3825 vindictae

411 3838 703 3892 inferendae
733 3858 840 3892 non
868 3854 948 3893 est
967 3844 1211 3902 idoneus,
1247 3843 1351 3894 nisi
1376 3844 1476 3925 qui

414 3909 603 3961 odium
620 3912 906 3964 dilectione
927 3924 1174 3980 superat·
1206 3915 1474 3966 nonenim

1019 289 1261 340 PRIMAE
1297 287 1546 338 PARTIS
1576 286 1811 337 CAPUT
1840 287 2055 338 XXXV.

1560 397 1674 448 odit
1700 407 1852 464 pater
1896 398 2072 449 filium
2110 398 2442 465 castigando,
2477 402 2627 455 Unde

1561 488 1672 522 non
1698 473 1855 523 debet
1887 473 2013 538 quis
2046 472 2171 523 odio
2189 483 2241 523 et
2266 473 2499 525 libidine
2521 477 2633 527 vin·

1560 542 1772 593 dictam‘
1798 557 2063 608 expetere,
2095 544 2189 593 sed
2230 560 2429 606 amore,
2460 556 2513 597 et
2553 548 2615 597 ad

1562 617 1968 677 correctionem,
1994 629 2049 667 et
2076 628 2137 668 ut
2166 618 2426 683 injurians
2458 621 2526 671 ab
2549 637 2624 681 e0,

1563 687 1650 737 cui
1682 703 1861 738 rerum
1893 689 2086 744 ordine
2115 697 2346 755 potestas
2372 692 2497 741 data
2533 704 2625 751 est,

1564 768 1821 824 tanquam
1872 758 2019 809 filius
2051 775 2083 809 a
2130 771 2276 824 patre
2307 761 2625 827 corrigatur;

1564 842 1798 896 paratus,
1842 830 1889 882 si
1939 848 2079 897 opus
2128 832 2217 890 sit,
2258 848 2418 899 aequo
2448 836 2628 886 animo

1565 902 1720 966 plura
1748 902 1994 962 tolerare,
2021 902 2088 952 ab
2110 917 2173 952 eo
2199 919 2364 968 quem
2386 905 2502 954 vult
2521 921 2632 957 esse

1566 983 1881 1023 correctum.
1914 974 2064 1023 Talis
2105 974 2253 1023 enim
2298 975 2539 1028 vindicta
2568 978 2632 1027 ad

1566 1046 1969 1106 correctionem,
1991 1058 2210 1112 propter
2229 1063 2491 1108 amorem,
2513 1066 2634 1115 per-

1565 1116 1702 1167 tinet
1733 1117 1798 1165 ad
1818 1117 2261 1168 misericordiam.
2281 1120 2478 1169 Beatus
2490 1136 2630 1187 erg0,

1565 1187 1662 1252 qui
1692 1187 1812 1252 ipso
1853 1188 2011 1254 corde
2045 1198 2126 1238 est
2165 1189 2233 1239 ad
2269 1190 2456 1240 omnia
2493 1206 2633 1257 para·

1566 1269 1655 1310 tus
1706 1259 1763 1308 in
1809 1259 2067 1309 omnibus
2115 1275 2237 1327 quae
2287 1261 2492 1326 patitur
2536 1279 2632 1330 pro

1567 1331 1707 1391 De0,
1774 1331 2032 1382 veraciter
2097 1332 2270 1396 possit
2312 1332 2522 1399 dicere,
2584 1344 2637 1385 et

1567 1416 1751 1451 canere
1798 1401 1932 1451 illud
1968 1402 2344 1467 propheticum
2391 1421 2408 1454 ε
2449 1405 2637 1456 Para·

1573 1479 1682 1523 tum
1705 1488 1801 1523 cor
1818 1488 2016 1542 ‘meung
2054 1475 2223 1537 DeuS,
2255 1482 2516 1543 paratum
2547 1492 2645 1527 cor*

1571 1559 1760 1595 meum.

1634 1616 1664 1667 3
1701 1619 1822 1678 Quo
1855 1634 2019 1669 amu
2072 1635 2234 1670 sensu
2262 1636 2370 1670 non
2398 1636 2635 1670 conm-

1572 1707 1787 1743 omnm(
1816 1707 1921 1756 sir,
1942 1708 2037 1742 sm>
2057 1709 2297 1743 aarum
2314 1694 2567 1743 nmium?
2583 1722 2643 1732 —

1573 1765 1695 1815 Non
1738 1765 1920 1815 solum
1967 1776 2147 1816 autem
2187 1767 2464 1817 maxillam
2501 1782 2640 1832 prae—

1572 1837 1802 1889 bendam
1832 1838 2149 1904 percutienti
2186 1839 2457 1890 Dominus
2495 1856 2638 1906 prae—

1572 1907 1737 1975 cepit;
1809 1909 1901 1959 sed
1945 1910 2143 1960 damna
2194 1909 2366 1959 subiri
2389 1947 2405 1973 ,
2470 1909 2635 1977 quia,

1572 1980 1872 2032 secundum
1949 1982 2397 2050 Chrysostomum
2430 2021 2452 2046 ,
2521 1991 2649 2048 post

1572 2052 1868 2118 corporalis
1900 2052 2109 2118 injuriae
2141 2052 2503 2114 tolerantiam,
2531 2054 2645 2104 vult

1573 2141 1674 2174 nos
1707 2125 1868 2176 etiam
1895 2125 2165 2176 Dominus
2194 2126 2524 2177 secularium
2552 2126 2638 2176 ha-

1572 2196 1697 2248 bere
1726 2206 2098 2262 contemptum
2116 2235 2132 2261 ,
2175 2207 2230 2248 et
2258 2213 2369 2248 non
2408 2207 2649 2249 tantum-

1574 2269 1736 2318 modo
1785 2267 1845 2319 in
1910 2268 2082 2335 plagis
2102 2307 2118 2329 ,
2175 2284 2364 2320 verum
2395 2270 2562 2322 etiam
2592 2271 2645 2320 in

1576 2340 1839 2407 pecuniis,
1863 2341 2135 2407 rebusque
2162 2342 2390 2392 diversis
2411 2358 2514 2393 nos
2532 2344 2647 2395 vult

1575 2421 1827 2477 praestare
1873 2412 2205 2478 patientiam.
2248 2412 2407 2464 Unde
2455 2414 2645 2465 addit:

1573 2482 1651 2533 Et
1667 2483 1738 2533 ab
1750 2497 1811 2534 eo
1829 2483 1921 2549 qui
1938 2483 2125 2548 aufert
2140 2483 2237 2533 tibi
2259 2483 2648 2548 vestimentum,

1575 2557 1687 2608 noli
1700 2557 2002 2624 prohibere,
2042 2557 2246 2608 scilicet
2276 2560 2649 2624 repugnandO,

1574 2631 1661 2681 vel
1698 2646 1825 2680 cum
1850 2644 1916 2679 eo
1952 2630 2322 2681 contendendo
2356 2647 2371 2680 ε
2402 2632 2654 2696 exemplo

1575 2700 1818 2760 Domini,
1837 2700 1930 2767 qui
1942 2701 2265 2752 vestimenta
2284 2715 2382 2750 sua
2399 2701 2654 2766 permisit

1576 2787 1607 2822 a
1651 2787 1711 2822 se
1744 2770 1960 2832 auferri,
2002 2782 2055 2823 et
2089 2787 2120 2822 8
2158 2771 2430 2822 militibus
2465 2771 2659 2822 dividi.

1576 2843 1720 2893 Dum
1765 2841 1915 2894 enim
1969 2841 2054 2892 vis
2114 2841 2388 2893 vindicare
2450 2853 2659 2893 vestem

1576 2911 1817 2978 corporis
1838 2951 1852 2975 ,
1910 2911 2367 2978 pretiosissimum
2453 2912 2661 2963 animae

1576 2984 1959 3035 vestimentum
1990 2983 2186 3049 perdis,
2219 2983 2299 3034 Et
2341 2983 2393 3034 ei
2415 2983 2514 3050 qui
2541 2983 2658 3034 vult

1580 3062 1748 3108 tecum
1772 3055 1827 3106 in
1850 3054 2064 3122 judicio
2098 3054 2432 3118 contendere,
2475 3053 2539 3104 id
2576 3064 2659 3105 est

1578 3126 1911 3179 contentiose
1940 3141 2114 3191 agere,
2157 3132 2210 3177 et
2242 3126 2478 3176 tusticam
2502 3132 2653 3176 tuam

1580 3199 1783 3263 tollere,
1826 3199 1880 3250 id
1904 3210 1986 3251 est
2016 3208 2219 3251 vestem
2251 3199 2575 3250 interiorem
2605 3207 2659 3248 et

1580 3272 1751 3337 magis
1785 3271 2160 3331 necessariam,
2183 3287 2276 3337 per
2303 3286 2470 3337 quam
2499 3281 2557 3320 et
2584 3285 2663 3320 ce-

1578 3353 1691 3393 tera
1718 3342 2016 3392 necessaria
2058 3341 2317 3407 intellige,
2358 3341 2466 3392 hoc
2494 3350 2583 3392 est
2608 3338 2655 3390 si

1581 3424 1632 3465 te
1694 3415 1762 3464 ad
1803 3414 2063 3479 judicium
2130 3425 2346 3480 propter
2409 3413 2654 3464 tunicam

1580 3486 1774 3547 trahat,
1793 3502 1851 3537 ac
1867 3487 2145 3553 negotium
2166 3487 2285 3547 tibi,
2310 3486 2652 3537 molestiam-

1581 3572 1689 3623 que
1713 3567 2066 3618 commoveat,
2109 3558 2320 3608 dimitte
2353 3557 2406 3609 ei
2444 3563 2498 3608 et
2518 3554 2655 3623 pal-

1583 3631 1729 3694 lium,
1753 3630 1808 3682 id
1824 3641 1907 3682 est
1925 3632 2159 3683 exterius
2176 3631 2587 3690 vestimentum,
2605 3635 2655 3678 et

1582 3710 1751 3752 cetera
1769 3701 1972 3767 quibus
1991 3718 2101 3752 non
2115 3702 2247 3753 adeo
2263 3701 2492 3767 indiges;
2519 3712 2651 3749 nun·

1582 3786 1747 3839 qnam
1780 3772 2130 3837 contentiose,
2151 3784 2204 3823 et
2226 3789 2353 3824 cum
2378 3767 2654 3822 iracundia

1583 3860 1724 3910 agas.
1748 3845 1915 3905 Quasi
1942 3845 2180 3897 diceret·
2210 3845 2266 3895 Si
2289 3843 2415 3911 quis
2436 3852 2655 3893 conten-

1582 3916 1757 3968 dendo
1805 3915 1934 3969 velit
1979 3915 2078 3967 tibi
2116 3914 2327 3967 auferre
2367 3928 2548 3965 unum
2585 3909 2659 3959 de
