2784 4452
364 221 469 274 288
1007 221 1247 272 PRIMAE
1282 222 1528 274 PARTIS
1560 221 1793 276 CAPUT
1827 224 1990 276 XXX.

1345 425 1614 477 ORATIO

419 582 652 633 Domine
675 583 798 633 Jesu
844 581 1075 642 Christe,
1100 580 1181 632 fac
1210 596 1298 632 me
1333 596 1429 648 per
1455 581 1762 632 aviditatem
1793 582 1859 632 ad
1895 582 2219 634 audiendum
2245 584 2467 634 verbum
2497 584 2596 636 Dei

360 654 564 706 irruere
592 654 723 704 retia
752 652 1149 719 praedicationis
1177 668 1235 703 ac
1258 652 1530 716 desiderii,
1561 663 1613 704 et
1637 653 1792 703 bonae
1815 654 2141 718 operationis
2157 670 2172 717 ;
2213 655 2281 705 ab
2305 655 2456 705 omni
2480 671 2597 706 ava-

361 726 505 788 ritia,
530 725 854 785 adulatione,
882 734 933 775 et
959 723 1107 774 inani
1137 724 1306 790 gloria
1346 739 1408 774 ea
1433 725 1622 785 lavare,
1653 740 1844 775 navem
1894 726 2168 792 religionis
2195 741 2226 776 a
2251 727 2479 777 terrenis
2506 742 2595 778 re-

356 799 569 859 ducere,
591 798 648 847 in
678 812 737 847 ea
758 796 1081 863 quiescendo
1103 797 1303 856 sedere,
1334 805 1385 846 et
1414 812 1508 861 per
1545 797 1851 862 exemplum
1893 798 2028 848 alios
2056 799 2262 857 docere,
2293 808 2343 849 et
2375 799 2431 848 in
2456 815 2587 865 pro-

354 867 586 918 fundum
611 866 1076 932 contemplationis
1100 875 1151 915 et
1170 866 1562 930 praedicationis
1588 867 1801 927 ducere,
1827 866 1882 917 in
1909 868 2073 919 verbo
2097 878 2200 919 tuae
2220 868 2595 934 inspirationis

357 940 493 991 retia
518 940 707 1000 laxare,
738 949 790 989 et
823 938 878 988 in
906 938 1061 1004 aquis
1083 933 1496 988 tribulationum
1526 939 1798 1004 copiosam
1829 940 2232 991 multitudinem
2262 942 2591 991 internarum

357 1010 787 1062 c0nsolationum
816 1009 1149 1061 concludere.
1180 1009 1325 1059 Voca
1367 1019 1421 1059 et
1460 1010 1613 1060 trahe
1657 1025 1743 1061 me
1783 1011 2044 1062 miserum
2069 1013 2135 1062 ad
2163 1022 2317 1062 tuum
2345 1022 2594 1063 sanctum

357 1080 754 1148 discipulatum,
778 1090 1040 1147 quatenus
1064 1080 1248 1130 omnia
1268 1080 1624 1147 relinquendo
1656 1092 1708 1133 et
1731 1092 1784 1133 te
1805 1083 2097 1148 sequend0,
2126 1083 2192 1133 ad
2218 1092 2435 1135 tuorum
2457 1098 2593 1149 pau-

355 1167 546 1218 perum
575 1166 779 1203 merear
796 1150 1095 1218 pertingere
1118 1149 1467 1202 consortium.
1492 1152 1681 1203 Amen.

1160 1584 1495 1655 CAPUT
1568 1585 1769 1654 XXX

348 1887 454 1956 De
497 1886 809 1979 Epilogo
862 1885 1299 1957 vocationum
1360 1886 1908 1980 discipulorum,
1952 1898 2021 1957 et
2064 1889 2148 1958 de
2201 1852 2586 1981 dz‘izgentia

966 2024 1245 2094 Christi
1279 2026 1376 2094 ad
1401 2027 1957 2119 praedicandum.

411 2383 432 2418 1
491 2367 923 2417 Rncmrurmo
1000 2382 1258 2416 anrmms
1323 2382 1412 2417 vo·

342 2453 582 2490 canoms
619 2453 1026 2489 mscxvunonuu.
1056 2466 1119 2477 -
1151 2439 1285 2489 Tres
1318 2437 1411 2488 ita-

338 2524 447 2575 que
498 2510 800 2561 vocationes
863 2510 1255 2577 discipulorum
1307 2526 1408 2561 su-

338 2596 433 2647 pra
444 2581 700 2631 habuisti.
718 2580 795 2631 De
811 2581 986 2647 prima
1005 2582 1134 2632 dicit
1152 2582 1404 2644 JoanneS,

337 2662 391 2703 et
440 2662 568 2703 tunc
623 2653 793 2705 vocati
836 2654 903 2703 ad
932 2653 1095 2704 fidem
1144 2665 1406 2706 venerunt

336 2726 512 2776 solum
573 2736 633 2777 ut
724 2727 961 2793 aliquam
1033 2726 1282 2777 notitiam
1352 2737 1404 2779 et

333 2795 750 2848 familiaritatem
811 2798 936 2848 Jesu
1008 2798 1399 2849 contraherent.

333 2867 415 2917 De
461 2869 696 2919 secunda
759 2866 891 2917 dicit
939 2868 1126 2928 Lucas,
1174 2877 1226 2917 et
1273 2877 1400 2918 tunc

333 2939 496 2991 etiam
541 2941 707 2991 secuti
751 2949 877 2991 sunt
925 2956 1050 2991 eum
1092 2941 1273 2992 animo
1310 2958 1400 2993 re-

337 3011 539 3062 deundi
585 3012 651 3063 ad
703 3013 963 3078 propria:
993 3022 1265 3079 coeperunt
1313 3023 1400 3065 ta-

333 3097 460 3132 men
519 3082 703 3133 audire
771 3079 886 3148 ejus
950 3083 1266 3134 doctrinam.
1319 3084 1399 3135 De

331 3153 486 3203 tertia
518 3153 646 3203 dicit
676 3154 977 3216 Matthaeus,
1011 3164 1065 3206 et
1091 3157 1318 3216 Marcus,
1346 3165 1399 3206 et

329 3233 462 3276 tunc
511 3236 771 3277 venerunt
823 3227 890 3277 ad
948 3230 1396 3295 perseverandum

329 3311 454 3347 cum
498 3312 579 3359 eo,
610 3298 989 3363 perfectionem
1025 3300 1141 3365 ejus
1173 3299 1396 3350 imitan-

330 3366 425 3429 do;
472 3368 661 3434 primae
702 3369 821 3420 duae
873 3368 1179 3420 vocationes
1221 3369 1396 3421 forma

328 3450 458 3491 sunt
502 3441 829 3494 novitiorum
877 3442 935 3492 ih
999 3441 1389 3508 religionibuS,

326 3511 424 3576 qui
467 3511 643 3577 primo
682 3522 941 3564 vocantur
963 3512 1029 3562 ad
1054 3512 1389 3577 probandum

325 3590 380 3632 et
412 3581 806 3646 instruendum,
852 3594 903 3635 et
956 3585 1281 3651 quandoque
1324 3586 1389 3635 ad

325 3656 540 3723 propria
595 3658 831 3708 redeunt.
876 3657 1056 3708 Tertia
1100 3667 1245 3708 tenet
1274 3657 1390 3708 for-

325 3740 472 3775 mam
500 3725 882 3791 professorum,
911 3727 1039 3794 quia
1082 3737 1207 3777 tunc
1245 3728 1391 3779 velut

325 3793 551 3860 professi
636 3796 951 3862 religionem
1024 3796 1389 3849 Christianam

325 3864 545 3917 Christo
579 3866 1001 3934 inseparabiliter
1031 3868 1389 3920 adhaeserunt.

1515 2367 1646 2416 Item
1696 2366 1762 2417 de
1806 2367 2083 2418 vocatione
2121 2366 2356 2417 Matthaei
2395 2367 2579 2432 publi-

1512 2439 1648 2498 cani,
1674 2438 1840 2488 habes
1879 2438 2033 2489 infra.
2074 2439 2153 2489 De
2192 2438 2353 2487 modo
2395 2447 2577 2489 autem

1510 2509 1807 2560 vocationis
1836 2509 2065 2559 aliorum
2095 2523 2203 2558 non
2228 2517 2307 2558 est
2330 2509 2578 2559 determi-

1510 2589 1697 2630 natum
1719 2581 1804 2631 vel
1829 2580 2108 2645 scriptum.
2125 2579 2279 2630 Unde
2309 2580 2577 2647 Chryses·

1508 2658 1680 2702 tomus
1709 2668 1725 2702 .·
1760 2670 1788 2699 «
1812 2651 1954 2711 Quid
1995 2657 2075 2701 est
2123 2661 2299 2702 autem
2325 2653 2470 2717 quod
2505 2653 2575 2703 de

1505 2723 1626 2773 aliis
1640 2722 1911 2788 Apostolis
1935 2723 2094 2773 nobis
2108 2738 2214 2773 non
2234 2722 2433 2774 dicitur
2447 2739 2576 2789 qua·

1505 2794 1626 2845 liter
1649 2803 1698 2844 et
1717 2794 1989 2861 quomodo
2015 2803 2141 2843 sunt
2157 2794 2350 2854 vocati,
2371 2793 2479 2844 nisi
2502 2794 2573 2846 de

1505 2868 1676 2927 Petr0,
1699 2866 1930 2925 Andrea,
1949 2865 2163 2923 Jacobo,
2185 2875 2236 2915 et
2262 2865 2485 2925 Joanne,
2514 2876 2571 2917 et

1503 2937 1782 2989 Matthaeo?
1811 2936 1880 2987 Hi
1908 2935 2053 2987 enim
2072 2935 2301 2986 maxime
2332 2945 2482 2987 erant
2507 2937 2565 2987 in

1502 3013 1945 3065 convenientibus
1999 3020 2050 3062 et
2101 3010 2401 3060 humilibus
2441 3021 2567 3062 stu-

1501 3085 1622 3145 diis,
1653 3100 1823 3151 neque
1857 3083 2003 3134 enirn
2040 3081 2223 3133 telonii
2261 3080 2441 3132 officio
2483 3093 2568 3134 est

1499 3155 1704 3222 aliquid
1756 3153 2011 3215 deterius,
2057 3167 2230 3219 neque
2271 3153 2568 3219 piscatione

1496 3227 1677 3277 vilius.
1702 3245 1730 3274 »

1561 3313 1592 3347 2
1634 3299 1902 3348 Arx-*zeno
1927 3297 2146 3348 Cumsrr
2169 3313 2222 3348 m
2257 3312 2567 3349 mscmunos

1496 3384 1832 3427 1sronuuoue
1855 3384 2184 3420 oni-:numum
2213 3396 2274 3406 —
2306 3366 2568 3418 Conside-

1495 3458 1554 3493 ra
1575 3442 1758 3508 igitur‚
1784 3452 1836 3493 et
1865 3442 2112 3509 conspice
2146 3441 2443 3492 Dominum
2464 3442 2562 3492 Je-

1495 3529 1617 3563 sum
1651 3512 1708 3562 in
1741 3511 2004 3578 praedictis
2046 3511 2432 3578 discipulorum
2456 3528 2561 3562 vo-

1494 3582 1796 3634 cationibus
1873 3592 1925 3634 et
1992 3582 2387 3635 conversatione
2440 3583 2561 3648 ejus

1493 3669 1616 3705 cum
1647 3653 1775 3715 illis,
1814 3655 2089 3720 quomodo
2129 3653 2412 3704 affectuose
2461 3668 2561 3705 eos

1492 3735 1642 3778 vocat
1669 3744 1683 3778 t
1707 3728 1933 3778 reddens
1961 3742 2017 3779 se
2044 3727 2121 3778 eis
2146 3726 2430 3785 affabilem,
2461 3727 2557 3776 do—

1493 3797 1794 3860 mesticum,
1820 3797 2135 3864 benignum,
2169 3808 2222 3849 et
2256 3795 2554 3862 obsequio·—

1456 3901 1463 3907 ·
1492 3884 1614 3922 sum
1651 3887 1666 3922 z
1697 3870 1970 3923 attrahens
2005 3885 2096 3922 eos
2125 3868 2273 3922 intus
2298 3877 2351 3920 et
2385 3876 2555 3926 extra,
