2784 4452
329 337 426 389 172

318 437 413 504 qui
438 436 576 487 tollit
590 442 816 504 peccata
840 436 1052 497 mundi‚·
1071 434 1164 486 sed
1188 449 1379 502 zonam

312 508 593 573 pelliceam
671 508 895 558 habebat
955 507 1101 557 cirea
1175 506 1379 556 lumbos

317 595 463 642 sum,
495 580 623 647 quia
650 580 820 632 Judaei
849 581 952 630 hoc
983 580 1159 630 solum
1191 588 1381 645 putant

317 662 589 717 peccatum
648 666 764 702 esse
823 651 968 717 quod
1034 665 1194 715 opere
1251 664 1377 715 pec-

317 733 454 773 cant.
535 724 783 775 Ceterum
859 722 1124 772 Dominus
1200 730 1378 772 noster

315 793 471 844 Jesus
499 794 750 845 Christus
786 793 842 843 in
870 792 1186 859 Apocalypsi
1213 792 1378 842 Joan-

316 866 405 916 nis
433 866 528 932 qui
556 866 765 916 videtur
791 866 927 916 inter
955 875 1159 932 septem
1192 864 1378 914 cande·

314 939 478 999 labra,
508 939 738 989 habebat
764 955 954 990 zonam
993 954 1228 1002 auream,
1264 953 1374 988 non

316 1008 369 1059 in
412 1010 630 1070 lumbiS,
673 1011 764 1060 sed
805 1010 862 1060 in
907 1020 1133 1076 pectore.
1177 1012 1287 1061 Lex
1319 1010 1374 1059 in

314 1080 515 1131 lumbis
551 1080 804 1147 cingitur,
842 1093 1075 1132 ceterum
1104 1081 1372 1141 ChristuS,

312 1151 415 1201 hoc
435 1160 513 1200 est
533 1152 899 1217 Evangelium,
916 1163 968 1202 et
988 1152 1374 1204 monachorum

311 1223 499 1283 virtuS‚
531 1240 640 1274 non
680 1226 856 1275 solum
893 1225 950 1275 in
993 1225 1235 1285 libidine,
1279 1225 1372 1275 sed

311 1306 365 1348 et
392 1297 448 1346 in
479 1309 658 1348 mente
693 1300 1114 1350 commendatur.
1149 1300 1250 1349 Hic
1278 1314 1374 1348 nec

311 1368 540 1433 cogitare
565 1370 782 1435 quidem
799 1371 1030 1437 expedit,
1053 1370 1129 1420 ibi
1151 1370 1245 1437 qui
1272 1370 1372 1420 for-

310 1439 517 1491 nicatus
546 1441 706 1493 fuerit
741 1453 949 1494 tenetur
976 1443 1032 1493 in
1063 1443 1306 1493 crimine.
1341 1444 1389 1490 »'

308 1540 370 1550 —
414 1514 599 1565 Tertio
642 1516 708 1565 ab
754 1515 1075 1566 abstinentia
1111 1524 1164 1565 et
1197 1514 1370 1565 victus

311 1584 657 1647 parcimonia,
694 1585 929 1636 locustas
957 1586 1113 1646 enim,
1165 1584 1219 1634 id
1267 1594 1368 1648 est,

307 1654 501 1705 herbas
519 1655 595 1705 sic
613 1658 917 1721 appellatas,
933 1662 985 1706 et
1007 1655 1110 1705 mel
1123 1656 1194 1705 sil
1198 1662 1371 1706 vestre

308 1724 512 1786 edebat,
557 1724 650 1790 qui
693 1725 845 1775 cibus
877 1740 1169 1791 pauperum
1200 1735 1280 1775 est
1311 1725 1367 1775 in

306 1803 443 1845 terra
479 1795 588 1846 illa.
635 1795 739 1846 Ubi
783 1796 1061 1846 sciendum
1102 1796 1246 1861 quod
1281 1797 1367 1845 lo-

307 1877 467 1917 custae
507 1870 660 1933 plura
699 1867 1020 1934 significant,
1057 1868 1124 1918 de
1169 1868 1370 1934 quibus

308 1938 408 1991 iste
434 1956 620 1992 versus
648 1952 792 1992 extat
817 1958 830 1992 ε

367 2085 621 2149 Raeticae,
652 2086 849 2137 herbas
876 2092 927 2136 et
953 2100 1107 2224 aves}
1136 2086 1225 2137 dic
1252 2100 1369 2137 esse

1112 2158 1367 2210 locustas.

301 2299 442 2350 Sunt
469 2299 614 2351 enim
644 2316 803 2367 parva
828 2300 1078 2352 animalia
1114 2316 1208 2366 per
1243 2316 1368 2350 mo-

301 2372 433 2423 dum
480 2373 647 2423 saltus
697 2375 991 2434 volitantia,
1026 2389 1163 2440 ,quae
1208 2389 1365 2438 repe-

298 2441 517 2493 riuntur
554 2444 610 2493 in
645 2443 854 2495 deserto
897 2446 1113 2509 Judaeae,
1145 2454 1197 2494 et
1231 2445 1366 2494 frixa

299 2529 423 2564 cum
453 2516 571 2565 oleo
600 2527 723 2566 sunt
753 2517 905 2567 cibus
931 2533 1245 2583 pauperum,
1271 2517 1363 2567 sed

298 2599 410 2634 non
437 2585 649 2636 videtur
683 2588 827 2653 quod
866 2588 1098 2637 Joannes
1140 2589 1366 2639 locusta·

297 2670 419 2705 rum
447 2671 652 2712 ,carnes
693 2657 1051 2717 manducavit,
1091 2658 1185 2724 qui
1227 2673 1364 2722 pane

297 2725 459 2775 etiam
486 2727 626 2777 vesci
664 2729 858 2791 renuit,
889 2739 941 2778 et
966 2729 1111 2793 quod
1141 2727 1362 2780 frixuris

296 2811 430 2846 usus
469 2797 554 2857 sit,
586 2798 681 2864 qui
712 2799 849 2849 nihil
887 2809 1100 2849 coctum
1131 2799 1358 2865 accepit3

296 2876 349 2916 et
380 2865 500 2916 ideo
532 2868 702 2933 magis
737 2868 946 2919 videtur
987 2869 1260 2934 probabile
1293 2870 1360 2920 de

293 2935 413 2987 aliis
443 2936 666 3004 intelligi
696 2939 906 3000 debere,
933 2939 1119 2990 unde
1107 2956 1164 2989 in
1203 2941 1361 3005 parti·

294 3006 398 3056 bus
427 3006 536 3058 illis
579 3010 867 3074 quamdam
891 2979 1119 3060 herbam
1161 3011 1357 3078 langu-

291 3086 407 3136 stae,
459 3076 513 3127 id
560 3089 640 3128 est
692 3078 967 3144 locustam,
1026 3081 1354 3133 nominant:

291 3164 414 3215 quae
451 3149 650 3201 dicitur
678 3151 769 3201 illa
810 3168 924 3203 esse
962 3169 1124 3220 quam
1170 3155 1355 3205 beatus

288 3219 524 3271 Joannes
550 3221 753 3271 edebat.
774 3221 892 3272 Mel
913 3234 1090 3273 autem
1111 3224 1355 3275 silvestre

287 3306 354 3342 ex
387 3291 576 3358 apibus
600 3291 657 3342 in
687 3293 891 3344 truncis
915 3295 1170 3345 arborum
1200 3312 1354 3363 repe-

285 3361 451 3425 ritur;
473 3363 576 3421 vel,
594 3362 887 3413 secundum
909 3365 1210 3429 Rabanum,
1228 3377 1353 3418 sunt

285 3431 416 3483 folia
453 3434 708 3491 arborum
749 3435 867 3485 alba
898 3445 952 3485 et
992 3445 1186 3494 tenera,
1230 3453 1350 3503 quae

284 3505 537 3563 manibus
592 3506 819 3557 contrita
859 3523 1102 3573 saporem
1152 3509 1352 3561 habent

284 3575 440 3641 quasi
456 3576 654 3639 mellis;
680 3577 947 3628 invenitur
964 3577 1125 3628 etiam
1147 3578 1347 3629 ibidem

285 3646 393 3711 mel
439 3662 503 3697 ex
547 3648 850 3709 calamellis,
896 3664 1015 3714 quae
1066 3650 1348 3702 calamellae

285 3728 414 3769 sunt
450 3720 635 3770 calami
676 3720 820 3786 pleni
851 3722 1027 3782 melle,
1070 3720 1124 3770 id
1155 3731 1253 3782 est,
1283 3723 1349 3773 de

285 3805 444 3841 succo
498 3793 850 3844 dulcissimo:
879 3804 1135 3845 vocantur
1184 3795 1345 3846 etiam

283 3860 391 3910 alio
422 3862 638 3913 nomine
662 3865 1038 3927 cannamelles)
1069 3865 1214 3930 quod
1241 3881 1346 3916 no-

276 3945 410 3989 ‚men
446 3945 511 3982 ex
551 3947 722 3985 canna
772 3945 824 3988 et
863 3935 1018 3988 melle
1058 3935 1344 4004 componi-

937 320 1178 372 PRIMAE
1213 319 1459 370 PARTIS
1494 320 1727 372 CAPUT
1759 320 1921 372 XVII.

1484 444 1589 497 tur,
1627 451 1690 486 eo
1718 436 1864 502 quod
1904 435 2087 486 cannis
2122 435 2234 486 sive
2262 435 2547 487 arundini-

1486 507 1588 557 bus
1615 506 1927 572 hujusmodi
1951 506 2137 557 calami
2168 516 2295 556 sunt
2317 506 2546 557 similes,

1484 577 1541 642 In
1565 577 1669 627 hoc
1691 577 1871 643 itaque
1900 578 2082 628 beatus
2111 578 2341 628 Joannes
2368 586 2549 642 aperte

1482 649 1827 710 demonstrat,
1871 650 2016 716 quod
2044 665 2139 715 pro
2177 648 2350 699 nihilo
2384 666 2547 699 mun-

1480 721 1611 771 dum
1654 722 1818 772 istum
1858 736 2153 787 omnesque
2193 722 2305 787 ejus
2332 720 2547 771 blandi-

1482 792 1579 843 tias
1633 792 1850 843 duceret
1874 830 1889 856 ,
1953 791 2046 859 qui
2101 801 2212 841 tam
2277 790 2545 842 vilissimo

1480 863 1797 913 indumento
1828 862 2056 930 ciboque
2086 862 2252 927 tenui,
2283 871 2334 912 et
2361 862 2547 926 impa-

1480 944 1592 984 rato
1620 935 1884 986 utebatur.
1916 935 2040 985 Sola
2062 934 2208 984 enim
2239 933 2399 998 hujus
2414 932 2548 983 vitae

1481 1004 1771 1055 necessaria
1803 1005 2075 1071 quaerebat
2111 1004 2206 1070 qui
2243 1003 2319 1053 sic
2361 1001 2550 1053 vivere

1479 1078 1826 1144 disposuerat.
1879 1079 2052 1144 Hujus
2103 1077 2408 1142 exemplum
2462 1075 2548 1126 illi

1479 1160 1794 1216 sequuntur,
1848 1150 1942 1217 qui
1978 1149 2167 1200 dicunt
2207 1166 2222 1199 ε
2267 1149 2545 1199 Habentes

1476 1223 1746 1287 alimenta,
1800 1230 1852 1274 et
1904 1224 2093 1289 quibus
2139 1230 2403 1289 tegamur,
2449 1222 2540 1272 his

1476 1297 1705 1347 conteuti
1772 1311 1972 1348 sumuS.
2044 1297 2324 1362 Propterea
2394 1294 2543 1346 enim

1476 1367 1603 1433 quia
1632 1367 1993 1434 poenitentiam
2037 1366 2367 1433 praedicabat,
2398 1380 2541 1431 qua-

1476 1438 1597 1488 liter
1633 1438 1948 1505 poenitentes
1984 1437 2161 1488 vivere
2200 1437 2442 1495 debeant,
2477 1446 2542 1486 ut

1477 1509 1649 1561 benus
1680 1510 1930 1576 magister
1953 1508 2030 1558 eis
2058 1508 2112 1557 in
2148 1507 2325 1573 seipso
2352 1522 2540 1557 exem-

1475 1580 1624 1646 plum
1674 1590 1725 1630 et
1774 1580 2013 1645 regulam
2072 1578 2246 1628 dabat.
2309 1578 2434 1627 Erat
2488 1576 2539 1627 ei

1473 1662 1611 1702 terra
1666 1653 1870 1713 cubile,
1926 1662 2077 1702 antra
2126 1651 2345 1710 domus,
2396 1649 2540 1715 pilus

1473 1722 1652 1786 vestis,
1681 1723 1834 1788 pellis
1873 1738 2023 1787 zona,
2063 1736 2201 1788 aqua
2234 1731 2411 1788 potus,
2446 1720 2537 1770 lo-

1472 1801 1618 1843 custa
1644 1793 1815 1844 cibuS.
1840 1793 1910 1844 Et
1930 1793 2006 1844 sic
2031 1808 2141 1843 non
2166 1793 2341 1842 solum
2365 1807 2538 1841 mun-

1472 1866 1602 1916 dum
1629 1876 1681 1916 et
1719 1866 2000 1917 blanditias
2036 1867 2149 1932 ejus
2181 1874 2536 1925 contemnere,

1473 1937 1564 1986 sed
1579 1936 1736 1987 etiam
1759 1937 1926 1987 totius
1946 1936 2156 2004 generis
2177 1934 2401 1987 humani
2420 1951 2539 2001 pec·

1473 2016 1585 2056 cata
1598 2006 1791 2057 deflere
1818 2023 1875 2057 se
1892 2006 2142 2066 ostendit,
2163 2016 2214 2057 et
2228 2005 2536 2071 exemplum

1471 2079 1603 2130 utile
1674 2079 1900 2147 posteris
1961 2079 2261 2145 dereliquit.
2330 2078 2534 2128 Totum

1472 2169 1597 2220 ergo
1630 2155 1773 2220 quod
1802 2164 1913 2205 erat
1942 2154 1996 2204 in
2018 2155 2237 2212 Joanne,
2270 2151 2535 2218 poeniten-

1470 2224 1601 2275 tiam
1617 2225 1935 2290 praedicabat
1952 2242 1966 2277 ε
1982 2235 2034 2276 et
2054 2240 2272 2288 nomen,
2287 2222 2416 2290 quia
2425 2222 2533 2274 Dei

1470 2299 1658 2363 gratia
1675 2314 1696 2361 ;
1724 2308 1775 2348 et
1809 2299 1979 2356 locus,
2037 2297 2165 2364 quia
2217 2298 2530 2359 desertum;

1470 2379 1523 2419 et
1553 2370 1785 2432 habitus,
1814 2370 1941 2437 quia
1965 2369 2203 2421 cilicium
2227 2385 2243 2433 ;
2273 2379 2325 2420 et
2353 2368 2531 2429 cibuS,

1469 2440 1597 2506 quia
1645 2440 2014 2504 locustarum3
2073 2450 2123 2490 et
2167 2455 2361 2501 serm0,
2405 2438 2536 2504 quia

1468 2511 1791 2577 poenitentiae
1832 2512 2101 2574 verbum3
2158 2521 2209 2561 et
2262 2509 2532 2576 operatio,

1467 2582 1595 2648 quia
1629 2583 1893 2649 baptisma
1931 2581 2287 2633 assuefaciens
2326 2579 2391 2631 ad
2426 2580 2531 2630 bo-

1469 2671 1620 2706 num.

1529 2725 1561 2776 8
1595 2727 1709 2777 PER
1738 2742 1893 2777 rpsuu
1925 2741 2226 2778 Fxounuun
2259 2738 2530 2774 Pammen-

1467 2812 1572 2847 ron
1609 2812 1983 2848 sumamus.
2014 2825 2076 2836 -
2109 2797 2166 2846 In
2198 2796 2402 2846 Joanne
2430 2792 2530 2843 de-

1464 2868 1713 2919 scribitur
1753 2868 2030 2935 Evangelii
2078 2866 2433 2933 praedicator:
2475 2873 2530 2914 et

1463 2939 1638 3006 primo
1680 2949 1943 3007 quantum
1986 2938 2050 2989 ad
2079 2937 2394 2994 doctrinam,
2426 2935 2528 2984 de-

1464 3010 1553 3060 bet
1597 3011 1741 3061 enim
1787 3011 2032 3076 exemplo
2072 3007 2292 3059 Joannis
2328 3004 2527 3071 praedi-

1460 3097 1579 3132 care
1596 3080 1975 3165 poenitentiam,
1992 3090 2043 3131 et
2061 3095 2121 3130 ea
2144 3094 2263 3145 quae
2286 3075 2528 3128 recedere

1459 3152 1662 3205 faciunt
1686 3171 1717 3206 a
1745 3154 1988 3221 peccatiS,
2013 3163 2066 3203 et
2094 3169 2152 3203 ea
2172 3167 2291 3218 quae
2319 3150 2527 3202 faciunt

1458 3230 1703 3278 accedere
1757 3229 1821 3277 ad
1877 3226 2305 3278 consecutionem
2366 3222 2521 3290 regni

1458 3297 1722 3360 coelestis;
1758 3298 1994 3348 secundo
2028 3306 2288 3364 quantum
2313 3294 2379 3345 ad
2399 3308 2526 3344 con·

1455 3370 1757 3434 tinentiam‚
1795 3370 1922 3437 quia
1972 3385 2106 3420 zona
2156 3369 2351 3419 dicitur
2405 3381 2526 3418 esse

1456 3440 1595 3490 circa
1635 3440 1868 3501 lumbos,
1906 3450 1967 3491 ut
2004 3439 2316 3506 praedicator
2355 3435 2523 3487 conti-

1457 3512 1695 3563 nentiam
1723 3513 1934 3577 habeat,
1980 3513 2121 3568 unde
2144 3509 2412 3560 Dominus
2429 3508 2522 3558 Je-

1454 3585 1676 3634 remiam
1706 3584 1926 3635 mittens
1951 3583 2236 3650 praedicare
2259 3581 2372 3631 ait:
2402 3582 2519 3630 Ac-

1453 3657 1610 3723 cinge
1640 3657 1843 3708 lumbos
1872 3663 2032 3720 tuos;
2064 3655 2219 3707 tertio
2248 3662 2515 3733 quantum

1452 3728 1516 3777 ad
1543 3727 1727 3789 vitam,
1758 3738 1810 3778 et
1838 3728 1941 3778 hoc
1967 3696 2272 3794 dupliciter,
2310 3722 2517 3774 scilicet

1453 3807 1712 3862 quantum
1752 3798 1817 3849 ad
1844 3797 2096 3849 vestitum
2125 3806 2177 3847 et
2205 3796 2426 3854 victum,
2454 3792 2514 3843 in

1451 3868 1653 3935 quibus
1714 3869 1875 3920 etiam
1938 3884 1970 3920 a
2030 3869 2232 3919 Joanne
2285 3863 2512 3945 accipiat

1452 3941 1777 4006 exemplum.
1822 3940 1928 4002 Qui
1971 3955 2096 4023 ergo
2138 3934 2511 4006 poenitentiam
