2784 4452
368 199 431 251 18
1040 193 1286 283 “PRIMAE
1323 188 1571 242 PARTls
1599 190 1836 243 CAPUT
1869 192 1909 244 Ῑ.

362 317 512 379 lucet,
567 313 784 379 quando
837 312 982 363 Deus
1034 327 1130 378 per
1180 307 1429 360 consola-

358 387 564 437 tionem
609 385 787 433 illucet
829 383 934 443 his,
979 382 1075 447 qui
1116 381 1334 431 adversa
1378 387 1431 428 et

358 455 738 508 tribulationes
787 454 1073 512 sustinent,
1132 451 1429 503 secundum

360 529 497 579 illud
532 545 546 578 :
579 528 757 577 Juxta
795 532 876 576 est
928 524 1192 575 Dominus
1231 522 1317 574 his
1339 523 1433 588 qui

358 599 619 650 tribulato
648 604 772 647 sunt
799 596 990 657 corde;
1029 604 1081 645 et
1107 612 1120 645 ε
1151 594 1285 644 Cum
1312 593 1431 661 ipso

366 684 484 722 sum
508 670 562 720 in
591 667 946 728 tribulatione,
976 675 1073 715 etc.
1105 665 1183 715 Et
1208 665 1434 715 tenebroe

360 755 481 793 eam
505 756 607 792 non
638 737 1155 805 comprehenderunt,
1177 736 1305 803 quia
1327 750 1431 786 non

358 818 487 864 sunt
511 811 793 876 condignae
808 808 1095 874 passiones
1118 807 1274 874 hujus
1300 812 1434 856 tem—

354 883 515 950 poris
536 881 874 946 adfuturam
920 879 1176 945 gloriam.
1209 879 1435 941 Semper

365 953 515 1003 enim
557 952 701 1001 Deus
747 959 1055 999 remunerat
1093 963 1255 1014 supra
1294 948 1436 998 cofi-

360 1024 626 1090 ¹dignum,
688 1032 740 1071 et
802 1020 959 1086 punit
1035 1020 1166 1071 citra
1241 1018 1435 1069 condi-

366 1110 557 1161 gnum.
587 1120 648 1131 —
704 1092 835 1142 Lux
885 1092 1045 1142 etiam
1099 1092 1152 1142 in
1208 1089 1437 1141 tenebris

369 1167 532 1230 hujus
565 1163 753 1214 mundi
778 1165 937 1226 lucet,
972 1163 1099 1229 quia
1134 1164 1355 1214 Creator
1382 1159 1439 1210 in

368 1234 624 1286 creaturis
649 1244 882 1299 apparet.
913 1234 1061 1283 Sicut
1092 1234 1239 1284 enim
1267 1233 1325 1282 in
1355 1246 1440 1297 pa-

367 1308 471 1359 tria
490 1307 634 1356 Deus
651 1315 733 1355 est
755 1306 1034 1371 speculum
1057 1314 1437 1362 creaturarum,

368 1378 428 1429 in
453 1391 562 1443 quo
584 1387 842 1427 creaturae
881 1378 1134 1437 relucent,
1166 1385 1218 1426 et
1242 1375 1303 1425 in
1330 1388 1440 1440 quo

359 1447 553 1498 omnia
579 1446 886 1496 videbimus
915 1461 1039 1512 quae
1079 1446 1146 1496 ad
1182 1446 1440 1511 gaudium

366 1526 618 1568 nostrum
644 1516 1018 1581 pertinebunt3
1064 1515 1143 1565 sic
1179 1516 1236 1565 in
1266 1515 1377 1565 vita
1413 1530 1442 1565 e

367 1601 625 1637 converso
674 1596 926 1636 creaturae
980 1595 1107 1635 sunt
1163 1586 1441 1649 speculum

370 1656 667 1717 Creatoris,
710 1657 768 1706 in
821 1672 930 1722 quo
982 1656 1290 1705 Creatorem
1337 1672 1442 1706 no-

372 1737 545 1778 strum
615 1727 986 1792 speculamur,
1038 1725 1203 1791 quia,
1252 1734 1315 1774 ut
1368 1725 1446 1776 ait

373 1797 666 1862 Apostolus
688 1813 702 1845 :
741 1796 992 1845 Videmus
1004 1809 1140 1846 nunc
1154 1808 1255 1861 per
1267 1809 1446 1860 specu-

377 1868 503 1931 lum,
536 1867 783 1919 videlicet
811 1877 1195 1927 creaturarum,
1226 1867 1280 1917 in
1306 1867 1444 1918 aeni-

374 1946 573 2005 gmate,
620 1947 674 1988 et
713 1939 969 2001 obscure;
1014 1947 1112 1988 et:
1142 1937 1446 1989 Invisibilia

378 2008 518 2059 enim
552 2008 740 2075 ipsius·
764 2008 860 2058 Dei
891 2023 927 2059 a
962 2014 1215 2059 creatura
1244 2007 1444 2068 mundi,

370 2093 474 2145 per
514 2092 580 2129 ea
622 2092 741 2144 quae
768 2079 929 2143 facta
978 2086 1116 2141 sunt,
1162 2078 1444 2140 intellecta,

378 2149 795 2216 conspiciuntur.
823 2149 996 2199 Deum
1016 2149 1163 2199 enim
1191 2162 1308 2198 esse
1336 2163 1449 2197 non

376 2220 559 2271 solum
582 2218 716 2270 fides
745 2230 885 2270 recta
908 2229 1148 2280 testatur,
1179 2217 1453 2284 Scriptura

376 2304 561 2345 sancta
602 2294 862 2360 loquitur,
910 2292 1238 2360 comparatio
1270 2308 1451 2342 rerum

379 2366 447 2417 ad
482 2364 663 2430 ipsum
717 2365 941 2425 indicat,
1002 2364 1139 2414 ratio
1195 2363 1455 2413 naturalis

380 2435 560 2494 dictat,
616 2434 908 2500 Sanctique
951 2434 1244 2500 praedicant
1286 2450 1302 2483 ε
1331 2435 1457 2499 Ipse

371 2505 513 2570 fecit
548 2519 670 2566 nos,
715 2511 766 2554 et
803 2520 905 2555 non
948 2505 1055 2571 ipsi
1093 2519 1193 2555 nos
1203 2521 1223 2566 ,·
1266 2519 1455 2554 verum

381 2575 546 2627 etiam
574 2576 679 2625 hoc
703 2586 959 2626 creaturae
983 2575 1230 2625 clamant.
1257 2573 1461 2625 Omnia

384 2661 623 2712 namque
642 2661 743 2696 suo
764 2647 929 2695 modo
951 2645 1139 2695 dicunt
1150 2646 1296 2711 quod
1314 2644 1461 2695 Deus

384 2726 483 2767 est.
513 2717 630 2766 Vox
670 2725 900 2779 naturae3
949 2715 1077 2781 quia
1106 2714 1292 2765 omnia
1333 2715 1460 2780 pul-

386 2786 515 2836 chra
583 2795 846 2835 testantur
921 2785 1102 2850 ipsum
1165 2799 1281 2835 esse
1335 2785 1462 2850 prul-

387 2855 749 2914 cherrimum,
812 2855 988 2904 dulcia
1050 2854 1428 2905 dulcissimum
1448 2892 1462 2913 ,

387 2924 645 2975 sublimia
673 2924 1017 2984 altissimum,
1058 2938 1192 2988 pura
1246 2924 1467 2990 purissi-

375 3012 562 3066 mum,
588 2996 746 3047 fortia
787 2996 1169 3057 fortissimum,
1207 3007 1261 3048 et
1298 2996 1377 3047 sic
1400 2996 1467 3045 de

389 3067 528 3120 aidis.

463 3155 526 3190 νο
562 3141 875 3191 Granni-10
913 3142 1054 3191 F1L11
1088 3141 1191 3192 Dm
1218 3154 1322 3191 nou
1346 3154 1471 3191 ean-

397 3226 630 3264 ΝΑιῐτει
650 3227 974 3265 acerrumus.
987 3241 1047 3254 -—-
1067 3215 1206 3265 Sane
1232 3229 1357 3264 cum
1382 3227 1473 3264 au-

395 3284 482 3334 dis
520 3284 576 3332 in
604 3284 900 3349 praemissis
918 3285 1120 3336 Filium
1147 3299 1213 3335 ex
1240 3283 1353 3336 Deo
1384 3284 1475 3335 Pa-

393 3365 478 3406 tre
523 3355 784 3421 genitum,
834 3372 957 3409 cave
996 3373 1066 3409 ne
1122 3357 1324 3408 mentis
1364 3365 1473 3407 tuae

388 3426 568 3477 oeulis
632 3425 911 3477 infirmum
982 3428 1188 3494 aliquid
1247 3427 1476 3478 carnalis

395 3496 738 3563 cogitationis
786 3509 1056 3561 occurrat,
1110 3499 1245 3564 quin
1294 3497 1477 3565 potius

389 3567 709 3618 ‘columbino
728 3578 780 3619 et
798 3568 1043 3635 aquilino
1057 3568 1258 3619 intuitu
1273 3567 1479 3634 simpli-

403 3636 532 3686 citer
560 3639 728 3700 crede,
758 3652 817 3688 ac
846 3639 1218 3704 perspicaciter
1240 3648 1481 3689 ¹contem-

407 3708 552 3772 plare
572 3710 717 3775 quod
741 3710 808 3759 ab
833 3709 924 3760 illa
943 3711 1059 3760 luce
1077 3710 1240 3760 simul
1256 3710 1483 3761 immen-

410 3794 469 3832 sa
497 3791 549 3832 et
567 3782 985 3849 simplicissima,
1016 3782 1414 3848 fulgentissima
1429 3793 1484 3834 et

1536 324 1748 360 summe
1776 325 1983 371 arcana,
2006 321 2320 371 coaeternuS,
2346 324 2601 376 coaequa-

1533 380 1620 442 lis,
1637 391 1689 432 et
1711 382 2181 433 consubstantialis
2204 382 2458 447 splendor
2480 396 2605 432 exo·

1534 454 1690 514 ritur,
1708 454 1803 521 qui
1818 464 1898 505 est
1912 455 2084 505 virtus
2097 470 2311 505 summa
2324 464 2376 505 et
2394 454 2606 520 sapien-

1532 525 1628 586 tia,
1648 536 1701 575 et
1726 525 1783 575 in
1803 540 1912 592 quo
1944 525 2129 576 omnia
2152 528 2303 576 Pater
2333 525 2609 592 disposuit

1536 597 1604 647 ab
1643 606 1842 647 aeterno
1876 613 1890 646 ε
1920 598 2032 648 Per
2061 612 2209 664 quem
2243 597 2383 662 fecit
2433 602 2485 646 et
2524 610 2605 647 se-

1539 667 1679 729 cula,
1698 665 1941 733 factaque
1956 668 2217 734 gubernat
2235 681 2287 719 et
2305 667 2518 718 ordinat
2536 669 2608 718 ad

1539 737 1765 803 gloriam
1794 752 1966 798 suam,
1994 737 2188 802 partim
2220 754 2313 803 per
2335 747 2605 799 naturam,

1541 808 1736 875 partim
1762 825 1856 875 per
1885 810 2129 874 gratiam,
2157 810 2351 875 partim
2389 825 2483 876 per
2516 810 2608 874 ju-

1541 881 1763 942 stitiam,
1790 882 1984 947 partim
2024 897 2117 946 per
2148 881 2607 944 misericordiam;

1542 961 1604 1002 ut
1631 951 1772 1001 nihil
1801 952 1874 1000 ita
1898 951 1955 1001 in
1982 952 2085 1001 hoc
2109 952 2314 1001 mundo
2338 950 2611 1001 inordina-

1542 1031 1660 1072 tum
1703 1020 1987 1087 relinquat.
2031 1021 2187 1071 Unde
2224 1020 2565 1087 Augustinus
2593 1039 2615 1072 .-

1546 1111 1574 1140 α
1595 1091 1746 1142 Sicut
1774 1091 2028 1157 splendor
2058 1106 2122 1141 ex
2150 1089 2449 1141 substantia
2478 1091 2616 1141 solis

1546 1163 1802 1222 nascitur,
1830 1161 1902 1210 ita
1927 1171 1979 1212 et
2004 1161 2207 1211 Filium
2227 1176 2291 1211 ex
2309 1158 2616 1210 substantia

1547 1233 1725 1284 Patris
1754 1232 1997 1299 genitum
2028 1232 2410 1297 intelligamus,
2438 1232 2504 1282 Et
2529 1230 2616 1281 si-

1546 1313 1636 1354 cut
1656 1318 1768 1352 non
1789 1312 1869 1352 est
1888 1302 1968 1352 sol
1987 1311 2080 1352 aut
2100 1302 2242 1368 ignis
2259 1302 2410 1368 prius
2440 1301 2618 1367 splen-

1547 1377 1676 1426 dore
1702 1389 1819 1436 sue,
1846 1375 1969 1425 licet
1992 1389 2056 1424 ex
2078 1375 2195 1439 ipso
2216 1383 2492 1437 nascatur3
2519 1374 2619 1423 sed

1546 1461 1613 1497 ex
1641 1461 1751 1512 quo
1779 1445 1861 1496 sol
1892 1455 1982 1496 aut
2011 1445 2153 1510 ignis
2172 1444 2429 1510 processit
2449 1443 2620 1494 simul

1549 1533 1672 1568 cum
1704 1532 1767 1567 eo
1794 1527 1847 1567 et
1887 1515 2142 1582 splendor
2181 1515 2296 1579 ejus
2335 1513 2617 1580 apparuit3

1551 1605 1646 1642 nec
1663 1589 1768 1640 dici
1791 1597 1966 1655 potest
1985 1587 2238 1653 splendor
2259 1587 2370 1637 sole
2388 1586 2472 1635 vel
2490 1584 2622 1650 igne

1548 1660 1830 1727 posterior,
1881 1673 2004 1708 cum
2051 1666 2251 1717 tamen,
2279 1665 2342 1706 ut
2383 1655 2514 1715 dixi,
2553 1670 2622 1706 ex

1547 1732 1669 1799 ipso
1699 1738 1964 1780 nascatur.
2005 1727 2060 1778 Si
2102 1743 2227 1793 ergo
2265 1727 2323 1776 in
2363 1725 2623 1777 creaturis

1548 1800 1755 1868 aliquid
1792 1798 2068 1850 invenitur
2095 1798 2242 1865 quod
2271 1808 2323 1848 et
2351 1807 2619 1859 nascatur,

1550 1883 1603 1923 et
1647 1869 1914 1937 posterius
1953 1884 2061 1918 non
2107 1867 2178 1917 sit
2218 1868 2458 1933 genitore
2498 1880 2620 1929 su0,

1551 1955 1645 1993 cur
1688 1941 1790 1991 hoc
1830 1955 1860 1989 a
1903 1940 2150 1990 Creatore
2181 1937 2294 1988 fieri
2326 1953 2482 2004 posse
2521 1938 2621 1988 de-

1550 2014 1765 2082 speres?
1788 2012 1937 2063 Sicut
1960 2011 2214 2077 splendor
2241 2025 2305 2061 ex
2325 2011 2437 2060 sole
2462 2020 2626 2061 natus

1552 2085 1725 2151 replet
1762 2082 1949 2133 orbem
1978 2092 2259 2140 terrarum,
2290 2090 2342 2130 et
2377 2090 2558 2130 tamen
2591 2095 2627 2131 a

1555 2156 1797 2223 genitore
1831 2168 1933 2203 suo
1971 2168 2082 2201 non
2122 2150 2484 2211 abscinditur,
2526 2163 2629 2201 nec

1556 2225 1849 2293 aliquando
1899 2222 2123 2285 recedit;
2173 2220 2246 2272 ita
2288 2232 2341 2271 et
2388 2219 2562 2282 Filius
2594 2236 2627 2271 a

1560 2298 1713 2348 Patre
1754 2294 1968 2361 genitus
2013 2293 2217 2358 ubique
2257 2292 2388 2341 dum
2423 2291 2524 2352 sit,
2564 2292 2626 2342 in

1541 2367 1714 2426 ‚Patre
1765 2379 1979 2428 semper
2031 2372 2324 2429 permanet.
2378 2361 2445 2412 Et
2487 2361 2630 2414 simt

1560 2435 1986 2488 substantialiter
2010 2432 2262 2499 splendor
2293 2432 2351 2482 in
2378 2433 2490 2483 sole
2523 2441 2628 2491 eet,

1561 2516 1614 2559 et
1640 2507 1722 2556 sol
1749 2505 1805 2555 in
1837 2504 2150 2568 splendore3
2202 2503 2276 2553 ita
2311 2501 2633 2553 substantia-

1562 2578 1684 2628 liter
1706 2577 1858 2627 Pater
1882 2576 1939 2626 in
1965 2574 2107 2625 Filio
2129 2583 2182 2624 et
2204 2574 2377 2624 Filius
2395 2573 2454 2622 in
2477 2572 2633 2622 Patre

1563 2657 1661 2699 est.
1694 2647 1763 2697 Et
1799 2647 1938 2697 sicut
1980 2644 2080 2695 soli
2118 2654 2171 2695 et
2206 2642 2480 2709 splendori
2519 2656 2634 2693 una

1567 2717 1874 2770 substantia
1898 2732 2021 2767 cum
2049 2716 2139 2777 sit,
2175 2731 2286 2765 non
2318 2724 2499 2765 tamen
2521 2726 2637 2764 una

1567 2803 1814 2857 persona,
1839 2788 1967 2854 quia
1987 2802 2083 2837 nec
2102 2786 2273 2837 solem
2291 2784 2636 2850 splendorem

1568 2876 1703 2922 esse,
1749 2874 1847 2910 nec
1881 2858 2222 2923 splendorem
2264 2856 2499 2906 dicimus
2538 2868 2637 2906 so·

1568 2933 1710 2995 lem3
1742 2931 1815 2981 ita
1836 2940 1891 2981 et
1916 2931 2070 2980 Pater
2099 2939 2151 2980 et
2178 2928 2351 2978 Filius
2376 2940 2502 2976 cum
2524 2925 2642 2977 sint

1576 3004 1744 3054 unius
1783 3001 2062 3060 essentiae,
2103 3015 2213 3050 non
2252 3008 2433 3047 tamen
2471 2996 2644 3047 unius

1573 3084 1702 3126 sunt
1727 3086 1988 3139 personae.
2010 3071 2077 3120 Et
2095 3070 2233 3120 sicut
2251 3069 2331 3119 sol
2354 3067 2646 3134 splendore

1574 3142 1812 3197 calefacit
1850 3151 1904 3192 et
1946 3139 2235 3198 illuminat,
2278 3148 2332 3189 et
2366 3138 2553 3199 sinent,
2583 3145 2646 3188 et

1576 3214 1755 3274 solvit,
1786 3223 1840 3264 et
1865 3210 2195 3270 excandidat,
2217 3218 2272 3259 et
2299 3207 2568 3274 denigrat,
2591 3216 2650 3258 et

1576 3284 1763 3337 omnia
1807 3297 1930 3349 quae
1974 3280 2024 3331 ei
2065 3295 2096 3330 a
2135 3280 2371 3329 Domino
2403 3278 2651 3343 injuncta

1575 3364 1708 3407 sunt
1749 3361 2036 3419 ⁴operatum
2081 3350 2157 3401 ita
2195 3359 2248 3400 et
2287 3350 2496 3399 Patrem
2545 3361 2652 3414 per

1575 3422 1934 3492 Unigenitum
1981 3421 2183 3472 Filium
2229 3435 2399 3470 sunm
2459 3416 2655 3469 omnia

1575 3496 1812 3563 leg-imus
1869 3493 2040 3545 fuisse
2096 3502 2374 3558 operatum
2407 3505 2428 3539 z
2463 3506 2498 3538 n
2530 3488 2652 3541 hec

1583 3565 1944 3634 Augustinus.

1653 3653 1713 3692 u
1753 3639 1914 3700 Quart
1947 3650 2181 3688 suanm
2220 3650 2430 3687 m1mu1
2475 3645 2657 3688 nutus

1583 3709 1897 3763 Evmonrn.
1933 3735 1995 3747 -—
2040 3709 2156 3759 Hoc
2203 3706 2426 3757 initium
2466 3706 2658 3759 saneti

1589 3780 1884 3848 Evangelii,
1922 3779 2220 3833 secundum
2259 3777 2513 3831 eumdem
2541 3778 2662 3832 Au·
