2784 4452
379 279 445 329 62
1013 276 1252 327 PRIMAE
1289 275 1536 326 PART1s
1569 274 1803 326 CAPUT
1836 250 1924 325 v1'.

375 397 441 446 ad
456 395 724 453 ancillam,
745 393 1013 444 Dominus
1040 393 1106 442 ad
1123 408 1336 442 servum
1364 408 1448 442 ve-

375 467 511 526 nire,
539 476 590 515 et
616 465 782 514 Maria
806 463 1083 515 Elizabeth
1103 462 1301 513 servire
1331 479 1443 513 non

374 537 711 602 dedignatur,
741 536 872 603 quid
896 535 1043 584 aliud
1064 549 1226 599 quam
1266 533 1445 583 humi·

373 608 540 657 litatis
563 608 869 672 exemplum
894 603 1226 655 ostenditur?
1242 605 1319 655 De
1335 620 1443 671 qua

373 680 534 729 etiam
582 678 912 745 specialiter,
976 676 1034 726 in
1089 676 1295 728 cantico
1342 691 1441 726 suo

372 753 644 818 praedict0‚
675 751 845 802 Maria
879 749 1155 816 gloriatur,
1189 759 1242 799 et
1285 750 1442 815 plena

372 825 621 875 omnium
650 824 931 884 virtutum,
970 823 1142 873 solam
1166 823 1443 873 humilita-

372 905 481 946 tem
528 892 878 960 recognoscit,
909 893 1127 944 dicens:
1152 894 1293 955 Quia
1350 908 1443 943 re-

370 967 556 1032 spexit
579 964 930 1015 humilitatem
957 964 1177 1015 ancillae
1191 976 1322 1014 suae.
1352 965 1444 1015 Er-

370 1054 440 1104 go
465 1048 517 1087 et
546 1047 605 1086 tu
637 1036 704 1085 de
732 1045 784 1085 te
823 1034 1073 1095 humilia,
1111 1051 1235 1085 cum
1274 1035 1444 1086 Maria

369 1108 606 1170 sentias;
656 1116 708 1157 et
768 1105 1037 1173 quidquid
1094 1107 1225 1157 boni
1274 1106 1444 1157 habes

364 1180 500 1240 De0,
528 1194 643 1228 non
673 1178 793 1239 tibi,
822 1193 945 1229 cum
972 1192 1032 1227 ea
1055 1178 1333 1228 attribuas,

440 1266 501 1300 12
539 1250 793 1309 Qmmmu
850 1250 1034 1299 Mum
1087 1265 1280 1299 MAnsrr
1335 1264 1443 1299 cmx

367 1320 706 1375 Eumne-m?
725 1320 1019 1372 —Mansit
1043 1328 1221 1371 autem
1248 1321 1444 1372 Maria

367 1393 526 1461 quasi
557 1393 824 1443 mensibus
840 1393 1029 1456 tribuS,
1057 1407 1172 1444 cum
1212 1392 1310 1442 illa
1337 1392 1444 1443 Eli-

364 1464 558 1517 zabeth
611 1479 708 1530 pro
771 1464 923 1528 cujus
976 1463 1340 1514 consolatione
1390 1472 1444 1513 et

367 1538 633 1605 obsequio
655 1546 892 1598 venerat,
923 1536 1241 1587 ministrans
1267 1546 1318 1586 et
1338 1551 1445 1586 ser·

364 1610 518 1661 viens
556 1609 604 1658 ei
644 1608 955 1668 humiliter,
1009 1617 1340 1667 reverenter,
1389 1618 1442 1658 et

365 1683 572 1741 devote,
614 1681 670 1730 in
696 1681 955 1730 omnibus
979 1680 1180 1745 quibus
1213 1689 1437 1745 poterat,

366 1752 522 1819 quasi
558 1751 725 1802 oblita
758 1766 814 1801 se
843 1760 1068 1800 matrem
1092 1750 1191 1800 Dei
1223 1766 1356 1811 esse,
1386 1761 1440 1801 et

364 1825 534 1875 totius
571 1823 762 1874 mundi
804 1824 1063 1889 reginam,
1100 1832 1161 1872 ut
1184 1821 1241 1872 in
1267 1822 1440 1873 omni-

365 1897 470 1947 bus
493 1898 741 1962 impleret
763 1895 1089 1946 humilitatis
1105 1911 1435 1947 mensuram.

365 1970 427 2019 In
454 1985 514 2019 ea
539 1969 724 2035 igitur,
747 1966 1128 2033 contemplatio
1151 1983 1261 2017 non
1291 1968 1437 2019 dese-

366 2040 478 2092 ruit
519 2040 805 2100 actionem,
860 2053 956 2088 nec
1003 2038 1141 2089 actio
1170 2038 1437 2090 diminuit

365 2110 895 2176 contemplationem.
933 2110 1090 2161 Unde
1121 2119 1174 2160 et
1203 2110 1438 2174 Evange-

362 2182 503 2234 lium
531 2181 790 2247 scriptum
812 2182 877 2232 de
893 2179 1197 2231 ministerio
1213 2180 1436 2232 Marthae

363 2264 418 2306 et
452 2253 906 2320 contemplatione
948 2252 1130 2303 Mariae
1152 2253 1350 2319 legitur
1374 2251 1435 2303 in

363 2327 537 2394 ipsius
563 2328 727 2377 beatae
745 2325 990 2392 Virginis
1019 2326 1390 2392 assumptione
1419 2343 1434 2377 ε

364 2413 485 2465 quae
514 2407 566 2447 et
589 2398 757 2448 activa
795 2396 898 2447 fuit
915 2435 929 2457 ,
978 2406 1039 2447 ut
1064 2407 1210 2463 patet
1248 2397 1305 2447 in
1332 2398 1437 2450 hoc

360 2467 498 2526 loc0,
532 2477 585 2517 et
612 2467 1040 2532 contemplativa,
1071 2467 1200 2531 quia
1222 2483 1437 2521 conser-

360 2537 523 2588 vabat
564 2537 741 2587 omnia
783 2536 944 2586 verba
984 2536 1111 2598 haec,
1145 2540 1437 2605 conferens

362 2607 419 2657 in
440 2608 599 2657 corde
620 2620 735 2657 suo.
758 2605 993 2655 Tamdiu
1012 2606 1215 2673 quippe
1235 2610 1436 2660 mansit

362 2677 530 2726 Maria
557 2692 680 2727 cum
714 2677 1011 2738 Elizabeth,
1043 2677 1214 2728 donec
1251 2691 1436 2745 partus

359 2759 601 2815 ternpore
626 2750 913 2816 complete,
954 2749 1306 2802 Praecursoris
1333 2753 1436 2803 Do·

359 2820 499 2869 mini
547 2820 664 2880 sui,
703 2830 923 2887 propter
971 2837 1137 2888 quam
1178 2834 1396 2874 venerat
1419 2863 1432 2885 ‚

360 2892 693 2942 nativitatem
735 2893 939 2944 videret
967 2909 984 2942 t
1009 2904 1071 2945 ut
1108 2895 1157 2944 ei
1193 2903 1243 2944 et
1274 2896 1433 2945 matri

360 2967 766 3030 obsecundaret,
782 2978 834 3019 et
855 2978 916 3018 ut
941 2968 999 3019 in
1023 2970 1112 3020 via
1138 2980 1192 3020 et
1213 2970 1434 3035 publico

361 3055 473 3090 non
523 3039 794 3091 videretur
853 3040 1221 3110 frequentius,
1278 3053 1331 3094 et
1372 3054 1436 3095 ut

358 3118 509 3160 tanto
541 3119 782 3177 tempore
808 3111 1088 3164 Elizabeth
1118 3123 1172 3165 et
1207 3114 1433 3165 Joannis

359 3192 613 3233 cresceret
654 3183 712 3232 in
747 3184 934 3250 gratiis
969 3186 1256 3252 profectus.
1292 3187 1431 3237 Nam

359 3254 407 3305 si
445 3255 502 3306 in
534 3255 723 3321 'primo
766 3257 997 3308 adventu
1034 3259 1233 3321 Mariae,
1263 3260 1356 3310 sed
1379 3270 1432 3311 et

358 3326 522 3378 etiam
547 3328 720 3392 ipsius
748 3328 993 3391 Domini,
1012 3329 1217 3395 Spiritu
1236 3332 1431 3382 Sancto

357 3408 487 3449 sunt
512 3398 719 3464 repleti,
739 3400 974 3450 multum
997 3410 1079 3450 est
1112 3400 1222 3451 illis
1250 3417 1431 3467 super-

357 3471 603 3523 additum
648 3472 715 3523 de
755 3472 962 3539 gratiiS,
1004 3472 1063 3524 in
1094 3482 1242 3525 tanta
1278 3490 1430 3526 mora

357 3543 679 3594 mansionis,
1077 3585 1082 3592 .

427 3629 447 3663 1
459 3613 486 3663 3
524 3615 817 3666 NAr1vrrAs
831 3616 885 3667 S.
898 3615 927 3666 J
929 3630 1118 3666 omis
1126 3615 1426 3665 Bam-istun.

356 3684 701 3752 -Completo
739 3686 1147 3754 igiturpariendi
1165 3696 1425 3752 tempore,

350 3758 565 3821 peperit
590 3759 877 3826 Elizabeth
895 3758 1081 3826 filium
1115 3758 1317 3809 scilicet
1346 3773 1428 3808 oc-

357 3837 478 3878 tavo
508 3829 759 3882 kalendas
799 3831 949 3897 julii,
985 3842 1036 3882 et
1080 3830 1213 3881 feria
1261 3840 1423 3881 sexta.

361 3898 464 3951 Cui
510 3911 651 3959 nato.
690 3918 749 3954 ac
784 3904 943 3955 etiam
977 3903 1134 3956 matri
1168 3903 1301 3969 ejuS,
1326 3902 1426 3954 hu-

1551 389 1702 442 milia
1712 390 1973 458 obsequia
1988 390 2319 455 beataVirgo
2343 390 2617 450 exhibuit,

1549 474 1602 513 et
1657 462 1717 513 in
1766 463 1929 514 domo
1979 462 2387 523 etiam-aliena,
2437 463 2624 513 mini-

1549 544 1716 584 strare
1760 534 1940 601 potius
1979 549 2144 599 quam
2178 532 2474 583 ministrari
2516 551 2621 585 vo-

1547 605 1666 656 luit.
1704 605 1782 655 Et
1815 605 2104 656 audierunt
2138 602 2303 654 vicini
2334 602 2429 669 qui
2463 614 2624 655 erant

1547 678 1935 738 cohabitantes,
1971 684 2023 727 et
2062 677 2285 743 cognati
2318 677 2415 742 qui
2463 687 2624 728 erant

1548 748 1929 815 consanguinei
1969 748 2053 800 vel
2084 748 2271 798 affines
2303 748 2585 799 Elizabeth
2604 788 2622 809 ,

1546 819 1675 886 quia
1719 818 2090 885 magnificavit
2130 827 2181 868 et
2239 818 2522 885 magnifice
2545 819 2620 870 fe-

1547 894 1638 957 cit,
1677 895 1943 945 Dominus
1998 894 2424 945 misericordiam
2455 909 2616 946 suam

1547 981 1664 1017 cum
1691 966 1808 1029 illa,
1830 966 1885 1031 id
1909 964 2006 1022 est,
2036 981 2282 1031 magnam
2311 965 2624 1021 misericor-

1547 1037 1691 1087 diam
1736 1037 1784 1087 ei
1824 1034 1967 1099 fecit,
2019 1035 2224 1086 scilicet
2258 1036 2619 1101 opprobrium

1546 1108 1841 1159 sterilitatis
1900 1106 2185 1158 auferendo
2212 1145 2229 1171 ‚
2294 1116 2345 1156 et
2403 1117 2623 1158 tantum

1550 1189 1600 1230 et
1659 1180 1822 1230 talem
1887 1177 2091 1243 filium,
2151 1178 2227 1228 sic
2300 1178 2616 1230 nuntiatum

1548 1251 1860 1303 mirabiliter
1920 1261 1972 1302 et
2026 1261 2364 1317 conceptum,
2419 1267 2626 1318 super-

1546 1325 1854 1377 naturaliter
1892 1324 1939 1375 ei
1980 1325 2186 1387 dand03
2234 1330 2285 1374 et
2318 1332 2626 1391 congratu-

1547 1398 1800 1449 labantur
1850 1396 1901 1447 ei
1945 1412 2107 1463 super
2142 1404 2289 1445 tanto
2326 1394 2491 1460 don0,
2531 1412 2627 1447 se-

1544 1472 1784 1522 cundum
1849 1471 1998 1538 quod
2049 1468 2288 1535 Angelus
2338 1468 2624 1521 Zachariae

1547 1542 1799 1592 dixerat:
1848 1540 2021 1593 Multi
2072 1539 2127 1589 in
2176 1539 2459 1589 nativitate
2499 1540 2628 1606 ejus

1544 1613 1872 1678 gaudebunt.
1930 1611 2046 1661 Hoc
2104 1619 2281 1660 autem
2354 1610 2623 1675 gaudium

1543 1684 1873 1734 sanctitatem
1920 1682 1975 1733 in
2016 1698 2078 1732 eo
2122 1681 2359 1731 futuram
2405 1681 2626 1749 signifi-

1543 1755 1708 1804 cabat.
1753 1754 1842 1805 Sic
1904 1752 2132 1818 quilibet
2176 1752 2331 1802 debet
2382 1752 2625 1820 congra-

1541 1826 1700 1877 tulari
1730 1828 1797 1876 de
1832 1827 1977 1876 bono
2008 1824 2224 1875 alterius
2256 1833 2308 1874 et
2342 1826 2585 1890 gaudere
2607 1844 2624 1878 ε

1542 1908 1726 1949 contra
1764 1896 1993 1958 invidos,
2028 1896 2123 1962 qui
2158 1897 2225 1946 de
2251 1896 2393 1946 malo
2425 1908 2625 1967 gratu-

1540 1969 1734 2032 lantur,
1765 1978 1818 2019 et
1845 1969 1912 2019 de
1949 1969 2094 2018 bono
2127 1967 2422 2017 tristantur.

1611 2057 1676 2106 14
1706 2042 1826 2092 Cun
1849 2057 1917 2090 AB
1951 2040 2206 2091 Eccuzsu
2248 2056 2364 2090 ΗΒΕ
2409 2057 2626 2094 minw-

1542 2129 1638 2163 ns
1688 2111 2066 2163 cunam-run?
2097 2140 2159 2150 -·
2203 2112 2269 2162 Et
2298 2121 2425 2162 nota
2457 2117 2619 2179 quod

1541 2186 1641 2238 hac
1658 2186 1746 2237 die
1768 2194 1982 2238 sanctus
2002 2186 2234 2236 Joannes
2252 2185 2624 2251 Evangelista,

1539 2259 1607 2308 de
1649 2273 1853 2309 carcere
1897 2256 2059 2322 hujus
2087 2256 2279 2307 mundi
2334 2257 2622 2323 migravit,

1538 2339 1590 2379 et
1628 2328 1695 2378 ad
1737 2329 1949 2380 coeleste
1986 2328 2262 2395 palatium,
2299 2329 2624 2383 laetantibus

1537 2397 1780 2464 AngeliS,
1809 2399 2077 2466 gloriosus
2106 2398 2337 2448 intravit.
2369 2399 2435 2448 Et
2477 2400 2624 2466 quia

1540 2480 1756 2535 propter
1781 2469 1975 2536 ingens
2009 2468 2265 2528 officium,
2289 2485 2399 2518 non
2428 2471 2625 2535 potuit

1541 2539 1703 2590 hodie
1731 2540 1845 2605 ejus
1881 2538 2077 2590 festum
2114 2539 2386 2600 celebrari,
2418 2541 2623 2593 statuit

1540 2610 1644 2660 hoc
1680 2609 1932 2671 Ecclesia,
1961 2610 2020 2660 in
2049 2610 2385 2659 hebdomada
2413 2613 2625 2665 natalis

1539 2681 1782 2743 Domini,
1815 2683 1904 2734 die
1938 2683 2094 2733 tertia
2120 2682 2433 2733 solemniter
2459 2682 2620 2750 fieri;

1539 2757 1621 2806 vel
1642 2755 1772 2820 quia
1798 2771 1859 2806 ea
1884 2755 1973 2806 die
1997 2755 2103 2806 fuit
2130 2754 2234 2821 ipsi
2260 2756 2480 2806 basilica
2519 2758 2625 2809 de-

1538 2826 1737 2890 dicata3
1779 2828 1863 2877 vel
1889 2826 2020 2893 quia
2058 2835 2186 2877 tunc
2224 2825 2486 2877 infulatus
2524 2839 2626 2882 est

1540 2896 1836 2963 patriarcha
1854 2897 2197 2947 ecclesiarum
2225 2896 2283 2946 in
2302 2898 2432 2948 Asia
2456 2913 2471 2947 ε
2505 2913 2619 2949 so-

1538 2969 1788 3020 lemnitas
1831 2985 1957 3020 vero
1998 2969 2248 3036 Baptistae
2289 2970 2344 3019 in
2381 2986 2481 3020 suo
2517 2971 2625 3024 die

1537 3039 1813 3100 remansit,
1852 3039 2133 3101 nimirum,
2172 3039 2302 3105 quia
2340 3040 2432 3091 hic
2483 3040 2616 3096 dies

1537 3113 1604 3163 ab
1648 3113 1855 3179 Angelo
1894 3112 2089 3177 gaudio
2128 3111 2421 3169 nativitatis
2468 3113 2623 3165 Prae-

1535 3182 1772 3233 cursoris
1806 3182 2202 3233 authenticatus
2244 3182 2364 3233 fuit.
2412 3182 2616 3249 Igitur,

1535 3253 1904 3314 dilectissimi,
1954 3253 2057 3304 hos
2111 3255 2407 3321 aequinatos
2457 3272 2625 3309 sum-

1536 3341 1656 3376 mos
1675 3325 1771 3376 Dei
1794 3325 2015 3385 amicos,
2039 3325 2179 3375 inter
2199 3325 2392 3376 choros
2413 3327 2620 3393 Ange-

1533 3398 1713 3448 lorum
1790 3396 2102 3457 rutilanteS,
2159 3396 2363 3447 devotis
2437 3397 2622 3452 hodie

1534 3467 1784 3519 laudibus
1818 3466 2145 3518 honorantes
2166 3504 2179 3528 ,
2231 3475 2284 3516 et
2330 3467 2620 3522 orationes

1533 3540 1598 3591 ad
1637 3540 1898 3592 thronum
1944 3539 2126 3606 gratiae
2175 3538 2454 3590 mittamus
2479 3579 2494 3601 ,
2544 3553 2620 3596 ut

1533 3610 1963 3662 misericordiam
1994 3626 2403 3676 consequamur,
2417 3620 2469 3661 et
2490 3627 2620 3678 gra-

1531 3683 1664 3744 tiam
1701 3682 1757 3733 in
1778 3682 1979 3734 auxilio
2017 3692 2320 3748 opportuno
2344 3682 2610 3736 invenia-

1533 3772 1673 3807 mus,
1717 3755 1821 3806 Sed
1868 3771 1961 3805 cur
1996 3754 2326 3805 nativitatem
2375 3755 2618 3810 Joannis

1531 3828 1710 3894 potius
1763 3842 1926 3894 quam
1973 3825 2196 3891 alicujus
2235 3825 2412 3875 Sancti
2453 3827 2614 3878 cele-

1530 3898 1777 3951 bremus?
1804 3899 1928 3950 Haec
1965 3912 2123 3948 causa
2167 3906 2248 3948 est
2300 3896 2614 3951 secundum
