2784 4452
600 263 697 313 DE
729 264 1012 315 JEJUNIO
1047 265 1140 315 ET
1172 264 1749 317 TENTATIONIBUS
1779 266 2054 318 DOMINI.

195 380 280 429 .ad
310 378 596 445 puritatem
637 379 813 430 cordis
843 381 1134 446 pervenire,
1165 395 1285 446 quae

215 450 407 516 utique
453 449 687 499 nimium
732 453 1057 517 peroptanda
1097 460 1194 512 est,
1221 467 1284 501 eo

201 524 364 589 -quod
407 521 468 572 in
521 538 578 572 se
614 524 849 589 quodam
884 524 1046 574 modo
1082 539 1284 574 omnes

215 594 443 644 virtutes
472 594 898 659 comprehendit,
942 605 995 645 et
1022 594 1283 646 remotio-

217 681 344 717 nem
400 664 646 715 omnium
712 666 965 716 vitiorum
1012 667 1284 731 continet3

198 737 346 803 -quia
372 751 498 787 cum
523 736 691 800 vitiis,
716 737 799 787 vel
818 736 1024 788 defectu
1051 737 1284 797 virtutis,

218 827 330 861 non
369 819 475 861 stat
525 810 729 877 puritas
773 811 971 862 cordis.
1033 812 1100 862 Et
1156 827 1287 878 pro-

210 892 398 949 pterea
445 882 503 933 in
555 883 930 934 collationibus
983 895 1288 935 sanctorum

221 954 438 1003 Patrum
470 954 716 1014 traditur,
741 956 887 1021 quod
922 964 1101 1005 totum
1147 971 1295 1006 exer·

206 1024 412 1075 citium
444 1026 699 1076 monachi
730 1026 886 1076 debet
908 1042 1024 1077 esse
1049 1027 1115 1076 ad
1135 1027 1290 1092 puri-

220 1104 386 1145 tatem
434 1095 611 1146 cordis
658 1095 981 1148 habendam.
1029 1098 1125 1147 Per
1158 1097 1295 1147 hanc

221 1167 370 1216 enim
404 1167 577 1217 homo
629 1178 865 1217 meretur
895 1167 1070 1218 Deum
1095 1168 1293 1227 videre,

220 1242 431 1293 dicente
448 1242 684 1293 Domino
700 1243 758 1293 in
788 1242 1075 1309 Evangelio
1099 1260 1113 1293 ε
1134 1242 1297 1293 Beati

220 1313 419 1364 mundo
461 1315 639 1377 corde,
694 1315 941 1380 quoniam
991 1316 1098 1382 ipsi
1121 1316 1295 1366 Deum

223 1385 495 1436 videbunt.
516 1385 597 1446 Et,
613 1386 1294 1446 secundum-Bernardum,

218 1454 321 1521 qui
376 1454 567 1505 clarior
611 1465 724 1517 est,
775 1457 888 1506 Deo
940 1455 1298 1522 propinquior

208 1534 336 1587 est,
387 1539 504 1574 esse
530 1535 724 1577 autem
758 1525 1139 1585 clarissimum,
1170 1540 1297 1591 per-

222 1590 440 1644 venisse
494 1604 590 1644 esa
651 1596 736 1646 Ad
795 1595 931 1645 hanc
992 1596 1297 1645 habendam

225 1666 466 1715 multum
507 1667 645 1717 valet
674 1666 844 1716 oratio
883 1666 1095 1718 fervens
1128 1677 1181 1718 et
1207 1682 1298 1717 as-

224 1736 403 1786 sidua.
458 1736 565 1786 Sed
607 1737 779 1787 oratio
818 1752 941 1787 cum
985 1739 1217 1818 crapula,
1249 1747 1302 1788 et

212 1806 469 1871 ¹corporis
501 1806 727 1857 mollitie
773 1821 870 1857 seu
907 1807 1177 1858 otiositate
1202 1823 1301 1874 pa-

228 1894 353 1929 rum
404 1879 572 1943 valet3
631 1890 683 1930 et
732 1863 860 1931 ideo
907 1880 1203 1947 requiritur
1235 1881 1304 1945 je-

222 1951 443 2017 junium
465 1961 516 2001 et
540 1953 780 2018 corporis
807 1952 1045 2017 afflictio,
1075 1954 1304 2004 discreta

227 2035 441 2088 tamen,
489 2026 619 2091 quia
650 2025 943 2077 indiscreta
987 2042 1155 2077 omne
1198 2027 1302 2076 bo-

230 2114 366 2149 num
413 2097 671 2162 impedit3
728 2109 1005 2165 propterea
1050 2101 1116 2150 ad
1175 2116 1302 2150 om-

221 2170 386 2220 -nium
443 2169 819 2236 praedictorum
869 2170 1303 2221 consummatio-

220 2256 355 2292 nem
388 2240 601 2291 videtur
644 2240 815 2291 facere
850 2241 1110 2293 solitudo,
1164 2241 1303 2292 Nam

213 2325 353 2361 cum
378 2311 616 2361 tumultu
656 2321 710 2361 et
741 2312 966 2377 strepitu
995 2328 1104 2362 non
1131 2321 1307 2378 potest

226 2383 480 2432 decenter
513 2380 627 2431 fieri
672 2382 860 2433 oratic.
890 2381 963 2433 Et
991 2382 1171 2434 videre
1211 2393 1305 2433 aut

226 2453 417 2504 audire
457 2453 645 2515 multa,
693 2452 783 2503 vix
829 2463 1005 2518 potest
1046 2452 1161 2505 fieri
1182 2454 1309 2504 sine

230 2521 544 2588 impuritate
594 2533 648 2572 et
697 2523 926 2586 offensa3
986 2524 1113 2591 quia
1161 2537 1308 2574 mors
1342 2541 1345 2546 >

224 2595 398 2645 ,intrat
411 2608 508 2659 per
535 2593 791 2644 fenestras
825 2610 1083 2646 sensuum
1113 2596 1179 2646 ad
1200 2595 1314 2646 ani·
1344 2621 1345 2624 ¹

234 2680 358 2716 mas
407 2674 635 2716 nostras,
694 2665 761 2715 Et
815 2676 1032 2732 propter
1067 2681 1315 2732 superve-

237 2740 453 2791 nientes
491 2754 631 2804 saepe
675 2740 941 2789 relaxatur
967 2739 1313 2799 abstinentia,

237 2819 293 2861 et
321 2809 563 2875 corporis
593 2809 832 2862 afflictiO.
867 2809 931 2860 Et
973 2812 1094 2862 ideo
1132 2828 1314 2878 quaere

227 2880 615 2940 solitudinem,
639 2890 691 2931 et
718 2896 902 2946 separa
926 2880 975 2931 te
1002 2897 1033 2931 a
1056 2884 1314 2943 tumultu,

234 2951 290 3002 si
316 2950 402 3001 vis
429 2951 542 3001 Deo
573 2950 860 3017 conjungi,
906 2961 958 3001 et
986 2967 1080 3016 per
1108 2953 1317 3018 purita-

239 3032 356 3073 tem
398 3022 575 3071 eordis
613 3036 741 3072 eum
784 3022 982 3072 videre.
1028 3022 1177 3088 Fuge
1206 3023 1319 3072 col-

238 3092 550 3143 locutiones
580 3102 797 3158 propter
822 3093 1207 3144 ¹taciturnitatis
1234 3110 1322 3144 cu-

242 3162 505 3226 stodiam;
561 3163 833 3213 interdum
881 3164 1044 3215 etiam
1088 3179 1120 3214 a
1160 3163 1323 3215 bonis

230 3249 393 3286 cessa
433 3236 684 3302 eloquiis,
714 3237 861 3301 juxta
899 3237 1033 3287 illud
1081 3236 1324 3304 Prophe·
1354 3249 1357 3256 ¹

236 3317 313 3357 tae
345 3323 359 3356 ε
389 3305 642 3357 obmutui
669 3313 721 3357 et
746 3307 1061 3358 humiliatus
1102 3323 1236 3370 sum,
1274 3323 1327 3366 et
1355 3333 1359 3350 ι

242 3378 380 3429 silui
419 3389 458 3427 α
504 3377 673 3428 bonis·
735 3378 857 3428 Non
904 3394 1111 3445 quaeras
1161 3392 1361 3430 novas²

241 3449 543 3513 amicitias‚;
602 3448 733 3516 quia
776 3465 914 3501 nova
963 3452 1089 3502 inde
1136 3467 1327 3518 prove-

242 3520 405 3571 niunt
480 3520 749 3587 colloquia
814 3531 868 3571 et
918 3521 1327 3589 impedimenta.

244 3592 375 3642 Non
400 3593 628 3659 impleas
650 3594 837 3644 oculos
866 3594 948 3645 vel
972 3611 1128 3647 aures
1167 3595 1331 3662 phan-

242 3667 572 3719 tasmatibus
621 3668 801 3733 vanis3
854 3679 907 3719 et
967 3669 1151 3719 omnia
1209 3684 1330 3736 quae

253 3736 494 3803 quietem
553 3738 742 3799 animi,
798 3748 850 3789 et
888 3739 1329 3806 tranquillitatem

248 3807 457 3858 mentis
486 3810 829 3874 perturbant,
852 3808 1033 3875 fugias
1073 3819 1331 3876 tanquam

252 3894 544 3948 venenosa,
589 3892 642 3933 et
685 3882 882 3935 animae
923 3882 1159 3935 inimica.
1210 3882 1332 3933 Non

2352 282 2455 333 227

1390 380 1539 431 enim
1571 381 1693 432 sine
1731 399 1886 433 causa
1914 385 2097 434 Patres
2124 385 2291 435 sancti
2315 394 2458 451 pete-

1391 452 1526 503 bant
1560 453 1675 504 loca
1739 455 1995 517 solitaria,
2025 465 2080 505 et
2134 456 2468 507 mandabant

1392 521 1483 573 his
1529 524 1624 589 qui
1681 525 1739 574 in
1783 526 2052 576 coenobiis
2113 528 2462 580 remanebant

1392 595 1539 660 quod
1587 606 1766 647 essent
1805 597 1948 657 caeci,
1991 599 2140 648 surdi
2195 608 2247 649 et
2290 600 2459 664 muti3

1394 665 1524 730 quia
1570 666 1648 716 sic
1695 668 1891 718 melius
1923 679 2165 734 poterant
2191 670 2304 720 Deo
2330 686 2464 722 con-

1395 737 1566 803 jungi.
1582 739 1733 789 Unde
1748 741 2171 805 Chrysostomus
2201 759 2218 792 .·
2237 762 2264 788 α
2288 742 2466 801 Quan-

1397 812 1466 860 do
1504 810 1739 877 Spiritus
1792 812 2018 863 Sanctus
2063 813 2338 863 descendit
2363 829 2463 865 su-

1396 896 1491 947 per
1551 882 1847 933 Dominum
1918 893 2202 943 nostrum,
2284 883 2465 934 statim

1398 953 1604 1018 expulit
1634 968 1768 1004 eum
1820 954 1876 1003 in
1910 955 2200 1007 desertum.
2236 955 2466 1015 Quando

1400 1024 1651 1074 monachi
1700 1025 1946 1076 habitant
1986 1042 2110 1076 cum
2153 1026 2469 1093 parentibus

1400 1096 1535 1160 suis,
1582 1096 1627 1146 si
1681 1097 2013 1156 descenderit
2058 1100 2293 1165 Spiritus
2341 1100 2469 1148 San-

1400 1178 1535 1230 ctuS,
1563 1177 1616 1217 et
1647 1169 1913 1219 >manserit
1951 1185 2113 1234 super
2140 1186 2250 1230 eos,
2280 1169 2469 1235 expel-

1401 1242 1476 1291 let
1506 1255 1599 1290 eos
1653 1240 1719 1290 de
1764 1241 1950 1300 doum,
1984 1251 2037 1291 et
2080 1242 2239 1292 ducet
2288 1255 2382 1292 eos
2404 1240 2470 1291 in

1402 1310 1769 1361 solitudinem.
1818 1311 2052 1377 Spiritus
2084 1314 2307 1364 Sanctus
2359 1326 2471 1362 non

1405 1382 1636 1432 libenter
1667 1381 1874 1432 habitat
1902 1383 1996 1432 ubi
2043 1385 2214 1434 turbae
2255 1394 2315 1434 et
2360 1384 2473 1435 fre-

1406 1452 1651 1519 quentia,
1708 1463 1762 1503 et
1809 1454 2203 1515 dissensiones,
2235 1466 2292 1505 et
2345 1455 2476 1506 rixae

1406 1534 1565 1588 sunt;
1588 1524 1687 1574 sed
1709 1525 1925 1590 proprie
1950 1526 2131 1575 sedem
2168 1526 2331 1576 habet
2352 1526 2478 1577 solui·

1405 1595 1669 1645 tudinem.
1710 1595 1956 1662 Denique
1992 1606 2042 1645 et
2072 1596 2341 1647 Dominus
2371 1610 2478 1646 no-

1405 1676 1514 1717 ster
1542 1676 1651 1717 erat
1680 1666 1734 1716 in
1760 1666 1851 1716 die
1880 1683 2002 1717 cum
2033 1667 2346 1733 discipulis,
2381 1668 2478 1718 sed

1407 1737 1624 1803 quando
1650 1737 1863 1787 volebat
1897 1753 2048 1788 orare
2079 1738 2367 1801 intentiuS‚
2398 1752 2482 1788 so-

1407 1809 1493 1859 lus
1518 1808 1818 1872 recedebat;
1856 1820 1908 1859 et
1938 1826 2037 1860 nos
2071 1826 2216 1876 ergo,
2248 1810 2293 1859 si
2321 1810 2482 1860 volu-

1410 1897 1532 1932 mus
1587 1896 1738 1931 orare
1784 1882 2072 1947 plusquam
2122 1882 2179 1933 in
2231 1882 2480 1948 publico,

1411 1954 1708 2004 habeamus
1782 1953 2029 2003 cellulam
2060 1990 2074 2016 ,
2186 1953 2483 2003 habeamus

1408 2039 1583 2090 agros,
1615 2024 1908 2073 habeamus
1935 2022 2169 2085 deserta3
2193 2037 2483 2089 possumus

1411 2106 1463 2146 et
1506 2095 1733 2146 virtutes
1780 2095 1976 2145 habere
2020 2096 2085 2145 de
2130 2095 2404 2156 fratribus,
2417 2105 2485 2146 et

1412 2164 1763 2217 solitudinem
1834 2167 2046 2217 habere.
2108 2185 2136 2214 n
2210 2166 2365 2217 Unde
2430 2175 2486 2216 et

1413 2237 1755 2304 Augustinus
1779 2254 1796 2287 .-
1825 2255 1854 2283 c(
1877 2237 2089 2286 Fratres
2144 2234 2483 2290 charissimi,

1414 2320 1675 2378 quantum
1706 2324 2015 2374 possumuS,
2059 2308 2250 2359 otiosis
2286 2307 2488 2359 fabulis

1418 2391 1470 2431 et
1517 2379 1939 2430 detractionibus
1983 2395 2041 2429 ac
2069 2378 2490 2429 scurrilitatibus

1418 2451 1626 2503 cunctis
1654 2450 1819 2502 finem
1849 2451 2160 2501 studeamus
2189 2450 2489 2515 imponere,

1418 2537 1471 2576 et
1535 2523 1665 2575 totis
1719 2522 1926 2574 viribus
1972 2524 2037 2574 de
2090 2521 2493 2589 impedimentis

1421 2597 1613 2650 mundi
1647 2596 1805 2647 istius
1842 2595 2102 2663 fugiendo
2149 2597 2356 2662 aliquas
2395 2596 2495 2646 ho-

1422 2686 1509 2720 ras
1564 2684 1820 2735 quaerere,
1851 2668 1905 2717 in
1947 2668 2149 2748 quibus
2187 2682 2284 2732 pro
2324 2667 2497 2717 salute

1422 2740 1618 2790 animae
1666 2749 1862 2789 nostrae
1904 2737 2134 2788 orationi
2175 2743 2232 2788 et
2273 2736 2494 2798 lectioni

1423 2828 1712 2881 possumus
1740 2811 2034 2861 intendere.
2071 2810 2288 2875 »Igitur
2315 2825 2347 2861 a
2382 2819 2496 2860 toto

1425 2886 1612 2935 affectu
1653 2893 1706 2933 et
1733 2898 1890 2948 posse
1928 2891 2022 2931 tuo
2051 2880 2262 2931 coneris
2292 2880 2495 2931 imitari

1426 2956 1724 3008 Dominum
1752 2955 1937 3005 Jesum
1971 2953 2028 3002 in
2074 2953 2383 3012 solitudine,
2415 2953 2498 3018 je-

1427 3027 1596 3094 junio,
1629 3024 1889 3084 oratione,
1916 3034 1968 3074 et
1986 3024 2224 3090 corporis
2248 3024 2500 3075 afflictio-

1431 3097 1593 3148 nibus
1613 3095 1878 3146 discretis.

1494 3166 1527 3217 6
1562 3166 1686 3217 Cui(
1720 3180 1918 3215 aasrus
1946 3181 2015 3214 Er
2052 3165 2287 3215 ANGEms
2319 3178 2502 3215 Furssz:

1431 3238 1698 3289 Cmusrus
1721 3252 1959 3287 mertun.
1993 3264 2054 3274 —
2087 3236 2165 3287 De
2196 3251 2305 3301 quo
2338 3235 2500 3285 etiam

1434 3308 1688 3360 scribitur
1738 3309 1884 3389 quod
1936 3316 2056 3358 erat
2098 3322 2219 3356 cum
2279 3305 2500 3357 bestiis:

1434 3380 1635 3431 scilicet
1657 3379 1823 3442 ursiS‚
1845 3378 2112 3437 leonibus,
2132 3387 2180 3427 et
2207 3376 2328 3427 aliis
2354 3375 2501 3437 feris,

1435 3449 1671 3517 pacifice;
1706 3456 1758 3500 et
1775 3449 1977 3515 Angeli
1999 3447 2376 3498 ministrabant
2399 3446 2503 3498 illi.

1436 3523 1495 3573 In
1526 3521 1631 3572 hoc
1660 3536 1787 3587 ergo
1812 3520 1958 3571 disce
1982 3520 2123 3569 inter
2150 3517 2286 3567 alios
2314 3515 2507 3568 humi-

1435 3594 1559 3646 liter
1580 3592 1899 3656 conversari,
1945 3602 1998 3642 et
2023 3589 2404 3656 aequanimiter
2419 3599 2509 3639 to-

1438 3666 1607 3716 lerare
1647 3679 1738 3714 eos
1790 3662 1883 3731 qui
1935 3662 2226 3728 aliquando
2282 3660 2382 3711 tibi
2419 3659 2509 3710 vi·-

1440 3737 1631 3787 dentur
1688 3733 2122 3786 irrationabiliter
2174 3747 2230 3782 se
2280 3731 2509 3795 habere3

1441 3810 1570 3875 quia
1597 3824 1694 3877 per
1735 3808 1839 3857 hoc
1878 3805 2152 3856 moraliter
2180 3804 2511 3864 insinuatur,

1444 3881 1591 3948 quod
1630 3879 1746 3942 illi,
1782 3893 2016 3945 quorum
2057 3876 2378 3929 sensualitas
2399 3875 2510 3927 sub
