2784 4452
385 256 492 307 318

383 381 668 436 temptum.
696 369 755 421 Si
782 371 868 423 vis
891 372 1081 425 beatus
1103 388 1239 436 esse,
1270 372 1317 423 si
1353 372 1461 424 fide

383 445 544 503 bona,
573 444 670 502 vir,
705 445 911 509 bonus;
962 447 1081 497 sine
1130 457 1183 496 te
1229 448 1459 497 stultum

385 515 578 580 videri;
626 516 746 568 sine
792 529 1098 570 contemnat
1149 528 1201 569 te
1242 519 1458 586 aliquis,

383 589 646 656 Quisquis
694 592 869 652 volet,
919 592 1020 642 tibi
1070 593 1458 643 contumeliam

382 660 539 711 faciat
569 671 620 711 et
660 661 912 726 injuriam
923 679 940 726 ;
992 672 1051 712 tu
1100 673 1279 713 tamen
1318 662 1459 715 nihil

383 731 621 797 patieriS,
647 732 693 783 si
708 734 871 784 modo
895 743 1071 784 tecum
1085 734 1188 785 erit
1203 734 1380 785 virtus
1397 752 1414 786 :
1429 754 1457 783 η

383 802 502 852 haec
528 802 755 853 Seneca.

453 890 516 939 17
553 875 659 925 Eos
707 890 902 925 namna
955 892 1197 928 8113me
1241 892 1310 927 an
1356 892 1458 928 nt-

384 960 637 996 nmrnm
671 961 962 997 ruovocar.
1001 974 1065 985 -
1106 948 1236 997 Non
1275 948 1459 999 solum

375 1026 564 1065 autem
610 1016 852 1080 praemio,
882 1017 976 1067 sed
999 1017 1167 1068 etiam
1191 1018 1458 1083 exemp10,

383 1102 481 1137 eos
507 1087 573 1136 ad
602 1087 916 1151 patientiam
939 1098 1205 1156 provocat,
1236 1099 1289 1140 et
1311 1089 1460 1155 rigo-

383 1172 497 1206 rem
546 1156 956 1209 tribulationum
1001 1169 1284 1225 temperat,
1326 1175 1460 1209 con-

382 1228 697 1295 fortansque
744 1246 838 1281 eos
871 1233 1118 1297 exemplo
1161 1231 1459 1297 Propheta-

384 1314 526 1357 rum,
570 1309 623 1349 et
669 1302 899 1352 suadens
945 1303 1013 1352 ad
1058 1302 1457 1360 sustinendum,

375 1371 803 1422 consolationem
831 1373 910 1423 eis
939 1374 1009 1423 de
1036 1373 1252 1424 illorum
1282 1372 1461 1423 socie-

383 1452 488 1493 tate
515 1455 746 1509 praestat,
771 1446 868 1511 qui
903 1455 1025 1497 ante
1075 1462 1166 1497 eos
1204 1445 1461 1497 afflictio-

387 1531 483 1566 nes
509 1517 682 1568 varias
712 1519 1076 1584 pertulerunt,
1109 1518 1295 1569 dicens
1319 1535 1334 1570 ε
1364 1518 1461 1569 Sic

383 1587 549 1649 enim,
596 1589 915 1649 crudeliter,
979 1589 1348 1655 multipliciter
1407 1598 1461 1640 et

388 1660 712 1711 incessanter
748 1662 1017 1727 persecuti
1056 1668 1180 1711 sunt
1207 1662 1459 1727 Prophe-

389 1736 491 1791 tar,
539 1744 693 1781 veros
704 1768 721 1795 ‚
768 1742 830 1782 ut
863 1732 1177 1796 lei-emim,
1230 1732 1458 1793 Isaiam,

387 1810 441 1850 et
520 1801 684 1862 alioS,
759 1802 854 1867 qui
894 1807 1027 1853 ante
1087 1817 1184 1853 vos
1208 1803 1456 1867 suerunt,

389 1871 518 1937 quia
581 1888 681 1938 pro
745 1872 965 1923 veritate
1033 1874 1458 1939 persecutionem

389 1954 517 1993 sunt
596 1944 738 2011 passi
759 1981 776 2005 ,
841 1953 894 1995 et
961 1944 1036 1995 ita
1098 1946 1224 1995 dant
1303 1944 1460 1995 vobis

385 2016 695 2081 exemplum
767 2026 820 2067 et
871 2017 1118 2067 animum
1201 2016 1457 2083 patiendi.

390 2085 560 2145 Quasi
604 2087 804 2138 diceret
850 2103 866 2138 z
916 2088 1036 2139 Non
1087 2088 1359 2140 miremini
1411 2088 1457 2139 si

392 2176 490 2211 vos
527 2160 845 2228 patiamini,
889 2162 1020 2229 quia
1063 2178 1174 2212 non
1220 2173 1302 2213 est
1347 2177 1455 2213 no-

391 2247 543 2293 vum,
573 2248 667 2283 nec
716 2232 1016 2285 insolitum.
1052 2235 1277 2284 Illorum
1325 2249 1455 2300 ergo

385 2305 699 2369 exemplum
738 2319 835 2355 vos
879 2305 1094 2364 doceat,
1138 2304 1186 2355 si
1234 2304 1457 2355 illorum

392 2392 490 2426 vos
537 2377 809 2428 beatitudo
858 2387 911 2428 et
968 2376 1155 2428 loetitia
1201 2378 1454 2441 delectat;

391 2447 611 2498 illorum
658 2449 964 2513 exemplum
997 2464 1093 2499 vos
1135 2448 1339 2511 invitet,
1389 2464 1458 2499 ne

394 2518 587 2568 timore
631 2517 890 2585 deficiatis
936 2535 1034 2585 pro
1072 2519 1320 2581 veritate,
1358 2536 1456 2586 pro

392 2604 497 2654 qua
517 2588 619 2654 ipsi
645 2589 784 2654 passi
807 2599 936 2639 sunt
962 2589 1079 2640 sine
1097 2592 1341 2657 exemplo
1365 2607 1459 2641 eos

393 2659 670 2710 invitante.
698 2661 1003 2709 Secundum
1029 2661 1173 2711 hunc
1202 2663 1455 2726 modurn,

357 2788 360 2791 ‚
392 2730 600 2780 ostendi
617 2731 754 2781 solet
779 2731 1318 2798 elephantissanguis
1336 2750 1456 2784 uvae

389 2811 447 2852 et
473 2801 644 2861 mori,
674 2803 741 2852 ad
785 2803 1085 2852 acuendum
1115 2818 1207 2853 eos
1235 2803 1288 2853 in
1313 2820 1456 2869 prae-

391 2872 549 2923 lium.
603 2872 865 2923 Similiter
923 2873 1082 2924 nobis
1139 2875 1457 2941 proponitur

389 2947 699 3011 exemplum
722 2945 922 2996 Christi
952 2955 1023 3025 et,
1042 2958 1356 3013 martyrum,
1390 2950 1458 2999 ad

394 3014 806 3065 confortandum
855 3031 956 3065 nos
999 3032 1056 3066 in
1111 3017 1459 3068 tribulatione

391 3085 840 3151 persecutionum.
861 3086 932 3136 Et
952 3086 1148 3137 idcirco
1170 3088 1457 3153 propositae

389 3157 577 3224 gloriae
615 3158 899 3224 praemium
952 3159 1361 3220 consideranteS‚
1389 3162 1457 3211 ad

389 3244 609 3280 omnem
647 3228 986 3280 tolerantiam
1017 3230 1307 3296 passionis,
1357 3231 1457 3280 de-
1496 3294 1499 3297 Ι

387 3312 512 3353 vota
554 3301 659 3352 fide
678 3340 695 3363 ,
740 3303 905 3368 parati
931 3318 1049 3353 esse
1094 3303 1368 3368 debemus,
1397 3313 1457 3354 ut

392 3382 663 3422 consortes
682 3372 861 3438 gloriae
885 3372 1269 3438 Prophetarum
1294 3384 1457 3440 atque

393 3444 792 3509 Apostolorum,
823 3443 959 3494 effici
986 3454 1303 3495 mereamur.
1335 3447 1455 3497 Non

394 3531 521 3582 ergo
547 3517 703 3567 debet
730 3516 856 3583 quis
898 3516 1093 3566 timore
1128 3519 1456 3583 persecutio-

393 3587 480 3637 nis
517 3588 793 3639 veritatem
832 3589 1089 3648 deserere,
1142 3589 1235 3639 sed
1274 3589 1456 3655 potius

396 3658 488 3709 ubi
517 3659 766 3710 Christus
794 3660 851 3710 in
879 3675 1037 3710 causa
1072 3671 1170 3720 est,
1201 3677 1455 3726 persecu-

389 3729 602 3779 tionem
653 3730 907 3783 affectare.
987 3731 1060 3782 Ut
1113 3731 1261 3782 enim
1325 3732 1455 3784 dicit

394 3799 685 3864 Apostolus
729 3819 743 3852 :
791 3802 984 3857 Omnes
1023 3802 1116 3867 qui
1150 3803 1244 3868 pie
1276 3803 1455 3855 vivere

401 3870 582 3923 volunt
615 3871 670 3924 in
700 3873 916 3928 Christo
942 3874 1092 3939 Jesu,
1116 3875 1456 3940 persecutio-

981 255 1221 306 pmmss
1255 214 1504 312 PARns
1534 256 1770 309 CAPUT
1798 260 2034 311 xxxm.

1564 389 1683 426 nem
1717 376 2021 442 patiuntur.
2055 376 2112 429 Si
2150 393 2280 444 ergo
2309 380 2643 443 persecutio-

1567 461 1694 496 nem
1742 447 1957 512 pateris,
2006 449 2202 500 habeto
2233 449 2288 499 id
2323 451 2543 516 signum
2572 451 2641 502 in

1568 515 1792 577 bonum,
1824 518 1954 584 quia
1988 519 2083 585 pie
2126 520 2184 570 in
2226 520 2444 571 Christo
2473 520 2642 572 vivis.

1566 587 1705 637 Nam
1731 587 1779 638 si
1808 604 1919 640 non
1952 590 2149 654 pateris
2184 591 2643 656 persecutionem,

1568 674 1680 708 non
1708 658 1790 710 vis
1806 660 1900 724 pie
1924 661 2104 713 vivere
2131 662 2186 712 in
2218 661 2454 714 Christo.
2480 664 2645 715 Unde

1564 731 1885 783 Ambosius
1903 750 1922 783 .-
1946 751 1976 780 «
1997 733 2074 784 Et
2096 734 2321 785 fortasse
2356 751 2481 785 cum
2504 750 2643 801 pet-

1565 803 1867 855 secutiones
1895 822 2007 857 non
2057 806 2322 872 patimur,
2372 818 2639 874 tanquam

1563 874 1905 925 condemnati
1946 876 2230 940 habemur,
2258 878 2390 942 quia
2417 892 2638 944 nequa-

1562 959 1728 1009 quam
1746 945 1842 1011 pie
1870 947 2050 998 vivere
2094 939 2345 998 volumus
2386 948 2440 998 in
2468 948 2643 999 Chri-

1566 1020 1670 1066 sto.
1697 1016 1840 1067 Nam
1866 1018 2057 1084 utique
2076 1055 2095 1080 ,
2135 1034 2262 1068 cum
2302 1019 2378 1068 sit
2409 1018 2642 1069 definita

1565 1087 1858 1147 sententia,
1911 1090 2058 1154 quod
2110 1104 2292 1140 omnes
2318 1090 2412 1155 qui
2446 1090 2657 1140 voluat-

1560 1157 1654 1222 pie
1674 1158 1854 1208 vivere
1879 1158 1937 1209 in
1963 1160 2180 1210 Christo
2207 1160 2357 1223 Jesu,
2381 1174 2641 1226 persecu-

1562 1228 1737 1300 ti0nes
1786 1228 2073 1294 patiuntur
2119 1247 2140 1281 .-
2180 1230 2389 1280 videtur
2432 1230 2478 1281 is
2529 1233 2635 1298 qui

1563 1299 1961 1363 persecutiones
1971 1317 2084 1351 non
2101 1300 2320 1366 patitur,
2334 1300 2634 1365 abdicatuS,

1561 1371 1711 1436 quod
1766 1387 1877 1423 non
1926 1371 2000 1422 sit
2044 1373 2144 1439 piae
2206 1372 2526 1423 intentionis
2572 1372 2637 1423 in

1564 1441 1801 1493 Christo.
1860 1441 2212 1494 Devotionem
2294 1444 2438 1494 enim
2502 1442 2633 1495 fidei

1564 1512 1744 1576 praelia
1763 1523 2066 1580 sequuntur
2080 1531 2096 1564 2
2109 1533 2137 1562 »
2159 1514 2273 1565 haec
2289 1513 2633 1566 Ambrosius.

1561 1584 1670 1634 Sed
1715 1585 1912 1637 diceret
1956 1586 2152 1653 aliquis
2199 1605 2213 1637 ε
2246 1587 2419 1637 Nemo
2453 1596 2637 1652 potest

1564 1657 1728 1706 modo
1756 1667 1975 1723 propter
1999 1658 2423 1722 persecutionem
2459 1656 2635 1707 attin-

1564 1743 1689 1793 gere
1714 1730 1782 1779 ad
1807 1730 2211 1791 beatitudinem,
2244 1730 2374 1797 quia
2399 1745 2546 1780 nunc
2574 1729 2634 1779 in

1565 1814 1691 1863 pace
1745 1800 2051 1851 consistunt
2090 1802 2303 1862 omnia,
2344 1811 2397 1851 et
2448 1811 2635 1852 sancta

1564 1869 1803 1920 Ecclesia
1839 1870 1948 1922 fere
1982 1872 2054 1922 de
2080 1872 2227 1923 nulla
2255 1882 2402 1938 parte
2428 1870 2636 1937 patitur

1564 1940 1798 1991 adversa.
1839 1941 1921 1992 Ad
1950 1943 2098 2008 quod
2130 1942 2433 2002 dicendum,
2480 1944 2630 2008 quod

1564 2011 1770 2078 ubique
1798 2014 2121 2066 tentationes
2148 2025 2302 2075 sunt,
2344 2024 2398 2065 et
2441 2031 2633 2082 perse—

1561 2083 1825 2145 cutioneS,
1846 2084 1976 2150 quia
2002 2085 2247 2151 quotidie
2275 2086 2332 2135 in
2351 2086 2637 2151 penetrali—

1564 2155 1666 2204 bus
1719 2165 1915 2207 sanctae
1979 2155 2227 2207 Ecclesiae
2292 2156 2636 2229 persequitur

1562 2226 1699 2278 Cain
1721 2228 1875 2292 Abel,
1896 2229 2083 2279 Ismael
2102 2230 2263 2290 Isaac,
2280 2230 2425 2279 Esau
2443 2230 2633 2289 Jacob,

1562 2297 1617 2348 id
1657 2309 1737 2349 est
1768 2298 1969 2365 impius
2018 2300 2241 2364 justum.
2289 2301 2360 2351 Et
2409 2301 2455 2351 si
2503 2300 2637 2367 quis

1561 2373 1984 2438 persecutionem
2014 2391 2121 2425 non
2171 2375 2369 2441 patitur
2419 2375 2488 2425 ab
2529 2390 2634 2425 ex-

1562 2443 1780 2507 traneis,
1810 2444 2010 2510 patitur
2034 2454 2213 2494 tamen
2250 2461 2282 2494 a
2326 2444 2477 2494 falsis
2520 2443 2635 2495 fra—

1562 2514 1754 2565 tribus.
1804 2516 1998 2567 Omrtes
2035 2517 2174 2568 enim
2207 2517 2298 2582 qui
2319 2517 2414 2582 pie
2446 2516 2635 2567 volunt

1563 2588 1740 2639 vivere
1760 2588 1816 2640 in
1851 2590 2083 2653 Christo,
2101 2591 2523 2656 persecutionem
2529 2605 2633 2656 pa·

1560 2658 1784 2710 liuntur.
1837 2660 1954 2710 Etsi
1995 2676 2104 2709 non
2146 2660 2344 2726 patitur
2370 2660 2497 2725 quis
2526 2675 2632 2710 ex·-

1560 2730 1837 2792 trinsecus,
1859 2731 2058 2796 patitur
2081 2742 2262 2782 tamen
2283 2733 2629 2791 intrinsecus,

1561 2814 1616 2855 et
1639 2819 1671 2854 a
1698 2805 1956 2870 nequitiis
1984 2806 2374 2871 spiritualibus,
2409 2806 2483 2856 Et
2501 2805 2633 2870 quia

1565 2891 1678 2925 non
1706 2887 1915 2927 cessant
1960 2877 2370 2942 persecutiones,
2414 2876 2630 2942 patien-

1561 2946 1637 2997 tia
1663 2946 1823 2997 nobis
1848 2947 2143 2998 necessaria
2166 2958 2267 3007 est,
2299 2957 2357 2997 ut
2385 2957 2630 3013 reporte-

1564 3031 1688 3066 mus
1717 3016 2181 3082 repromissiones.
2214 3018 2308 3067 Vae
2335 3027 2515 3067 autem
2539 3017 2632 3068 his

1560 3087 1658 3153 qui
1706 3088 1934 3153 perdunt
1980 3088 2291 3154 patientiam
2320 3126 2333 3147 ,
2397 3088 2528 3153 quia
2574 3098 2632 3140 et

1565 3160 1799 3226 perdunt
1850 3160 2117 3225 patientiae
2172 3176 2444 3212 coronam.
2505 3161 2630 3211 Non

1561 3246 1693 3296 ergo
1746 3246 2178 3295 murmuremus,
2226 3233 2271 3283 si
2326 3232 2384 3282 in
2439 3231 2630 3298 paucis

1560 3316 1835 3363 vexemur,
1855 3301 1987 3368 quia
2009 3301 2068 3353 in
2084 3302 2272 3355 multis
2288 3303 2423 3353 bene
2447 3303 2632 3369 dispo—

1559 3385 1772 3421 nemur.

1629 3441 1693 3492 18
1724 3443 1897 3494 Lucas
1927 3459 2178 3503 Qua-ruon
2216 3461 2435 3495 rau-run
2462 3460 2629 3497 roma·

1560 3529 1962 3576 nurtrunmas,
1999 3530 2094 3566 sm>
2123 3531 2356 3567 rormt-:n
2392 3532 2627 3567 mam-

1558 3603 1776 3639 cnonas
1820 3604 2262 3641 naa-rummiens
2307 3606 2634 3641 connum-rt·

1558 3675 1673 3713 vas·
1700 3689 1762 3700 —
1784 3661 1862 3712 De
1906 3662 1993 3713 his
2034 3672 2155 3713 octo
2183 3663 2627 3725 beatitudinibus,

1559 3749 1694 3800 quas
1718 3734 1874 3800 ponit
1899 3735 2200 3798 Matthaeus,
2242 3745 2475 3802 quatuor
2502 3746 2630 3787 tan-

1558 3814 1676 3856 tum
1733 3806 1886 3873 ponit
1936 3807 2123 3858 Lucas.
2170 3807 2293 3866 Sed,
2324 3808 2627 3860 secundum

1559 3875 1984 3942 Ambrosiumstn
1998 3877 2119 3930 istis
2129 3877 2378 3940 octo,illoe
2390 3889 2631 3946 quatuor
