2784 4452
618 230 713 280 DE
745 229 1370 282 INCARCERATIONE
1405 230 1700 283 JOANNIS
1738 235 2119 289 BAPTISTAE.

249 348 378 416 quia
404 348 560 398 Jesus
617 357 669 397 et
716 346 1045 412 baptizabat,
1098 357 1151 398 et
1209 364 1316 398 non

251 420 588 486 baptizabat:
616 419 913 485 baptizabat
962 421 1138 480 enim,
1191 422 1317 487 quia

250 492 366 557 ipse
394 490 709 554 mundabat3
729 505 839 540 non
859 491 1175 556 baptizabat,
1189 492 1317 558 quia

246 563 361 629 ipse
384 578 493 612 non
522 562 788 628 tingebat;
825 562 1132 627 praebebant
1159 563 1316 612 disci-

245 636 361 702 puli
386 634 748 685 ministerium
766 634 1025 700 corporis,
1048 635 1317 699 praebebat

246 708 339 758 ille
365 705 694 772 adjutorium
733 705 1022 770 majestatis
1043 746 1057 769 ,
1090 707 1157 756 de
1203 723 1313 773 quo

246 778 452 828 dictum
494 786 573 827 est
602 793 616 826 :
644 777 729 827 hic
769 781 852 827 est
903 776 995 841 qui
1040 776 1310 845 baptizat,

246 859 346 901 etc.
372 869 399 897 n

313 937 343 972 2
378 922 780 972 stcxpumnm«
828 921 1048 972 Joanms
1090 938 1312 972 numm-

244 1008 425 1044 nnuo,
453 1021 513 1030 —
536 993 774 1043 Joannes
799 999 977 1043 autem
1004 993 1343 1061 baptizabat·

244 1065 299 1116 in
329 1064 546 1125 AEnon,
583 1063 756 1130 juxta
806 1064 1010 1127 Salem,
1049 1064 1307 1129 oppidum

243 1150 409 1202 prope
437 1135 724 1184 Jordanem
753 1133 945 1194 situm,
983 1134 1110 1199 quia
1151 1150 1309 1200 aquae

240 1206 424 1256 multae
454 1205 567 1256 illic
596 1211 779 1268 erant,
830 1206 977 1272 quod
1024 1216 1104 1256 est
1144 1207 1305 1256 etiam

240 1276 603 1343 interpretatio
643 1278 758 1343 ejus
805 1277 950 1344 quod
997 1276 1193 1328 dicitur
1248 1278 1304 1328 in

237 1353 441 1404 AEnon.
474 1353 648 1403 AEnos
681 1352 828 1401 enim
860 1351 1136 1412 Hebraice,
1161 1352 1304 1403 dici-

238 1432 329 1474 tur
355 1438 496 1489 aqua
536 1421 742 1473 Latine.
774 1423 839 1472 Et
874 1422 1063 1472 dicunt
1098 1423 1300 1489 aliqui,

235 1496 384 1563 quod
432 1497 537 1547 hoc
588 1495 882 1561 oppidum,
919 1495 1025 1546 alio
1079 1497 1302 1549 nomine

234 1576 455 1618 vocetur
490 1566 690 1625 Salem,
721 1575 771 1615 et
801 1565 871 1616 sit
904 1564 1053 1616 locus
1081 1567 1176 1617 ubi
1212 1583 1301 1618 re-

235 1638 419 1705 gnavit
463 1636 854 1687 Melchisedech
878 1674 892 1698 ,
936 1637 1029 1687 sed
1071 1638 1176 1689 hoc
1222 1649 1301 1690 est

236 1709 435 1760 falsum
460 1726 474 1759 t
504 1708 633 1775 quia
666 1708 866 1772 Salem,
912 1707 1008 1758 ubi
1062 1710 1302 1775 regnavit

235 1779 649 1842 Melchisedech,
681 1778 825 1828 idem
852 1788 930 1829 est
959 1781 1103 1845 quod
1139 1782 1298 1832 Jeru-

235 1855 427 1906 salem.
478 1853 612 1903 Nam
651 1852 824 1918 ipsam
853 1852 1131 1904 aedificavit
1160 1856 1298 1905 Mel-

234 1924 536 1988 chisedech,
559 1934 611 1974 et
635 1923 809 1989 primo
834 1924 975 1974 dicta
999 1936 1077 1975 est
1099 1927 1297 1988 Salem,

234 1995 291 2047 id
321 2006 400 2046 est
417 1994 667 2062 pacifica,
691 2010 755 2045 ex
777 1995 1088 2047 conditione
1116 1998 1297 2064 Regis,

234 2067 330 2134 qui
372 2067 610 2133 regnavit
650 2068 708 2117 in
747 2083 892 2133 pace.
938 2069 1124 2120 Postea
1160 2072 1298 2122 dicta

231 2149 315 2189 est
341 2139 651 2198 Jerusalem,
682 2154 712 2188 a
741 2148 979 2204 ternpore
1001 2156 1111 2207 quo
1138 2142 1299 2193 Abra-

231 2209 361 2261 ham
388 2208 559 2260 voluit
586 2208 661 2259 ibi
692 2208 881 2261 offerre
909 2209 1083 2262 filium
1114 2229 1293 2274 suum,

230 2280 358 2347 quia
384 2281 563 2330 locum
604 2279 758 2330 illum
794 2282 1077 2346 appellavit
1101 2283 1294 2334 Domi-

229 2367 329 2403 nus
372 2352 531 2402 videt.
568 2352 633 2401 Et
673 2351 745 2402 ita
785 2352 1078 2403 Jerusalem
1122 2354 1293 2405 inter-

226 2433 467 2490 pretatur
485 2423 621 2473 visio
629 2423 804 2489 paciS,
840 2424 968 2490 quia
979 2440 1101 2475 cum
1119 2426 1293 2491 prima

224 2494 666 2561 interpretatione
691 2494 869 2544 addita
895 2506 975 2545 est
994 2497 1147 2548 visio,
1171 2498 1290 2549 Mit-

221 2566 366 2617 tebat
394 2576 572 2616 autem
608 2567 840 2616 Joannes
875 2568 942 2616 ad
977 2567 1160 2618 Jesum
1190 2569 1289 2619 ba-

220 2639 410 2705 ptizari
452 2654 544 2689 eos
585 2638 679 2705 qui
714 2638 998 2690 veniebant
1035 2641 1100 2691 ad
1132 2657 1284 2706 eum;

220 2709 314 2760 sed
337 2726 442 2759 non
464 2709 813 2760 mittebantur
840 2711 903 2759 ad
923 2711 1183 2763 Joannem
1208 2729 1290 2763 ve-

219 2777 432 2830 nientes
462 2780 527 2828 ad
551 2779 753 2829 Jesum.
781 2779 932 2830 Sicut
961 2792 1083 2832 ante
1113 2783 1290 2848 Bapti-

218 2865 402 2902 smum
421 2850 643 2914 Christi,
662 2851 891 2901 Joannes
918 2852 1214 2918 baptizabat
1233 2855 1286 2903 in

218 2920 444 2970 nomine
494 2920 698 2970 Christi
735 2921 979 2985 venturi3
1032 2922 1109 2972 sic
1163 2935 1286 2989 post

215 2991 556 3057 Baptismum
586 2990 818 3053 Christi,
864 2991 988 3041 illos
1015 3008 1155 3058 quos
1185 2994 1284 3043 ba-

214 3061 472 3128 ptizabat,
502 3060 567 3109 ad
593 3060 871 3111 Christum
901 3061 1174 3126 mittebat;
1207 3064 1285 3114 sic

216 3142 271 3183 et
325 3147 487 3183 suum
533 3131 907 3182 testimonium
950 3133 1016 3183 de
1061 3133 1282 3185 Christo

215 3202 588 3254 confirmabat.
620 3204 684 3254 Et
723 3204 916 3254 exinde
956 3205 1182 3265 turbati,
1229 3216 1281 3257 et

211 3273 420 3325 invidia
452 3273 610 3332 moti,
654 3273 906 3340 discipuli
945 3275 1196 3336 Joannis‚
1228 3286 1279 3327 et

208 3346 496 3397 indiscrete
514 3346 745 3397 zelantes
765 3363 864 3412 pro
883 3348 1140 3414 magistro
1160 3364 1277 3411 su0,

207 3419 557 3483 volentesque
625 3416 871 3483 praeferre
947 3419 1276 3484 baptismum

205 3488 321 3554 ejus
367 3488 569 3541 Christi
620 3489 921 3555 Baptism0‚
965 3506 1275 3542 murmura-

204 3557 338 3610 bant
383 3559 528 3626 quod
591 3559 833 3626 magistri
899 3561 982 3611 sui
1046 3562 1271 3628 gloriam

202 3630 438 3692 zelabat,
495 3630 623 3696 quia
670 3629 951 3682 videbatur
997 3632 1075 3683 eis
1124 3634 1270 3699 quod

201 3701 448 3768 magistri
496 3702 579 3752 sui
624 3712 676 3753 et
715 3702 965 3767 baptismi
1016 3705 1131 3770 ejus
1169 3720 1270 3756 au—

201 3772 504 3822 ctoritatem
556 3773 840 3823 minueret.
884 3774 949 3823 Et
977 3774 1141 3840 facta
1190 3781 1270 3826 est

201 3843 447 3905 quaestio,
479 3851 532 3892 et
558 3844 944 3905 controversia,
978 3845 1045 3896 de
1064 3845 1269 3913 purzfi-

329 3959 468 4011 Viu
493 3959 621 4012 Jasu
649 3960 886 4027 Camari,
915 3977 1088 4015 roxus
1120 3963 1160 4016 1.

2390 242 2491 309 273

1426 349 1652 413 catione,
1676 352 1730 402 id
1751 363 1829 403 est
1848 353 2143 420 Baptismo,
2160 370 2194 406 a
2213 357 2497 426 discipulis
2518 369 2529 386 “·

1421 420 1669 483 JoanniS,
1704 422 2113 475 defendentibus
2141 428 2381 493 magistri
2409 430 2492 480 sui

1423 491 1770 556 baptismum,
1799 503 1850 544 et
1879 496 2198 559 putantibus
2226 513 2350 549 eum
2377 515 2496 551 ma-

1420 562 1588 625 jorem
1649 562 1896 624 Christo,
1949 580 2114 631 quem
2178 568 2420 621 viderant
2462 588 2495 623 a

1417 632 1638 692 Joanne‚
1669 633 1823 699 quasi
1857 636 2058 700 majore
2080 675 2093 697 ,
2131 638 2488 705 baptizatum3

1419 717 1536 752 cum
1583 705 1812 768 Judaeis‚
1860 706 1915 756 id
1952 717 2033 758 est
2085 709 2285 759 Christi
2321 704 2524 763 disci—'

1419 772 1594 837 pulis,
1647 784 1701 825 et
1748 776 1867 827 aliis
1927 778 1994 828 ad
2057 778 2259 830 Christi
2304 782 2490 848 Bapti-

1419 859 1599 894 smum
1657 847 2034 910 venientibuS,
2084 859 2137 899 et
2183 852 2353 917 magis
2421 855 2488 905 ad

1417 916 1595 982 ipsum
1614 958 1628 978 ,
1671 930 1890 986 propter
1917 921 2175 972 miracula
2215 925 2487 977 currenti-

1418 987 1517 1037 bus
1583 998 1634 1038 et
1690 989 1995 1041 dicentibus
2061 992 2321 1057 majorem
2375 1009 2490 1047 esse

1416 1060 1715 1125 Christum,
1742 1073 1793 1113 et
1812 1065 1876 1113 ad
1897 1064 2010 1129 ejus
2033 1065 2212 1114 deberi
2239 1069 2483 1121 concurri

1415 1132 1755 1197 Baptismum
1777 1143 2035 1200 tanquam
2060 1136 2126 1185 ad
2146 1137 2483 1202 Baptismum

1413 1204 1729 1264 meliorem,
1773 1205 1902 1271 quia
1950 1207 2183 1256 Joannes
2238 1210 2484 1262 mittebat

1411 1292 1550 1342 quos
1576 1277 1875 1343 baptizabat
1901 1278 1967 1327 ad
1981 1279 2185 1344 Jesum,
2204 1283 2484 1335 nonJesus

1409 1348 1655 1400 mittebat
1699 1365 1837 1416 quos
1875 1351 2179 1417 baptizabat
2220 1353 2287 1403 ad
2313 1355 2482 1405 Joan-

1408 1435 1553 1471 nem.

1473 1489 1501 1540 3
1539 1490 1944 1543 Iurannoonrus
2003 1509 2069 1543 An
2123 1508 2204 1544 ms
2249 1494 2481 1549 Jomnsss

1408 1575 1703 1611 asponon·
1730 1577 2005 1612 onom-muz
2035 1563 2316 1614 Cnmswu
2345 1580 2480 1616 can·-

1407 1645 1585 1691 scmuz,
1637 1647 1697 1681 sa·
1743 1648 1922 1682 ,nu-rm«
1966 1649 2137 1685 mum.
2161 1663 2222 1672 —
2254 1636 2319 1686 Et
2365 1636 2480 1689 haec

1406 1704 1636 1769 quaestio
1659 1705 1724 1755 ad
1747 1706 2006 1757 Joannem
2036 1722 2129 1773 per
2162 1723 2290 1759 suos
2317 1709 2479 1762 disci-

1407 1778 1564 1843 pulos
1609 1788 1690 1829 est
1734 1780 1932 1840 delata,
1964 1790 2017 1831 et
2044 1782 2387 1847 querimonia
2409 1784 2476 1836 de

1405 1849 1624 1901 Christo
1682 1850 1816 1902 facta
1867 1852 2014 1918 quod
2071 1853 2389 1920 baptizaret,
2423 1865 2477 1908 et

1404 1922 1585 1986 plures
1622 1923 1689 1973 ad
1741 1938 1867 1973 eum
1915 1940 2080 1990 quam
2119 1926 2184 1975 ad
2212 1926 2474 1979 Joannem

1403 2005 1695 2056 currerent,
1716 1999 1859 2047 unde
1880 1998 1996 2048 zelo
2025 1998 2313 2050 indiscreto
2338 2001 2471 2052 moti

1404 2065 1663 2117 dixerunt
1704 2067 1779 2128 ei,
1817 2067 2018 2130 Rabbi,
2049 2084 2171 2118 cum
2195 2069 2270 2119 sis
2297 2073 2473 2122 excel-

1401 2135 1569 2185 lenter
1615 2137 1871 2202 magister
1894 2138 2168 2200 omnium,
2203 2149 2253 2190 et
2294 2142 2472 2207 magi-

1404 2205 1501 2256 stri
1524 2206 1719 2257 debeas
1738 2207 1936 2258 habere
1958 2208 2204 2273 gloriam,
2235 2212 2327 2277 qui
2350 2220 2471 2264 erat

1400 2283 1585 2339 tecum,
1620 2277 1757 2328 sicut
1783 2294 1906 2328 curn
1926 2278 2290 2345 principaliori
2315 2288 2469 2334 trans

1399 2347 1723 2410 Jordanem,
1754 2348 1848 2398 ubi
1884 2364 2009 2399 eum
2037 2351 2190 2415 quasi
2220 2351 2466 2419 discipu·
2520 2408 2529 2413 ,

1396 2417 1511 2467 lum
1541 2418 1850 2484 baptizasti,
1880 2428 1932 2469 et
1959 2420 2037 2470 sic
2065 2421 2384 2473 beneficium
2414 2425 2464 2475 ei

1395 2488 1706 2552 praestitisti,
1722 2489 1812 2539 cui
1830 2495 1885 2539 tu
1909 2491 2266 2542 testimonium
2282 2495 2463 2560 perhi-

1395 2558 1570 2620 buisti,
1595 2558 1649 2608 id
1677 2570 1756 2610 est
1781 2576 1943 2626 quem
1972 2570 2031 2612 tu
2060 2562 2261 2613 clarum
2281 2575 2463 2616 osten-

1392 2627 1538 2688 disti,
1563 2639 1615 2679 et
1644 2629 1721 2679 sic
1753 2646 2011 2697 magnum
2049 2631 2314 2684 honorem
2346 2634 2458 2685 im-

1391 2700 1658 2765 pendisti3
1693 2715 1811 2752 ecce
1859 2702 1973 2764 hic,
2027 2716 2058 2752 a
2102 2711 2153 2752 te
2208 2720 2460 2770 separans

1391 2788 1533 2823 nunc
1556 2773 1812 2841 baptizat,
1830 2783 1884 2824 et
1906 2776 2091 2824 eadem
2114 2774 2213 2826 tibi
2232 2778 2455 2840 audenS,

1388 2856 1547 2898 tuum
1591 2847 1829 2899 officium
1863 2859 2115 2915 usurpat3
2144 2853 2286 2901 unde
2305 2854 2457 2906 valde

1390 2918 1676 2978 miramur,
1719 2926 1772 2970 et
1798 2935 1978 2970 omnes
2019 2920 2094 2970 ad
2126 2934 2276 2983 eum,
2307 2932 2360 2973 et
2386 2925 2453 2974 ad

1388 2988 1562 3053 ipsius
1591 2990 1929 3055 Baptismum
1949 2991 2180 3056 veniunt,
2206 3003 2258 3043 et
2277 3003 2329 3044 te
2355 2995 2450 3060 qui

1387 3074 1511 3109 eum
1569 3060 1844 3124 baptizasti
1918 3062 2217 3116 dimittunt.
2283 3065 2449 3125 Quasi
2528 3128 2531 3135 Ι

1385 3132 1621 3182 dicerent
1646 3148 1660 3180 ε
1696 3133 1807 3183 Nos
1838 3135 2152 3197 deserimur,
2183 3136 2273 3187 hic
2309 3138 2450 3188 rari-

1385 3211 1466 3251 tas
1494 3210 1604 3264 est;
1633 3201 1698 3250 ad
1731 3202 1885 3252 illum
1911 3206 2080 3256 turbae
2100 3216 2448 3270 concurrunt,

1382 3272 1450 3321 de
1479 3280 1530 3321 te
1556 3287 1666 3321 non
1708 3283 1945 3335 curatur,
1976 3285 2027 3325 et
2052 3276 2128 3326 sic
2157 3275 2326 3341 gloria
2347 3276 2449 3327 tibi

1384 3343 1703 3409 subripitur.
1725 3345 1917 3395 Nonne
1941 3346 2212 3411 prohiberi
2233 3347 2448 3408 debent,

1378 3426 1441 3466 ut
1463 3417 1527 3466 ad
1557 3426 1609 3467 te
1636 3417 1815 3482 potius
1841 3418 2092 3469 veniant?
2124 3418 2228 3468 Ubi
2256 3419 2446 3488 Chry-

1378 3492 1644 3537 sostomus
1672 3504 1687 3538 ι
1714 3504 1742 3534 α
1761 3488 1879 3554 Ipse
1901 3487 2121 3554 quidem
2147 3502 2258 3536 non
2279 3488 2445 3555 bapti-

1374 3560 1552 3622 zabat,
1600 3561 1695 3611 sed
1746 3560 1923 3611 nuntii
1966 3561 2203 3611 volentes
2239 3561 2443 3628 erigere

1374 3648 1467 3683 eos
1498 3633 1592 3699 qui
1630 3633 1916 3684 audiebant
1959 3632 2018 3683 in
2057 3631 2333 3692 invidiam,
2365 3633 2439 3685 ita

1372 3703 1850 3767 annuntiaverunt,
1885 3702 2013 3768 quia
2042 3703 2289 3753 omnium
2317 3719 2438 3754 ma-

1372 3775 1551 3825 lorum
1594 3790 1749 3827 causa
1790 3783 1868 3825 est
1906 3789 2041 3825 vana
2078 3773 2264 3840 gloria.
2311 3775 2436 3824 Haec

1372 3845 1517 3897 enim
1546 3862 1638 3897 eos
1664 3844 1925 3912 zelotypia·
1955 3843 2124 3927 duxit,
2164 3859 2340 3911 neque
2364 3844 2430 3894 ad

2180 3958 2241 4010 ¹8
