2784 4452
434 262 527 313 DE
560 260 975 312 CURATIONE
1011 260 1434 313 PARALYTICI
1471 261 1606 311 PER
1637 261 1935 314 TECTUM
1967 264 2235 315 DIMISSI.

225 377 486 445 cogitatis
508 376 654 426 mala
690 376 744 426 in
776 376 1027 427 cordibus
1050 375 1290 426 vestris?

225 452 434 503 Deinde
471 451 573 500 hoc
593 449 753 500 etiam
783 449 1022 500 ostendit
1052 450 1290 499 sanando

228 521 577 590 paralyticum
605 536 697 585 per
713 519 1004 584 imperium
1034 529 1289 584 tanquam

197 593 441 660 ,propria
476 591 699 652 virtute,
745 591 891 657 quod
929 599 1011 640 est
1053 590 1290 653 ejusdem

225 663 524 730 potestatis,
550 662 687 712 sicut
704 671 756 711 et
773 670 987 726 peccata
1004 659 1290 710 dimittere.

226 738 376 787 Licet
394 736 539 785 enim
569 734 825 801 paralysis
861 733 1058 784 virtute
1093 743 1291 783 naturae

223 807 518 873 aliquando
543 804 711 870 possit
738 803 928 864 curari,
959 819 1066 854 non
1112 813 1291 853 tamen

227 877 440 936 subit0,
487 891 583 925 nec
618 875 690 925 ita
738 873 964 940 perfecte
1003 883 1064 923 ut
1111 873 1291 923 statim

228 949 397 999 homo
427 946 599 1013 possit
654 947 852 996 lectum
913 944 970 994 in
1005 960 1114 1011 quo
1163 945 1294 1009 jacet

226 1030 469 1086 portare,
496 1029 555 1069 ut
584 1019 673 1069 hic
708 1018 903 1068 dicitur
929 1017 1126 1067 factum
1157 1032 1289 1067 esse.

229 1093 386 1144 Unde
409 1091 685 1158 subjungit
712 1109 726 1141 ε
762 1091 910 1152 Quid
947 1098 1028 1141 est
1040 1091 1290 1157 saciliuS,

229 1164 374 1215 inter
403 1163 510 1213 duo
559 1163 677 1223 ista,
704 1162 922 1221 scilicet,
952 1162 1128 1213 dicere
1148 1179 1165 1211 .-
1183 1161 1292 1210 Di-

228 1235 510 1285 mittuntur
540 1233 635 1283 tibi
654 1239 880 1300 peccata
922 1239 1013 1282 tua
1024 1249 1045 1295 ,·
1072 1237 1168 1282 aut
1202 1232 1293 1281 di-

229 1321 350 1358 cere
372 1324 389 1356 .-
419 1306 603 1371 Surge
650 1311 701 1355 et
738 1303 1006 1355 ambula?
1070 1304 1173 1354 hoc
1213 1313 1295 1353 est

228 1378 347 1428 solo
392 1376 556 1427 verbo
611 1375 820 1425 efficere
865 1385 925 1424 ut
958 1374 1293 1424 dimittantur

228 1443 456 1516 peccata,
486 1464 554 1498 an
583 1448 747 1498 verbo
786 1445 992 1497 efficere
1024 1457 1085 1496 ut
1137 1461 1294 1512 para-

227 1523 423 1588 lyticus
467 1529 647 1586 surgat
696 1535 877 1579 sanus,
925 1531 978 1570 et
1022 1519 1291 1570 ambulet?

230 1593 399 1655 Quasi
424 1591 620 1642 diceret
665 1608 679 1642 :
720 1592 775 1642 Si
808 1591 962 1642 vobis
992 1591 1093 1641 hoc
1116 1591 1294 1641 mani-

229 1665 421 1717 festius
448 1674 500 1715 et
532 1665 702 1729 majus
725 1664 951 1724 videtur,
986 1663 1184 1713 scilicet
1213 1679 1296 1714 su-

230 1738 343 1789 bita
374 1737 579 1788 curatio
599 1752 883 1802 corporum
908 1751 1070 1802 quam
1098 1735 1296 1787 anima-

228 1824 388 1872 rum;
425 1820 477 1860 et
520 1824 741 1874 possum
792 1808 991 1858 horum
1035 1807 1292 1873 primum,

228 1896 356 1947 ergo
391 1890 443 1930 et
470 1879 759 1945 reliquum,
785 1878 913 1944 quia
940 1877 1165 1944 aequalis
1190 1893 1293 1942 po-

227 1950 434 2002 testatis
474 1960 555 2001 est
584 1960 893 2015 utrumque,
927 1959 979 1999 et
1005 1958 1294 2008 utrumque

228 2033 312 2075 est
338 2021 553 2074 virtutis
593 2019 840 2071 infinitae.
886 2020 1043 2071 Unde
1086 2036 1150 2070 ex
1191 2020 1293 2070 hoc

227 2094 500 2146 concludit
528 2093 780 2144 virtutem
826 2090 1122 2141 divinitatis
1164 2106 1290 2151 suae,

229 2182 327 2233 per
349 2167 569 2224 factum,
586 2163 769 2214 dicens
792 2179 807 2213 ι
842 2164 914 2213 Ut
945 2169 1121 2213 autem
1145 2163 1293 2213 scia-

230 2240 318 2302 τίς,
345 2240 470 2305 quia
503 2238 685 2288 Filius
731 2236 957 2288 hominis
996 2236 1150 2287 habet
1184 2251 1292 2301 po-

231 2315 472 2360 testatem
500 2309 553 2358 in
578 2313 727 2357 terra
742 2306 1040 2356 dimittendi
1044 2311 1288 2372 peccata,

230 2388 355 2432 tunc
395 2381 475 2430 ait
513 2379 848 2445 paralytico,
891 2378 1034 2443 quod
1066 2377 1291 2427 verbum

228 2450 592 2517 interponitur
613 2450 680 2500 ab
704 2448 1040 2514 Evangelista
1057 2464 1069 2496 :
1087 2449 1288 2513 Surge,

226 2521 433 2573 scilicet
464 2536 628 2570 sanus
676 2535 707 2569 a
754 2520 907 2582 lecto,
943 2518 1068 2568 tolle
1104 2518 1289 2569 lectum

229 2598 391 2653 tuum,
426 2590 485 2639 in
506 2605 615 2656 quo
642 2589 737 2639 diu
779 2588 1110 2638 decubueras
1135 2586 1290 2637 infir-

226 2666 425 2715 mando
447 2702 462 2728 ‚
511 2673 572 2714 ut
599 2664 744 2730 quod
775 2662 879 2713 fuit
919 2661 1290 2712 testimonium

230 2735 561 2788 infirmitatis
623 2736 693 2786 sit
722 2733 965 2801 probatio
1015 2732 1287 2796 sanitatis;

227 2814 282 2859 et
315 2807 449 2858 vade
477 2807 529 2857 in
555 2806 763 2857 domum
792 2812 953 2867 tuam,
978 2820 1074 2871 per
1104 2814 1156 2855 te
1179 2821 1290 2853 non

229 2876 483 2943 indigens
510 2887 573 2927 ut
597 2877 747 2943 prius
772 2876 1047 2941 portitore.
1078 2876 1143 2925 Et
1169 2874 1292 2924 fecit

227 2951 326 3012 sic,
356 2950 714 3019 magmficans
745 2951 934 3013 Deum,
960 2948 1054 3016 qui
1086 2948 1292 2999 sanavit

229 3036 376 3071 eum.
402 3021 592 3085 Magna
635 3020 824 3078 virtuS‚
859 3018 953 3068 ubi
999 3018 1116 3068 sine
1140 3033 1291 3068 mora

227 3092 374 3143 salus
404 3090 695 3156 imperium
722 3089 1023 3147 comitatur,
1051 3098 1112 3138 ut
1132 3103 1290 3137 nemo

228 3163 337 3228 jam
364 3161 633 3212 dubitaret
656 3177 779 3211 eum
810 3159 1100 3226 paralytico
1124 3158 1291 3208 dimi-

227 3234 365 3286 sisse
394 3243 618 3297 peccata,
660 3232 755 3299 qui
799 3232 1051 3282 eumdem
1083 3230 1291 3281 sublato

228 3304 451 3371 grabato
469 3304 743 3354 ambulare
764 3301 1031 3370 praecepit.

294 3375 322 3427 3
383 3378 783 3428 thcunonuu
829 3393 961 3428 ‘riu-:s
1014 3391 1195 3426 causAE
1238 3391 1291 3425 m

229 3449 484 3501 Cumsro.
520 3477 581 3487 —
610 3449 768 3500 Unde
814 3448 1005 3500 merito
1042 3448 1137 3514 qui
1193 3447 1293 3497 ad-

230 3530 382 3571 erant
408 3529 679 3585 stupentes
710 3530 762 3571 et
785 3520 1059 3579 mirantes,
1096 3518 1294 3569 relictis

229 3590 604 3656 blasphemiis,
648 3590 715 3640 ad
737 3590 948 3641 laudem
972 3598 1294 3640 convertun-

228 3671 321 3713 tur
341 3672 500 3713 tantae
528 3662 843 3726 majestatis;
893 3671 1120 3728 propter·
1149 3660 1293 3725 quod

231 3732 479 3799 sequitur
508 3750 523 3783 ι
570 3733 818 3783 Videntes
866 3738 1041 3783 autem
1093 3731 1293 3794 turbae,

228 3804 435 3855 scilicet
459 3804 778 3870 miraculum
805 3803 1005 3855 factum
1036 3802 1094 3853 in
1136 3817 1295 3869 para-

230 3876 419 3944 lyticO,
449 3876 751 3941 timuerunt,
796 3875 1087 3929 reverendo
1113 3883 1166 3926 et
1192 3874 1294 3926 ad-

2353 267 2456 330 445

1404 376 1668 438 mirando,
1690 385 1741 428 et
1763 379 2225 445 glorfficaverunt,
2253 381 2464 431 laudan-

1403 447 1471 496 do
1484 447 1670 511 Deum,
1683 450 1774 514 qui
1794 449 1917 499 dedi
1920 456 1940 498 t
1944 456 2260 516 potestatem
2280 452 2456 513 talem,

1401 519 1598 570 scilicet
1647 521 1952 572 dimittendi
2004 533 2237 588 peccata,
2269 533 2319 573 et
2363 541 2459 574 cu-

1399 591 1550 641 randi
1598 593 1714 643 solo
1742 594 1904 645 verbo
1933 594 2197 655 infirmos,
2229 597 2457 647 homini—

1400 663 1511 724 buS,
1547 664 1611 713 ad
1637 679 1821 715 eorum
1846 666 2046 716 scilicet
2069 667 2325 731 salutem3
2354 669 2456 727 vel,
2516 718 2527 730 χ

1396 737 1687 787 secundum
1739 738 2007 801 Glossam,
2042 739 2319 790 hominem
2347 750 2457 790 tam

1399 814 1644 870 potenter
1685 807 1823 858 inter
1859 808 2108 859 homines
2129 821 2455 874 operantem.

1399 877 1465 926 Et
1524 876 1659 926 hanc
1728 888 2038 944 potestatem
2098 880 2245 929 dedit
2304 881 2457 930 Pater

1398 947 1616 999 Christo
1633 950 1915 1014 causative,
1941 951 2258 1002 hominibus
2278 962 2456 1002 autem

1398 1019 1675 1085 receptive.
1691 1022 1942 1073 Christus
1967 1022 2165 1089 quippe
2192 1023 2366 1073 tribus
2389 1025 2457 1074 de

1397 1090 1573 1140 causis
1610 1091 1864 1142 miracula
1912 1093 2134 1143 faciebat
2190 1110 2204 1142 ε
2260 1093 2454 1158 prim0‚

1396 1173 1612 1228 propter
1635 1164 1853 1214 illorum
1878 1166 2012 1216 circa
2055 1182 2192 1233 quos
2228 1167 2342 1217 haec
2371 1166 2454 1217 fa-

1399 1235 1569 1284 ciebat
1610 1235 1895 1287 utilitatem
1914 1276 1927 1297 ,
1975 1239 2103 1303 quia
2129 1254 2219 1288 eos
2247 1238 2304 1288 in
2333 1254 2455 1289 cor-

1401 1323 1527 1372 pore
1560 1318 1612 1358 et
1633 1307 1689 1357 in
1715 1309 1896 1359 anima
1927 1312 2170 1373 curabat;
2201 1312 2452 1371 secund0,

1399 1387 1614 1442 propter
1631 1378 1859 1428 aliorum
1881 1380 2305 1439 conversionem,
2329 1381 2455 1446 quia

1400 1447 1556 1496 multi
1586 1447 1825 1498 videntes
1853 1463 1913 1499 ea
1943 1449 2200 1500 miracula
2231 1466 2456 1501 conver-

1398 1521 1680 1584 tebantur3
1735 1522 1910 1583 tertie,
1947 1532 2162 1589 propter
2197 1525 2293 1574 Dei
2337 1525 2457 1590 glo-

1399 1592 1533 1643 riam
1572 1604 1623 1643 et
1648 1595 1910 1644 honorem
1955 1610 1969 1644 :
2024 1605 2074 1644 et
2120 1594 2222 1646 ista
2262 1597 2456 1661 triplex

1397 1681 1553 1717 causa
1581 1667 1670 1716 hic
1714 1667 1969 1734 tangitur.
2014 1670 2092 1719 Ex
2143 1669 2246 1719 hoc
2275 1679 2455 1720 tamen

1399 1737 1543 1801 quod
1576 1736 1772 1787 dicitur
1802 1754 1814 1787 :
1864 1739 2110 1789 Videntes
2139 1745 2310 1788 autem
2341 1746 2456 1789 tur-

1400 1809 1482 1858 1>ae
1504 1809 1803 1872 timuerunt,
1833 1810 2043 1861 videtur
2083 1811 2229 1876 quod
2259 1826 2357 1860 nec
2389 1810 2455 1861 de

1398 1879 1616 1929 Christo
1640 1881 1852 1944 plenam
1890 1880 2255 1946 cognitionem
2286 1881 2454 1930 habe-

1399 1950 1555 2014 bant,
1597 1951 1725 2016 quia
1758 1967 1954 2016 purum
2004 1951 2282 2001 hominem
2321 1968 2454 2011 esse,

1397 2031 1449 2070 et
1478 2036 1652 2086 posse,
1701 2031 1752 2070 et
1781 2023 1915 2071 hanc
1950 2031 2264 2087 potestatem
2291 2037 2321 2072 a
2345 2024 2456 2073 Deo

1397 2092 1694 2142 credebant.
1726 2092 1882 2143 Unde
1903 2093 2102 2143 Glossa
2130 2110 2146 2142 .-
2166 2093 2455 2158 «Spectant

1396 2172 1703 2226 surgen-tem
1730 2161 2008 2222 increduli,
2035 2162 2316 2212 imitantur
2354 2165 2456 2214 ab·-

1395 2243 1629 2294 euntem‚
1673 2243 1724 2285 et
1769 2233 1941 2283 divini
1978 2234 2153 2301 operis
2201 2234 2456 2286 miracula

1397 2307 1603 2357 malunt
1628 2307 1818 2357 timere
1846 2323 2009 2373 quam
2038 2307 2280 2370 credere;
2326 2324 2451 2358 nam

1395 2376 1441 2425 si
1467 2377 1761 2437 crederent,
1788 2393 1898 2426 non
1929 2376 2194 2439 timerent,
2217 2377 2308 2425 sed
2335 2377 2455 2428 dili-

1396 2461 1580 2517 gerent
1611 2468 1629 2502 .-
1659 2451 1915 2516 Persecta
1940 2451 2086 2501 enim
2114 2450 2320 2502 caritas
2351 2452 2451 2517 fo·

1395 2535 1492 2570 ras
1521 2520 1684 2570 mittit
1711 2520 1968 2571 timorem.
1995 2540 2021 2568 »

1425 2608 1462 2656 4
1477 2592 1587 2642 CuR
1601 2607 1922 2642 PARALerco
1943 2606 2168 2640 pecca-m
2181 2605 2456 2642 amasam-r

1394 2678 1701 2720 rmusouffl
1734 2678 1842 2712 mm
1877 2659 2200 2712 smmum-r?
2223 2690 2284 2699 —
2309 2663 2454 2713 Con-

1395 2732 1568 2782 sidera
1613 2731 1702 2781 hic
1730 2731 1875 2797 quod
1920 2730 2186 2780 Dominus
2221 2734 2454 2782 curando

1395 2804 1761 2871 paralyticum,
1792 2802 1980 2869 incipit
2004 2818 2035 2853 a
2062 2804 2254 2853 morbo
2289 2804 2455 2870 spiri-

1396 2878 1546 2939 tuali,
1576 2876 1670 2943 qui
1704 2885 1814 2927 erat
1834 2891 1993 2926 causa
2025 2886 2076 2926 et
2100 2876 2250 2926 radix
2279 2877 2453 2927 morbi

1395 2947 1702 3013 corporalis,
1737 2944 1864 3012 quia
1883 2946 2060 3011 primo
2112 2944 2319 2996 remisit
2342 2962 2454 3011 pec÷

1395 3027 1506 3069 cata
1533 3018 1646 3082 ejus
1677 3031 1798 3082 quae
1826 3015 2040 3067 suerunt
2065 3031 2225 3066 causa
2249 3016 2453 3078 morbi;

1396 3092 1460 3141 ad
1492 3089 1715 3140 modum
1737 3088 1865 3139 boni
1893 3088 2108 3149 medici,
2146 3088 2240 3154 qui
2280 3087 2458 3153 primo

1397 3170 1633 3212 removet
1655 3175 1868 3210 causam
1889 3159 2084 3219 morbi,
2105 3168 2157 3208 et
2170 3168 2296 3208 tunc
2317 3169 2459 3223 post-

1398 3232 1621 3283 modum
1661 3230 1890 3281 intendit
1912 3230 2260 3281 curationem.
2294 3228 2455 3282 Infir-

1399 3303 1559 3353 mitas
1610 3310 1788 3352 autem
1857 3301 1970 3351 haec
2033 3297 2201 3349 fuerat
2255 3298 2458 3349 inflicta

1400 3371 1685 3440 paralytico
1716 3381 1931 3438 propter
1972 3378 2182 3435 peccata
2234 3384 2354 3429 sua,
2397 3378 2459 3420 ut

1396 3454 1780 3512 purgarentur3
1812 3453 1864 3494 et
1900 3441 2019 3491 ideo
2045 3440 2314 3491 Dominus
2338 3441 2458 3505 pri-

1399 3535 1491 3569 mo
1519 3518 1750 3570 removit
1796 3531 2007 3567 causam
2044 3514 2190 3581 quia,
2220 3523 2459 3565 cessante

1399 3606 1556 3642 causa
1579 3630 1594 3652 ‚
1640 3598 1809 3641 cessat
1852 3598 1905 3639 et
1946 3587 2164 3638 effectus
2197 3584 2451 3636 introdu-

1400 3673 1516 3713 ctus
1547 3662 1618 3712 ob
1660 3660 1807 3711 illam
1849 3674 2079 3709 causam.
2125 3656 2284 3707 Nulla
2311 3654 2458 3706 enim

1402 3731 1614 3784 nocebit
1632 3730 1938 3790 adversitas,
1967 3729 2013 3779 si
2043 3728 2193 3778 nulla
2221 3725 2462 3776 domine·

1400 3813 1488 3855 tur
1505 3801 1779 3868 iniquitas.
1792 3798 1960 3861 Unde,
1984 3798 2280 3849 secundum
2306 3796 2461 3847 Glos-

1400 3890 1518 3929 sam
1539 3912 1554 3937 ,
1599 3872 1843 3940 quinque
1895 3869 2072 3921 modis
2118 3866 2460 3919 infirmitates
