<?xml version="1.0" encoding="UTF-8"?>
<!DOCTYPE html PUBLIC "-//W3C//DTD XHTML 1.0 Transitional//EN"
    "http://www.w3.org/TR/xhtml1/DTD/xhtml1-transitional.dtd">
<html xmlns="http://www.w3.org/1999/xhtml" xml:lang="en" lang="en">
 <head>
  <title>
</title>
<meta http-equiv="Content-Type" content="text/html;charset=utf-8" />
  <meta name='ocr-system' content='tesseract 3.04.00' />
  <meta name='ocr-capabilities' content='ocr_page ocr_carea ocr_par ocr_line ocrx_word'/>
</head>
<body>
  <div class='ocr_page' id='page_1' title='image "./vitajesuchristi00sachgoog/vitajesuchristi00sachgoog_0279.png"; bbox 0 0 2784 4452; ppageno 0'>
   <div class='ocr_carea' id='block_1_1' title="bbox 702 377 1897 445">
    <p class='ocr_par' dir='ltr' id='par_1_1' title="bbox 702 377 1897 445">
     <span class='ocr_line' id='line_1_1' title="bbox 702 377 1897 445; baseline 0.004 -17"><span class='ocrx_word' id='word_1_1' title='bbox 702 377 797 429; x_wconf 93' lang='lat' dir='ltr'>DE</span> <span class='ocrx_word' id='word_1_2' title='bbox 827 378 1257 436; x_wconf 81' lang='lat' dir='ltr'>MUTATIONE</span> <span class='ocrx_word' id='word_1_3' title='bbox 1281 379 1504 445; x_wconf 64' lang='lat' dir='ltr'>AQUAE</span> <span class='ocrx_word' id='word_1_4' title='bbox 1537 381 1610 437; x_wconf 83' lang='lat' dir='ltr'>IN</span> <span class='ocrx_word' id='word_1_5' title='bbox 1644 383 1897 439; x_wconf 75' lang='lat' dir='ltr'>vaM.</span> 
     </span>
    </p>
   </div>
   <div class='ocr_carea' id='block_1_2' title="bbox 137 493 1275 3987">
    <p class='ocr_par' dir='ltr' id='par_1_2' title="bbox 137 493 1275 2907">
     <span class='ocr_line' id='line_1_2' title="bbox 191 493 1270 565; baseline -0.003 -12"><span class='ocrx_word' id='word_1_6' title='bbox 191 506 327 553; x_wconf 74' lang='lat' dir='ltr'>runt</span> <span class='ocrx_word' id='word_1_7' title='bbox 364 495 420 549; x_wconf 91' lang='lat' dir='ltr'>in</span> <span class='ocrx_word' id='word_1_8' title='bbox 446 493 731 561; x_wconf 74' lang='lat' dir='ltr'>praesenti3</span> <span class='ocrx_word' id='word_1_9' title='bbox 762 494 975 565; x_wconf 73' lang='lat' dir='ltr'>deinde,</span> <span class='ocrx_word' id='word_1_10' title='bbox 1001 496 1148 563; x_wconf 88' lang='lat' dir='ltr'>quod</span> <span class='ocrx_word' id='word_1_11' title='bbox 1171 496 1270 550; x_wconf 87' lang='lat' dir='ltr'>de-</span> 
     </span>
     <span class='ocr_line' id='line_1_3' title="bbox 193 564 1273 635; baseline -0.002 -12"><span class='ocrx_word' id='word_1_12' title='bbox 193 569 368 623; x_wconf 75' lang='lat' dir='ltr'>terius</span> <span class='ocrx_word' id='word_1_13' title='bbox 393 577 495 628; x_wconf 84' lang='lat' dir='ltr'>est,</span> <span class='ocrx_word' id='word_1_14' title='bbox 535 566 665 635; x_wconf 89' lang='lat' dir='ltr'>quia</span> <span class='ocrx_word' id='word_1_15' title='bbox 706 564 888 621; x_wconf 78' lang='lat' dir='ltr'>amara</span> <span class='ocrx_word' id='word_1_16' title='bbox 916 565 1192 621; x_wconf 79' lang='lat' dir='ltr'>invenient</span> <span class='ocrx_word' id='word_1_17' title='bbox 1220 577 1273 621; x_wconf 88' lang='lat' dir='ltr'>et</span> 
     </span>
     <span class='ocr_line' id='line_1_4' title="bbox 196 636 1270 711; baseline 0 -18"><span class='ocrx_word' id='word_1_18' title='bbox 196 638 457 711; x_wconf 84' lang='lat' dir='ltr'>recipient</span> <span class='ocrx_word' id='word_1_19' title='bbox 504 637 560 690; x_wconf 91' lang='lat' dir='ltr'>in</span> <span class='ocrx_word' id='word_1_20' title='bbox 606 636 806 690; x_wconf 86' lang='lat' dir='ltr'>futuro.</span> <span class='ocrx_word' id='word_1_21' title='bbox 839 637 929 690; x_wconf 88' lang='lat' dir='ltr'>Sic</span> <span class='ocrx_word' id='word_1_22' title='bbox 972 652 1099 708; x_wconf 79' lang='lat' dir='ltr'>ergo</span> <span class='ocrx_word' id='word_1_23' title='bbox 1147 638 1270 693; x_wconf 81' lang='lat' dir='ltr'>dia-</span> 
     </span>
     <span class='ocr_line' id='line_1_5' title="bbox 196 707 1270 777; baseline -0.002 -14"><span class='ocrx_word' id='word_1_24' title='bbox 196 712 356 763; x_wconf 73' lang='lat' dir='ltr'>bolus</span> <span class='ocrx_word' id='word_1_25' title='bbox 399 709 578 777; x_wconf 87' lang='lat' dir='ltr'>primo</span> <span class='ocrx_word' id='word_1_26' title='bbox 626 707 871 776; x_wconf 77' lang='lat' dir='ltr'>suggerit</span> <span class='ocrx_word' id='word_1_27' title='bbox 929 708 1111 777; x_wconf 86' lang='lat' dir='ltr'>aliqua</span> <span class='ocrx_word' id='word_1_28' title='bbox 1164 709 1270 763; x_wconf 85' lang='lat' dir='ltr'>sub</span> 
     </span>
     <span class='ocr_line' id='line_1_6' title="bbox 186 778 1275 851; baseline -0.002 -18"><span class='ocrx_word' id='word_1_29' title='bbox 186 779 372 851; x_wconf 65' lang='lat' dir='ltr'>specie</span> <span class='ocrx_word' id='word_1_30' title='bbox 397 778 545 833; x_wconf 90' lang='lat' dir='ltr'>boni.</span> <span class='ocrx_word' id='word_1_31' title='bbox 571 778 635 829; x_wconf 91' lang='lat' dir='ltr'>Et</span> <span class='ocrx_word' id='word_1_32' title='bbox 648 793 775 831; x_wconf 89' lang='lat' dir='ltr'>cum</span> <span class='ocrx_word' id='word_1_33' title='bbox 791 778 917 847; x_wconf 88' lang='lat' dir='ltr'>quis</span> <span class='ocrx_word' id='word_1_34' title='bbox 933 793 1028 845; x_wconf 85' lang='lat' dir='ltr'>per</span> <span class='ocrx_word' id='word_1_35' title='bbox 1041 779 1275 846; x_wconf 76' lang='lat' dir='ltr'>compla-</span> 
     </span>
     <span class='ocr_line' id='line_1_7' title="bbox 186 850 1271 921; baseline 0 -16"><span class='ocrx_word' id='word_1_36' title='bbox 186 852 427 905; x_wconf 81' lang='lat' dir='ltr'>centiam</span> <span class='ocrx_word' id='word_1_37' title='bbox 446 850 747 904; x_wconf 83' lang='lat' dir='ltr'>inebriatus</span> <span class='ocrx_word' id='word_1_38' title='bbox 766 850 945 917; x_wconf 80' lang='lat' dir='ltr'>fuerit,</span> <span class='ocrx_word' id='word_1_39' title='bbox 964 861 1112 913; x_wconf 85' lang='lat' dir='ltr'>runc,</span> <span class='ocrx_word' id='word_1_40' title='bbox 1123 852 1271 921; x_wconf 90' lang='lat' dir='ltr'>quod</span> 
     </span>
     <span class='ocr_line' id='line_1_8' title="bbox 195 922 1271 983; baseline 0.002 -6"><span class='ocrx_word' id='word_1_41' title='bbox 195 924 437 977; x_wconf 83' lang='lat' dir='ltr'>deterius</span> <span class='ocrx_word' id='word_1_42' title='bbox 493 932 594 983; x_wconf 81' lang='lat' dir='ltr'>est.</span> <span class='ocrx_word' id='word_1_43' title='bbox 649 922 857 976; x_wconf 85' lang='lat' dir='ltr'>scilicet</span> <span class='ocrx_word' id='word_1_44' title='bbox 920 923 1271 979; x_wconf 75' lang='lat' dir='ltr'>enormitates</span> 
     </span>
     <span class='ocr_line' id='line_1_9' title="bbox 186 993 1268 1063; baseline 0.002 -16"><span class='ocrx_word' id='word_1_45' title='bbox 186 994 452 1056; x_wconf 83' lang='lat' dir='ltr'>diversas,</span> <span class='ocrx_word' id='word_1_46' title='bbox 494 993 553 1044; x_wconf 90' lang='lat' dir='ltr'>in</span> <span class='ocrx_word' id='word_1_47' title='bbox 601 994 830 1063; x_wconf 79' lang='lat' dir='ltr'>peccatis</span> <span class='ocrx_word' id='word_1_48' title='bbox 879 993 1268 1062; x_wconf 73' lang='lat' dir='ltr'>superinducit.</span> 
     </span>
     <span class='ocr_line' id='line_1_10' title="bbox 195 1064 1272 1131; baseline 0.002 -14"><span class='ocrx_word' id='word_1_49' title='bbox 195 1065 302 1117; x_wconf 85' lang='lat' dir='ltr'>Sed</span> <span class='ocrx_word' id='word_1_50' title='bbox 333 1064 585 1119; x_wconf 84' lang='lat' dir='ltr'>Christus</span> <span class='ocrx_word' id='word_1_51' title='bbox 613 1081 725 1118; x_wconf 89' lang='lat' dir='ltr'>non</span> <span class='ocrx_word' id='word_1_52' title='bbox 759 1064 937 1131; x_wconf 89' lang='lat' dir='ltr'>primo</span> <span class='ocrx_word' id='word_1_53' title='bbox 957 1065 1150 1120; x_wconf 81' lang='lat' dir='ltr'>vinum</span> <span class='ocrx_word' id='word_1_54' title='bbox 1180 1066 1272 1121; x_wconf 82' lang='lat' dir='ltr'>bo·-</span> 
     </span>
     <span class='ocr_line' id='line_1_11' title="bbox 194 1134 1268 1203; baseline 0 -14"><span class='ocrx_word' id='word_1_55' title='bbox 194 1151 331 1189; x_wconf 84' lang='lat' dir='ltr'>num</span> <span class='ocrx_word' id='word_1_56' title='bbox 359 1135 532 1203; x_wconf 86' lang='lat' dir='ltr'>ponit,</span> <span class='ocrx_word' id='word_1_57' title='bbox 558 1134 651 1187; x_wconf 84' lang='lat' dir='ltr'>sed</span> <span class='ocrx_word' id='word_1_58' title='bbox 680 1134 736 1187; x_wconf 90' lang='lat' dir='ltr'>in</span> <span class='ocrx_word' id='word_1_59' title='bbox 768 1145 1046 1203; x_wconf 87' lang='lat' dir='ltr'>posterum</span> <span class='ocrx_word' id='word_1_60' title='bbox 1072 1145 1268 1201; x_wconf 73' lang='lat' dir='ltr'>servat.</span> 
     </span>
     <span class='ocr_line' id='line_1_12' title="bbox 188 1204 1272 1276; baseline 0.001 -18"><span class='ocrx_word' id='word_1_61' title='bbox 188 1205 327 1272; x_wconf 84' lang='lat' dir='ltr'>quia</span> <span class='ocrx_word' id='word_1_62' title='bbox 375 1221 408 1259; x_wconf 86' lang='lat' dir='ltr'>a</span> <span class='ocrx_word' id='word_1_63' title='bbox 467 1204 734 1276; x_wconf 85' lang='lat' dir='ltr'>principio</span> <span class='ocrx_word' id='word_1_64' title='bbox 811 1220 992 1261; x_wconf 83' lang='lat' dir='ltr'>amara</span> <span class='ocrx_word' id='word_1_65' title='bbox 1033 1216 1086 1260; x_wconf 91' lang='lat' dir='ltr'>et</span> <span class='ocrx_word' id='word_1_66' title='bbox 1136 1207 1272 1259; x_wconf 87' lang='lat' dir='ltr'>dura</span> 
     </span>
     <span class='ocr_line' id='line_1_13' title="bbox 191 1276 1271 1349; baseline 0.003 -18"><span class='ocrx_word' id='word_1_67' title='bbox 191 1278 480 1344; x_wconf 88' lang='lat' dir='ltr'>proponit;</span> <span class='ocrx_word' id='word_1_68' title='bbox 527 1276 656 1345; x_wconf 90' lang='lat' dir='ltr'>quia</span> <span class='ocrx_word' id='word_1_69' title='bbox 677 1280 835 1331; x_wconf 78' lang='lat' dir='ltr'>arcta</span> <span class='ocrx_word' id='word_1_70' title='bbox 871 1284 954 1331; x_wconf 76' lang='lat' dir='ltr'>est</span> <span class='ocrx_word' id='word_1_71' title='bbox 994 1278 1102 1341; x_wconf 81' lang='lat' dir='ltr'>via,</span> <span class='ocrx_word' id='word_1_72' title='bbox 1150 1291 1271 1349; x_wconf 78' lang='lat' dir='ltr'>quoe</span> 
     </span>
     <span class='ocr_line' id='line_1_14' title="bbox 192 1350 1271 1415; baseline 0.003 -12"><span class='ocrx_word' id='word_1_73' title='bbox 192 1351 342 1403; x_wconf 81' lang='lat' dir='ltr'>ducit</span> <span class='ocrx_word' id='word_1_74' title='bbox 366 1351 442 1402; x_wconf 80' lang='lat' dir='ltr'>ad</span> <span class='ocrx_word' id='word_1_75' title='bbox 468 1351 670 1414; x_wconf 76' lang='lat' dir='ltr'>vitam3</span> <span class='ocrx_word' id='word_1_76' title='bbox 704 1356 775 1415; x_wconf 81' lang='lat' dir='ltr'>et,</span> <span class='ocrx_word' id='word_1_77' title='bbox 817 1359 878 1402; x_wconf 87' lang='lat' dir='ltr'>ut</span> <span class='ocrx_word' id='word_1_78' title='bbox 909 1350 1059 1415; x_wconf 86' lang='lat' dir='ltr'>alibi,</span> <span class='ocrx_word' id='word_1_79' title='bbox 1089 1366 1271 1406; x_wconf 78' lang='lat' dir='ltr'>omnes</span> 
     </span>
     <span class='ocr_line' id='line_1_15' title="bbox 192 1421 1267 1490; baseline 0.003 -18"><span class='ocrx_word' id='word_1_80' title='bbox 192 1423 287 1488; x_wconf 81' lang='lat' dir='ltr'>qui</span> <span class='ocrx_word' id='word_1_81' title='bbox 326 1422 423 1489; x_wconf 79' lang='lat' dir='ltr'>pie</span> <span class='ocrx_word' id='word_1_82' title='bbox 470 1421 656 1473; x_wconf 78' lang='lat' dir='ltr'>volunt</span> <span class='ocrx_word' id='word_1_83' title='bbox 706 1423 760 1472; x_wconf 84' lang='lat' dir='ltr'>in</span> <span class='ocrx_word' id='word_1_84' title='bbox 813 1422 1031 1475; x_wconf 77' lang='lat' dir='ltr'>Christo</span> <span class='ocrx_word' id='word_1_85' title='bbox 1071 1423 1267 1490; x_wconf 72' lang='lat' dir='ltr'>vivere,</span> 
     </span>
     <span class='ocr_line' id='line_1_16' title="bbox 192 1491 1268 1563; baseline -0.002 -18"><span class='ocrx_word' id='word_1_86' title='bbox 192 1491 584 1545; x_wconf 77' lang='lat' dir='ltr'>amaritudines</span> <span class='ocrx_word' id='word_1_87' title='bbox 637 1501 690 1544; x_wconf 91' lang='lat' dir='ltr'>et</span> <span class='ocrx_word' id='word_1_88' title='bbox 738 1491 1113 1545; x_wconf 81' lang='lat' dir='ltr'>tribulationes</span> <span class='ocrx_word' id='word_1_89' title='bbox 1155 1507 1268 1563; x_wconf 73' lang='lat' dir='ltr'>pa-</span> 
     </span>
     <span class='ocr_line' id='line_1_17' title="bbox 198 1563 1269 1625; baseline 0.003 -9"><span class='ocrx_word' id='word_1_90' title='bbox 198 1563 424 1624; x_wconf 69' lang='lat' dir='ltr'>tiuntur,</span> <span class='ocrx_word' id='word_1_91' title='bbox 455 1565 550 1614; x_wconf 89' lang='lat' dir='ltr'>sed</span> <span class='ocrx_word' id='word_1_92' title='bbox 578 1563 637 1617; x_wconf 88' lang='lat' dir='ltr'>in</span> <span class='ocrx_word' id='word_1_93' title='bbox 660 1563 865 1625; x_wconf 77' lang='lat' dir='ltr'>future,</span> <span class='ocrx_word' id='word_1_94' title='bbox 891 1564 1269 1619; x_wconf 80' lang='lat' dir='ltr'>delectationes</span> 
     </span>
     <span class='ocr_line' id='line_1_18' title="bbox 190 1633 1271 1717; baseline 0.002 -29"><span class='ocrx_word' id='word_1_95' title='bbox 190 1643 248 1688; x_wconf 79' lang='lat' dir='ltr'>et</span> <span class='ocrx_word' id='word_1_96' title='bbox 294 1633 489 1704; x_wconf 85' lang='lat' dir='ltr'>gaudia</span> <span class='ocrx_word' id='word_1_97' title='bbox 538 1644 948 1702; x_wconf 84' lang='lat' dir='ltr'>consequuntur</span> <span class='ocrx_word' id='word_1_98' title='bbox 974 1652 993 1689; x_wconf 69' lang='lat' dir='ltr'>z</span> <span class='ocrx_word' id='word_1_99' title='bbox 1032 1645 1085 1687; x_wconf 86' lang='lat' dir='ltr'>et</span> <span class='ocrx_word' id='word_1_100' title='bbox 1111 1651 1271 1717; x_wconf 81' lang='lat' dir='ltr'>parva</span> 
     </span>
     <span class='ocr_line' id='line_1_19' title="bbox 190 1706 1267 1775; baseline 0.003 -16"><span class='ocrx_word' id='word_1_101' title='bbox 190 1715 323 1759; x_wconf 79' lang='lat' dir='ltr'>sunt</span> <span class='ocrx_word' id='word_1_102' title='bbox 373 1706 534 1768; x_wconf 87' lang='lat' dir='ltr'>bona,</span> <span class='ocrx_word' id='word_1_103' title='bbox 584 1722 706 1775; x_wconf 76' lang='lat' dir='ltr'>quae</span> <span class='ocrx_word' id='word_1_104' title='bbox 762 1706 922 1759; x_wconf 88' lang='lat' dir='ltr'>nobis</span> <span class='ocrx_word' id='word_1_105' title='bbox 963 1706 1156 1761; x_wconf 77' lang='lat' dir='ltr'>tribuit</span> <span class='ocrx_word' id='word_1_106' title='bbox 1206 1708 1267 1762; x_wconf 85' lang='lat' dir='ltr'>in</span> 
     </span>
     <span class='ocr_line' id='line_1_20' title="bbox 189 1775 1267 1845; baseline 0.002 -16"><span class='ocrx_word' id='word_1_107' title='bbox 189 1775 443 1845; x_wconf 73' lang='lat' dir='ltr'>praesenti</span> <span class='ocrx_word' id='word_1_108' title='bbox 459 1786 716 1842; x_wconf 81' lang='lat' dir='ltr'>tempore,</span> <span class='ocrx_word' id='word_1_109' title='bbox 730 1776 796 1829; x_wconf 87' lang='lat' dir='ltr'>ad</span> <span class='ocrx_word' id='word_1_110' title='bbox 812 1776 1267 1842; x_wconf 77' lang='lat' dir='ltr'>comparationem</span> 
     </span>
     <span class='ocr_line' id='line_1_21' title="bbox 192 1844 1271 1915; baseline 0.003 -16"><span class='ocrx_word' id='word_1_111' title='bbox 192 1844 523 1907; x_wconf 82' lang='lat' dir='ltr'>futurorum,</span> <span class='ocrx_word' id='word_1_112' title='bbox 554 1862 678 1915; x_wconf 84' lang='lat' dir='ltr'>quae</span> <span class='ocrx_word' id='word_1_113' title='bbox 712 1846 873 1900; x_wconf 85' lang='lat' dir='ltr'>bonis</span> <span class='ocrx_word' id='word_1_114' title='bbox 917 1847 1141 1902; x_wconf 81' lang='lat' dir='ltr'>daturus</span> <span class='ocrx_word' id='word_1_115' title='bbox 1187 1857 1271 1902; x_wconf 84' lang='lat' dir='ltr'>est</span> 
     </span>
     <span class='ocr_line' id='line_1_22' title="bbox 188 1915 1268 1973; baseline 0.006 -6"><span class='ocrx_word' id='word_1_116' title='bbox 188 1915 254 1969; x_wconf 86' lang='lat' dir='ltr'>in</span> <span class='ocrx_word' id='word_1_117' title='bbox 275 1916 590 1971; x_wconf 71' lang='lat' dir='ltr'>aeternitate.</span> <span class='ocrx_word' id='word_1_118' title='bbox 614 1917 801 1969; x_wconf 86' lang='lat' dir='ltr'>Bonus</span> <span class='ocrx_word' id='word_1_119' title='bbox 844 1917 1087 1972; x_wconf 86' lang='lat' dir='ltr'>medicus</span> <span class='ocrx_word' id='word_1_120' title='bbox 1116 1933 1268 1973; x_wconf 86' lang='lat' dir='ltr'>nun-</span> 
     </span>
     <span class='ocr_line' id='line_1_23' title="bbox 192 1987 1267 2058; baseline 0.007 -18"><span class='ocrx_word' id='word_1_121' title='bbox 192 2003 365 2058; x_wconf 88' lang='lat' dir='ltr'>quam</span> <span class='ocrx_word' id='word_1_122' title='bbox 401 1987 491 2041; x_wconf 88' lang='lat' dir='ltr'>dat</span> <span class='ocrx_word' id='word_1_123' title='bbox 519 1987 727 2042; x_wconf 89' lang='lat' dir='ltr'>bonum</span> <span class='ocrx_word' id='word_1_124' title='bbox 766 1998 820 2041; x_wconf 87' lang='lat' dir='ltr'>et</span> <span class='ocrx_word' id='word_1_125' title='bbox 846 2005 1046 2055; x_wconf 83' lang='lat' dir='ltr'>purum</span> <span class='ocrx_word' id='word_1_126' title='bbox 1074 1989 1267 2047; x_wconf 77' lang='lat' dir='ltr'>vinum</span> 
     </span>
     <span class='ocr_line' id='line_1_24' title="bbox 192 2059 1268 2133; baseline 0.001 -17"><span class='ocrx_word' id='word_1_127' title='bbox 192 2060 438 2125; x_wconf 85' lang='lat' dir='ltr'>infirmo,</span> <span class='ocrx_word' id='word_1_128' title='bbox 462 2061 546 2113; x_wconf 81' lang='lat' dir='ltr'>vel</span> <span class='ocrx_word' id='word_1_129' title='bbox 576 2059 661 2115; x_wconf 86' lang='lat' dir='ltr'>illi</span> <span class='ocrx_word' id='word_1_130' title='bbox 690 2061 787 2133; x_wconf 93' lang='lat' dir='ltr'>qui</span> <span class='ocrx_word' id='word_1_131' title='bbox 817 2063 986 2116; x_wconf 82' lang='lat' dir='ltr'>evasit</span> <span class='ocrx_word' id='word_1_132' title='bbox 1011 2063 1081 2117; x_wconf 84' lang='lat' dir='ltr'>de</span> <span class='ocrx_word' id='word_1_133' title='bbox 1108 2062 1268 2117; x_wconf 76' lang='lat' dir='ltr'>infir-</span> 
     </span>
     <span class='ocr_line' id='line_1_25' title="bbox 191 2132 1269 2202; baseline 0.002 -13"><span class='ocrx_word' id='word_1_134' title='bbox 191 2132 400 2196; x_wconf 85' lang='lat' dir='ltr'>mitate,</span> <span class='ocrx_word' id='word_1_135' title='bbox 448 2134 714 2202; x_wconf 79' lang='lat' dir='ltr'>quamdiu</span> <span class='ocrx_word' id='word_1_136' title='bbox 740 2144 823 2189; x_wconf 82' lang='lat' dir='ltr'>est</span> <span class='ocrx_word' id='word_1_137' title='bbox 850 2135 1065 2198; x_wconf 73' lang='lat' dir='ltr'>debilis,</span> <span class='ocrx_word' id='word_1_138' title='bbox 1096 2137 1269 2192; x_wconf 87' lang='lat' dir='ltr'>donec</span> 
     </span>
     <span class='ocr_line' id='line_1_26' title="bbox 186 2203 1268 2274; baseline 0.006 -18"><span class='ocrx_word' id='word_1_139' title='bbox 186 2203 480 2272; x_wconf 83' lang='lat' dir='ltr'>perfectam</span> <span class='ocrx_word' id='word_1_140' title='bbox 550 2205 745 2261; x_wconf 85' lang='lat' dir='ltr'>habeat</span> <span class='ocrx_word' id='word_1_141' title='bbox 790 2207 1112 2274; x_wconf 74' lang='lat' dir='ltr'>sanitatem3</span> <span class='ocrx_word' id='word_1_142' title='bbox 1168 2208 1268 2264; x_wconf 78' lang='lat' dir='ltr'>sed</span> 
     </span>
     <span class='ocr_line' id='line_1_27' title="bbox 184 2276 1269 2358; baseline 0.005 -28"><span class='ocrx_word' id='word_1_143' title='bbox 184 2277 285 2330; x_wconf 76' lang='lat' dir='ltr'>dat</span> <span class='ocrx_word' id='word_1_144' title='bbox 337 2276 418 2331; x_wconf 91' lang='lat' dir='ltr'>illi</span> <span class='ocrx_word' id='word_1_145' title='bbox 468 2277 660 2330; x_wconf 77' lang='lat' dir='ltr'>vinum</span> <span class='ocrx_word' id='word_1_146' title='bbox 698 2292 838 2358; x_wconf 83' lang='lat' dir='ltr'>aqua</span> <span class='ocrx_word' id='word_1_147' title='bbox 883 2278 1136 2333; x_wconf 79' lang='lat' dir='ltr'>mixtum.</span> <span class='ocrx_word' id='word_1_148' title='bbox 1178 2280 1269 2336; x_wconf 76' lang='lat' dir='ltr'>Sic</span> 
     </span>
     <span class='ocr_line' id='line_1_28' title="bbox 137 2346 1270 2418; baseline 0.003 -16"><span class='ocrx_word' id='word_1_149' title='bbox 137 2388 141 2392; x_wconf 78' lang='lat'>.</span> <span class='ocrx_word' id='word_1_150' title='bbox 199 2346 432 2402; x_wconf 72' lang='lat' dir='ltr'>homine</span> <span class='ocrx_word' id='word_1_151' title='bbox 452 2348 715 2402; x_wconf 80' lang='lat' dir='ltr'>existente</span> <span class='ocrx_word' id='word_1_152' title='bbox 744 2364 799 2400; x_wconf 78' lang='lat' dir='ltr'>in</span> <span class='ocrx_word' id='word_1_153' title='bbox 814 2348 925 2400; x_wconf 86' lang='lat' dir='ltr'>vita</span> <span class='ocrx_word' id='word_1_154' title='bbox 938 2348 1059 2411; x_wconf 63' lang='lat' dir='ltr'>ista,</span> <span class='ocrx_word' id='word_1_155' title='bbox 1083 2365 1270 2418; x_wconf 70' lang='lat' dir='ltr'>quam·</span> 
     </span>
     <span class='ocr_line' id='line_1_29' title="bbox 192 2419 1267 2494; baseline 0.006 -21"><span class='ocrx_word' id='word_1_156' title='bbox 192 2419 280 2474; x_wconf 78' lang='lat' dir='ltr'>vis</span> <span class='ocrx_word' id='word_1_157' title='bbox 327 2421 551 2476; x_wconf 85' lang='lat' dir='ltr'>evaserit</span> <span class='ocrx_word' id='word_1_158' title='bbox 616 2421 987 2477; x_wconf 80' lang='lat' dir='ltr'>infirmitatem</span> <span class='ocrx_word' id='word_1_159' title='bbox 1046 2423 1267 2494; x_wconf 81' lang='lat' dir='ltr'>peccati,</span> 
     </span>
     <span class='ocr_line' id='line_1_30' title="bbox 188 2492 1268 2559; baseline 0.003 -15"><span class='ocrx_word' id='word_1_160' title='bbox 188 2501 374 2544; x_wconf 79' lang='lat' dir='ltr'>tamen</span> <span class='ocrx_word' id='word_1_161' title='bbox 400 2492 597 2544; x_wconf 88' lang='lat' dir='ltr'>debilis</span> <span class='ocrx_word' id='word_1_162' title='bbox 632 2502 715 2546; x_wconf 89' lang='lat' dir='ltr'>est</span> <span class='ocrx_word' id='word_1_163' title='bbox 757 2502 809 2546; x_wconf 85' lang='lat' dir='ltr'>et</span> <span class='ocrx_word' id='word_1_164' title='bbox 847 2503 1023 2559; x_wconf 71' lang='lat' dir='ltr'>potest</span> <span class='ocrx_word' id='word_1_165' title='bbox 1064 2494 1268 2548; x_wconf 79' lang='lat' dir='ltr'>recidi-</span> 
     </span>
     <span class='ocr_line' id='line_1_31' title="bbox 192 2563 1267 2626; baseline 0.004 -10"><span class='ocrx_word' id='word_1_166' title='bbox 192 2577 336 2626; x_wconf 81' lang='lat' dir='ltr'>vare,</span> <span class='ocrx_word' id='word_1_167' title='bbox 379 2564 471 2616; x_wconf 90' lang='lat' dir='ltr'>dat</span> <span class='ocrx_word' id='word_1_168' title='bbox 497 2563 764 2617; x_wconf 84' lang='lat' dir='ltr'>Dominus</span> <span class='ocrx_word' id='word_1_169' title='bbox 792 2564 985 2620; x_wconf 85' lang='lat' dir='ltr'>vinum</span> <span class='ocrx_word' id='word_1_170' title='bbox 1032 2566 1267 2620; x_wconf 84' lang='lat' dir='ltr'>mixtum</span> 
     </span>
     <span class='ocr_line' id='line_1_32' title="bbox 184 2634 1267 2702; baseline 0.006 -18"><span class='ocrx_word' id='word_1_171' title='bbox 184 2648 332 2702; x_wconf 78' lang='lat' dir='ltr'>aqua</span> <span class='ocrx_word' id='word_1_172' title='bbox 392 2634 791 2698; x_wconf 86' lang='lat' dir='ltr'>tribulationis;</span> <span class='ocrx_word' id='word_1_173' title='bbox 856 2637 951 2688; x_wconf 83' lang='lat' dir='ltr'>sed</span> <span class='ocrx_word' id='word_1_174' title='bbox 1006 2636 1066 2692; x_wconf 86' lang='lat' dir='ltr'>in</span> <span class='ocrx_word' id='word_1_175' title='bbox 1119 2636 1267 2701; x_wconf 78' lang='lat' dir='ltr'>fine,</span> 
     </span>
     <span class='ocr_line' id='line_1_33' title="bbox 186 2705 1266 2773; baseline 0.002 -15"><span class='ocrx_word' id='word_1_176' title='bbox 186 2705 409 2773; x_wconf 74' lang='lat' dir='ltr'>quando</span> <span class='ocrx_word' id='word_1_177' title='bbox 427 2705 650 2760; x_wconf 84' lang='lat' dir='ltr'>habebit</span> <span class='ocrx_word' id='word_1_178' title='bbox 662 2705 947 2772; x_wconf 80' lang='lat' dir='ltr'>perfectam</span> <span class='ocrx_word' id='word_1_179' title='bbox 963 2707 1266 2771; x_wconf 84' lang='lat' dir='ltr'>sanitatem,</span> 
     </span>
     <span class='ocr_line' id='line_1_34' title="bbox 190 2776 1268 2844; baseline 0.003 -14"><span class='ocrx_word' id='word_1_180' title='bbox 190 2785 325 2830; x_wconf 79' lang='lat' dir='ltr'>tune</span> <span class='ocrx_word' id='word_1_181' title='bbox 376 2776 527 2829; x_wconf 80' lang='lat' dir='ltr'>dabit</span> <span class='ocrx_word' id='word_1_182' title='bbox 564 2776 755 2832; x_wconf 84' lang='lat' dir='ltr'>vinum</span> <span class='ocrx_word' id='word_1_183' title='bbox 806 2792 1007 2844; x_wconf 82' lang='lat' dir='ltr'>purum</span> <span class='ocrx_word' id='word_1_184' title='bbox 1055 2788 1268 2833; x_wconf 73' lang='lat' dir='ltr'>aeternae</span> 
     </span>
     <span class='ocr_line' id='line_1_35' title="bbox 191 2849 601 2907; baseline -0.007 -1"><span class='ocrx_word' id='word_1_185' title='bbox 191 2849 601 2907; x_wconf 80' lang='lat' dir='ltr'>consolationis.</span> 
     </span>
    </p>

    <p class='ocr_par' dir='ltr' id='par_1_3' title="bbox 185 2919 1270 3987">
     <span class='ocr_line' id='line_1_36' title="bbox 262 2919 1266 2980; baseline 0.005 -6"><span class='ocrx_word' id='word_1_186' title='bbox 262 2919 325 2974; x_wconf 73' lang='lat' dir='ltr'>r3</span> <span class='ocrx_word' id='word_1_187' title='bbox 362 2921 499 2980; x_wconf 60' lang='lat' dir='ltr'>Qun</span> <span class='ocrx_word' id='word_1_188' title='bbox 523 2937 663 2976; x_wconf 65' lang='lat' dir='ltr'>suar</span> <span class='ocrx_word' id='word_1_189' title='bbox 687 2937 996 2976; x_wconf 67' lang='lat' dir='ltr'>nomn-mr</span> <span class='ocrx_word' id='word_1_190' title='bbox 1037 2938 1138 2976; x_wconf 71' lang='lat' dir='ltr'>sax</span> <span class='ocrx_word' id='word_1_191' title='bbox 1162 2939 1266 2979; x_wconf 76' lang='lat'>111·-</span> 
     </span>
     <span class='ocr_line' id='line_1_37' title="bbox 193 2989 1270 3063; baseline 0.004 -19"><span class='ocrx_word' id='word_1_192' title='bbox 193 2989 378 3044; x_wconf 66' lang='lat' dir='ltr'>nam?</span> <span class='ocrx_word' id='word_1_193' title='bbox 412 3019 478 3032; x_wconf 89' lang='lat'>--</span> <span class='ocrx_word' id='word_1_194' title='bbox 520 2992 602 3046; x_wconf 85' lang='lat' dir='ltr'>De</span> <span class='ocrx_word' id='word_1_195' title='bbox 641 2991 910 3063; x_wconf 72' lang='lat' dir='ltr'>praedictis</span> <span class='ocrx_word' id='word_1_196' title='bbox 954 2993 1168 3059; x_wconf 76' lang='lat' dir='ltr'>hydriis</span> <span class='ocrx_word' id='word_1_197' title='bbox 1214 3002 1270 3048; x_wconf 78' lang='lat' dir='ltr'>at</span> 
     </span>
     <span class='ocr_line' id='line_1_38' title="bbox 193 3063 1268 3121; baseline 0.004 -3"><span class='ocrx_word' id='word_1_198' title='bbox 193 3063 438 3118; x_wconf 84' lang='lat' dir='ltr'>metretis</span> <span class='ocrx_word' id='word_1_199' title='bbox 509 3064 591 3116; x_wconf 84' lang='lat' dir='ltr'>sic</span> <span class='ocrx_word' id='word_1_200' title='bbox 660 3064 793 3117; x_wconf 88' lang='lat' dir='ltr'>dicit</span> <span class='ocrx_word' id='word_1_201' title='bbox 864 3065 1188 3121; x_wconf 57' lang='lat' dir='ltr'>Bernartius</span> <span class='ocrx_word' id='word_1_202' title='bbox 1247 3082 1268 3121; x_wconf 74' lang='grc' dir='ltr'><strong>ε</strong></span> 
     </span>
     <span class='ocr_line' id='line_1_39' title="bbox 194 3134 1266 3205; baseline 0.006 -21"><span class='ocrx_word' id='word_1_203' title='bbox 194 3153 226 3184; x_wconf 68' lang='lat' dir='ltr'>a</span> <span class='ocrx_word' id='word_1_204' title='bbox 246 3135 358 3188; x_wconf 79' lang='lat' dir='ltr'>Sex</span> <span class='ocrx_word' id='word_1_205' title='bbox 399 3134 608 3201; x_wconf 76' lang='lat' dir='ltr'>hydriae</span> <span class='ocrx_word' id='word_1_206' title='bbox 648 3135 838 3204; x_wconf 82' lang='lat' dir='ltr'>positae</span> <span class='ocrx_word' id='word_1_207' title='bbox 872 3145 1006 3190; x_wconf 84' lang='lat' dir='ltr'>sunt</span> <span class='ocrx_word' id='word_1_208' title='bbox 1046 3136 1134 3191; x_wconf 82' lang='lat' dir='ltr'>his</span> <span class='ocrx_word' id='word_1_209' title='bbox 1171 3135 1266 3205; x_wconf 72' lang='lat' dir='ltr'>qui</span> 
     </span>
     <span class='ocr_line' id='line_1_40' title="bbox 194 3207 1268 3276; baseline 0.003 -18"><span class='ocrx_word' id='word_1_210' title='bbox 194 3217 321 3275; x_wconf 82' lang='lat' dir='ltr'>post</span> <span class='ocrx_word' id='word_1_211' title='bbox 353 3207 690 3276; x_wconf 83' lang='lat' dir='ltr'>Baptismum</span> <span class='ocrx_word' id='word_1_212' title='bbox 732 3207 790 3258; x_wconf 87' lang='lat' dir='ltr'>in</span> <span class='ocrx_word' id='word_1_213' title='bbox 1075 3208 1268 3262; x_wconf 82' lang='lat' dir='ltr'>labun-</span> 
     </span>
     <span class='ocr_line' id='line_1_41' title="bbox 194 3278 1268 3350; baseline -0.002 -16"><span class='ocrx_word' id='word_1_214' title='bbox 194 3290 304 3334; x_wconf 79' lang='lat' dir='ltr'>tur..</span> <span class='ocrx_word' id='word_1_215' title='bbox 352 3278 534 3333; x_wconf 82' lang='lat' dir='ltr'>Prima</span> <span class='ocrx_word' id='word_1_216' title='bbox 570 3278 782 3344; x_wconf 78' lang='lat' dir='ltr'>hydria,</span> <span class='ocrx_word' id='word_1_217' title='bbox 820 3289 875 3332; x_wconf 83' lang='lat' dir='ltr'>et</span> <span class='ocrx_word' id='word_1_218' title='bbox 910 3279 1087 3350; x_wconf 81' lang='lat' dir='ltr'>prima</span> <span class='ocrx_word' id='word_1_219' title='bbox 1133 3295 1268 3346; x_wconf 70' lang='lat' dir='ltr'>pur-</span> 
     </span>
     <span class='ocr_line' id='line_1_42' title="bbox 188 3350 1266 3419; baseline 0.003 -19"><span class='ocrx_word' id='word_1_220' title='bbox 188 3350 339 3417; x_wconf 87' lang='lat' dir='ltr'>gatio</span> <span class='ocrx_word' id='word_1_221' title='bbox 373 3351 427 3401; x_wconf 90' lang='lat' dir='ltr'>in</span> <span class='ocrx_word' id='word_1_222' title='bbox 464 3352 881 3416; x_wconf 90' lang='lat' dir='ltr'>compunctione</span> <span class='ocrx_word' id='word_1_223' title='bbox 925 3361 1024 3413; x_wconf 88' lang='lat' dir='ltr'>est,</span> <span class='ocrx_word' id='word_1_224' title='bbox 1055 3353 1123 3403; x_wconf 92' lang='lat' dir='ltr'>de</span> <span class='ocrx_word' id='word_1_225' title='bbox 1158 3367 1266 3419; x_wconf 88' lang='lat' dir='ltr'>qua</span> 
     </span>
     <span class='ocr_line' id='line_1_43' title="bbox 196 3420 1269 3489; baseline 0.003 -18"><span class='ocrx_word' id='word_1_226' title='bbox 196 3420 464 3486; x_wconf 82' lang='lat' dir='ltr'>legimus:</span> <span class='ocrx_word' id='word_1_227' title='bbox 496 3421 753 3487; x_wconf 88' lang='lat' dir='ltr'>quoniam</span> <span class='ocrx_word' id='word_1_228' title='bbox 783 3422 832 3472; x_wconf 85' lang='lat' dir='ltr'>si</span> <span class='ocrx_word' id='word_1_229' title='bbox 863 3422 1060 3489; x_wconf 80' lang='lat' dir='ltr'>impius</span> <span class='ocrx_word' id='word_1_230' title='bbox 1092 3423 1269 3489; x_wconf 81' lang='lat' dir='ltr'>egerit</span> 
     </span>
     <span class='ocr_line' id='line_1_44' title="bbox 185 3493 1267 3561; baseline 0.002 -17"><span class='ocrx_word' id='word_1_231' title='bbox 185 3493 560 3559; x_wconf 77' lang='lat' dir='ltr'>poenitentiam</span> <span class='ocrx_word' id='word_1_232' title='bbox 614 3494 685 3544; x_wconf 83' lang='lat' dir='ltr'>ab</span> <span class='ocrx_word' id='word_1_233' title='bbox 738 3495 979 3546; x_wconf 83' lang='lat' dir='ltr'>omnibus</span> <span class='ocrx_word' id='word_1_234' title='bbox 1023 3496 1267 3561; x_wconf 75' lang='lat' dir='ltr'>peccatis</span> 
     </span>
     <span class='ocr_line' id='line_1_45' title="bbox 197 3564 1268 3633; baseline 0.005 -18"><span class='ocrx_word' id='word_1_235' title='bbox 197 3564 335 3627; x_wconf 76' lang='lat' dir='ltr'>suiS,</span> <span class='ocrx_word' id='word_1_236' title='bbox 356 3564 588 3615; x_wconf 83' lang='lat' dir='ltr'>omnium</span> <span class='ocrx_word' id='word_1_237' title='bbox 609 3564 946 3630; x_wconf 81' lang='lat' dir='ltr'>iniquitatum</span> <span class='ocrx_word' id='word_1_238' title='bbox 969 3566 1102 3632; x_wconf 80' lang='lat' dir='ltr'>ejus,</span> <span class='ocrx_word' id='word_1_239' title='bbox 1129 3581 1268 3633; x_wconf 79' lang='lat' dir='ltr'>quas</span> 
     </span>
     <span class='ocr_line' id='line_1_46' title="bbox 186 3638 1266 3703; baseline 0.002 -16"><span class='ocrx_word' id='word_1_240' title='bbox 186 3642 450 3703; x_wconf 80' lang='lat' dir='ltr'>operatus</span> <span class='ocrx_word' id='word_1_241' title='bbox 488 3642 588 3700; x_wconf 85' lang='lat' dir='ltr'>est,</span> <span class='ocrx_word' id='word_1_242' title='bbox 632 3651 734 3688; x_wconf 84' lang='lat' dir='ltr'>non</span> <span class='ocrx_word' id='word_1_243' title='bbox 782 3638 1126 3689; x_wconf 82' lang='lat' dir='ltr'>recordabor.</span> <span class='ocrx_word' id='word_1_244' title='bbox 1166 3639 1266 3689; x_wconf 86' lang='lat' dir='ltr'>Se·-</span> 
     </span>
     <span class='ocr_line' id='line_1_47' title="bbox 191 3708 1270 3761; baseline 0 -2"><span class='ocrx_word' id='word_1_245' title='bbox 191 3708 373 3759; x_wconf 88' lang='lat' dir='ltr'>cunda</span> <span class='ocrx_word' id='word_1_246' title='bbox 409 3724 538 3759; x_wconf 84' lang='lat' dir='ltr'>vero</span> <span class='ocrx_word' id='word_1_247' title='bbox 588 3708 856 3760; x_wconf 90' lang='lat' dir='ltr'>confessio</span> <span class='ocrx_word' id='word_1_248' title='bbox 897 3719 979 3760; x_wconf 87' lang='lat' dir='ltr'>est</span> <span class='ocrx_word' id='word_1_249' title='bbox 1019 3727 1036 3761; x_wconf 76' lang='grc' dir='ltr'>ι</span> <span class='ocrx_word' id='word_1_250' title='bbox 1083 3709 1270 3761; x_wconf 84' lang='lat' dir='ltr'>omnia</span> 
     </span>
     <span class='ocr_line' id='line_1_48' title="bbox 189 3779 1267 3846; baseline 0.002 -16"><span class='ocrx_word' id='word_1_251' title='bbox 189 3779 472 3846; x_wconf 82' lang='lat' dir='ltr'>siquidem</span> <span class='ocrx_word' id='word_1_252' title='bbox 528 3780 587 3830; x_wconf 90' lang='lat' dir='ltr'>in</span> <span class='ocrx_word' id='word_1_253' title='bbox 637 3779 977 3832; x_wconf 88' lang='lat' dir='ltr'>confessione</span> <span class='ocrx_word' id='word_1_254' title='bbox 1003 3782 1267 3832; x_wconf 84' lang='lat' dir='ltr'>lavantur.</span> 
     </span>
     <span class='ocr_line' id='line_1_49' title="bbox 191 3850 1270 3918; baseline 0 -14"><span class='ocrx_word' id='word_1_255' title='bbox 191 3851 410 3914; x_wconf 76' lang='lat' dir='ltr'>Tertia,</span> <span class='ocrx_word' id='word_1_256' title='bbox 467 3850 932 3917; x_wconf 49' lang='lat' dir='ltr'>&amp;mosynarum</span> <span class='ocrx_word' id='word_1_257' title='bbox 993 3851 1210 3918; x_wconf 74' lang='lat' dir='ltr'>largitio</span> <span class='ocrx_word' id='word_1_258' title='bbox 1248 3867 1270 3904; x_wconf 67' lang='grc' dir='ltr'><strong><em>ε</em></strong></span> 
     </span>
     <span class='ocr_line' id='line_1_50' title="bbox 188 3921 1265 3987; baseline 0.003 -14"><span class='ocrx_word' id='word_1_259' title='bbox 188 3921 331 3973; x_wconf 77' lang='lat' dir='ltr'>hinc</span> <span class='ocrx_word' id='word_1_260' title='bbox 378 3922 525 3974; x_wconf 82' lang='lat' dir='ltr'>enim</span> <span class='ocrx_word' id='word_1_261' title='bbox 579 3921 749 3973; x_wconf 76' lang='lat' dir='ltr'>habes</span> <span class='ocrx_word' id='word_1_262' title='bbox 802 3922 867 3974; x_wconf 81' lang='lat' dir='ltr'>in</span> <span class='ocrx_word' id='word_1_263' title='bbox 903 3921 1215 3987; x_wconf 66' lang='lat' dir='ltr'>Evangelio</span> <span class='ocrx_word' id='word_1_264' title='bbox 1246 3937 1265 3976; x_wconf 68' lang='grc' dir='ltr'><strong><em>ε</em></strong></span> 
     </span>
    </p>
   </div>
   <div class='ocr_carea' id='block_1_3' title="bbox 2335 382 2441 443">
    <p class='ocr_par' dir='ltr' id='par_1_4' title="bbox 2335 382 2441 443">
     <span class='ocr_line' id='line_1_51' title="bbox 2335 382 2441 443; baseline 0.028 -4"><span class='ocrx_word' id='word_1_265' title='bbox 2335 382 2441 443; x_wconf 78' lang='lat'>263</span> 
     </span>
    </p>
   </div>
   <div class='ocr_carea' id='block_1_4' title="bbox 1374 499 2446 697">
    <p class='ocr_par' dir='ltr' id='par_1_5' title="bbox 1374 499 2446 697">
     <span class='ocr_line' id='line_1_52' title="bbox 1376 499 2445 561; baseline 0.009 -12"><span class='ocrx_word' id='word_1_266' title='bbox 1376 505 1502 551; x_wconf 76' lang='lat' dir='ltr'>sunt</span> <span class='ocrx_word' id='word_1_267' title='bbox 1537 499 1707 554; x_wconf 72' lang='lat' dir='ltr'>vobit.</span> <span class='ocrx_word' id='word_1_268' title='bbox 1731 500 1933 561; x_wconf 87' lang='lat' dir='ltr'>Quarta</span> <span class='ocrx_word' id='word_1_269' title='bbox 1967 511 2048 554; x_wconf 87' lang='lat' dir='ltr'>est</span> <span class='ocrx_word' id='word_1_270' title='bbox 2074 500 2324 555; x_wconf 84' lang='lat' dir='ltr'>remissio</span> <span class='ocrx_word' id='word_1_271' title='bbox 2351 501 2445 559; x_wconf 78' lang='lat' dir='ltr'>iu-</span> 
     </span>
     <span class='ocr_line' id='line_1_53' title="bbox 1374 569 2445 639; baseline 0.005 -16"><span class='ocrx_word' id='word_1_272' title='bbox 1374 569 1658 635; x_wconf 69' lang='lat' dir='ltr'>juriarum,</span> <span class='ocrx_word' id='word_1_273' title='bbox 1696 572 1994 628; x_wconf 82' lang='lat' dir='ltr'>secundum</span> <span class='ocrx_word' id='word_1_274' title='bbox 2038 573 2186 639; x_wconf 89' lang='lat' dir='ltr'>quod</span> <span class='ocrx_word' id='word_1_275' title='bbox 2230 584 2445 633; x_wconf 65' lang='lat' dir='ltr'>orantes</span> 
     </span>
     <span class='ocr_line' id='line_1_54' title="bbox 1374 639 2446 697; baseline 0.004 -4"><span class='ocrx_word' id='word_1_276' title='bbox 1374 639 1656 695; x_wconf 74' lang='lat' dir='ltr'>dicimus:</span> <span class='ocrx_word' id='word_1_277' title='bbox 1684 641 1910 695; x_wconf 84' lang='lat' dir='ltr'>Dimitte</span> <span class='ocrx_word' id='word_1_278' title='bbox 1941 643 2094 696; x_wconf 78' lang='lat' dir='ltr'>nobis</span> <span class='ocrx_word' id='word_1_279' title='bbox 2124 643 2300 697; x_wconf 82' lang='lat' dir='ltr'>debita</span> <span class='ocrx_word' id='word_1_280' title='bbox 2341 658 2446 697; x_wconf 73' lang='lat' dir='ltr'>no·-</span> 
     </span>
    </p>
   </div>
   <div class='ocr_carea' id='block_1_5' title="bbox 1336 715 2446 776">
    <p class='ocr_par' dir='ltr' id='par_1_6' title="bbox 1336 715 2446 776">
     <span class='ocr_line' id='line_1_55' title="bbox 1336 715 2446 776; baseline 0.006 -12"><span class='ocrx_word' id='word_1_281' title='bbox 1336 760 1340 764; x_wconf 88' lang='grc'><em>,</em></span> <span class='ocrx_word' id='word_1_282' title='bbox 1376 719 1495 764; x_wconf 76' lang='lat' dir='ltr'>stra</span> <span class='ocrx_word' id='word_1_283' title='bbox 1516 729 1537 776; x_wconf 92' lang='lat'>,·</span> <span class='ocrx_word' id='word_1_284' title='bbox 1566 715 1707 767; x_wconf 76' lang='lat' dir='ltr'>sicut</span> <span class='ocrx_word' id='word_1_285' title='bbox 1732 721 1786 766; x_wconf 84' lang='lat' dir='ltr'>et</span> <span class='ocrx_word' id='word_1_286' title='bbox 1812 730 1911 769; x_wconf 79' lang='lat' dir='ltr'>nos</span> <span class='ocrx_word' id='word_1_287' title='bbox 1951 716 2269 769; x_wconf 75' lang='lat' dir='ltr'>dimittimur</span> <span class='ocrx_word' id='word_1_288' title='bbox 2302 716 2446 771; x_wconf 66' lang='lat' dir='ltr'>debir</span> 
     </span>
    </p>
   </div>
   <div class='ocr_carea' id='block_1_6' title="bbox 1375 784 2444 922">
    <p class='ocr_par' dir='ltr' id='par_1_7' title="bbox 1375 784 2444 922">
     <span class='ocr_line' id='line_1_56' title="bbox 1376 784 2444 849; baseline 0.01 -12"><span class='ocrx_word' id='word_1_289' title='bbox 1376 784 1583 837; x_wconf 80' lang='lat' dir='ltr'>toribus</span> <span class='ocrx_word' id='word_1_290' title='bbox 1624 786 1846 838; x_wconf 71' lang='lat' dir='ltr'>nostris.</span> <span class='ocrx_word' id='word_1_291' title='bbox 1878 785 2081 849; x_wconf 84' lang='lat' dir='ltr'>Quinta</span> <span class='ocrx_word' id='word_1_292' title='bbox 2115 796 2204 841; x_wconf 82' lang='lat' dir='ltr'>est</span> <span class='ocrx_word' id='word_1_293' title='bbox 2225 786 2444 849; x_wconf 70' lang='lat' dir='ltr'>afflictio</span> 
     </span>
     <span class='ocr_line' id='line_1_57' title="bbox 1375 854 2154 922; baseline 0.006 -19"><span class='ocrx_word' id='word_1_294' title='bbox 1375 854 1636 922; x_wconf 85' lang='lat' dir='ltr'>corporis,</span> <span class='ocrx_word' id='word_1_295' title='bbox 1664 856 1809 911; x_wconf 85' lang='lat' dir='ltr'>unde</span> <span class='ocrx_word' id='word_1_296' title='bbox 1831 872 2116 911; x_wconf 79' lang='lat' dir='ltr'>exoramus</span> <span class='ocrx_word' id='word_1_297' title='bbox 2140 875 2154 908; x_wconf 75' lang='lat' dir='ltr'>z</span> 
     </span>
    </p>
   </div>
   <div class='ocr_carea' id='block_1_7' title="bbox 1437 986 2268 1133">
    <p class='ocr_par' dir='ltr' id='par_1_8' title="bbox 1437 986 2268 1133">
     <span class='ocr_line' id='line_1_58' title="bbox 1449 986 2268 1056; baseline 0.002 -16"><span class='ocrx_word' id='word_1_298' title='bbox 1449 986 1522 1040; x_wconf 87' lang='lat' dir='ltr'>Ut</span> <span class='ocrx_word' id='word_1_299' title='bbox 1546 988 1733 1042; x_wconf 78' lang='lat' dir='ltr'>mundi</span> <span class='ocrx_word' id='word_1_300' title='bbox 1748 1003 1850 1055; x_wconf 81' lang='lat' dir='ltr'>per</span> <span class='ocrx_word' id='word_1_301' title='bbox 1871 990 2268 1056; x_wconf 77' lang='lat' dir='ltr'>abstinentiam,</span> 
     </span>
     <span class='ocr_line' id='line_1_59' title="bbox 1437 1059 2132 1133; baseline 0.003 -18"><span class='ocrx_word' id='word_1_302' title='bbox 1437 1059 1560 1115; x_wconf 76' lang='lat' dir='ltr'>Deo</span> <span class='ocrx_word' id='word_1_303' title='bbox 1580 1074 1838 1115; x_wconf 76' lang='lat' dir='ltr'>canamus</span> <span class='ocrx_word' id='word_1_304' title='bbox 1868 1062 2132 1133; x_wconf 74' lang='lat' dir='ltr'>gratiam.</span> 
     </span>
    </p>
   </div>
   <div class='ocr_carea' id='block_1_8' title="bbox 1369 1206 2449 2989">
    <p class='ocr_par' dir='ltr' id='par_1_9' title="bbox 1369 1206 2449 2989">
     <span class='ocr_line' id='line_1_60' title="bbox 1375 1206 2445 1281; baseline 0.005 -20"><span class='ocrx_word' id='word_1_305' title='bbox 1375 1207 1537 1261; x_wconf 69' lang='lat' dir='ltr'>sexta</span> <span class='ocrx_word' id='word_1_306' title='bbox 1600 1215 1683 1260; x_wconf 84' lang='lat' dir='ltr'>est</span> <span class='ocrx_word' id='word_1_307' title='bbox 1765 1206 2081 1262; x_wconf 85' lang='lat' dir='ltr'>obedientia</span> <span class='ocrx_word' id='word_1_308' title='bbox 2150 1219 2445 1281; x_wconf 68' lang='lat' dir='ltr'>precepto-</span> 
     </span>
     <span class='ocr_line' id='line_1_61' title="bbox 1376 1277 2445 1347; baseline 0.006 -19"><span class='ocrx_word' id='word_1_309' title='bbox 1376 1293 1540 1339; x_wconf 80' lang='lat' dir='ltr'>rum.</span> <span class='ocrx_word' id='word_1_310' title='bbox 1605 1277 1747 1333; x_wconf 80' lang='lat' dir='ltr'>sicut</span> <span class='ocrx_word' id='word_1_311' title='bbox 1817 1279 2107 1333; x_wconf 82' lang='lat' dir='ltr'>audierunt</span> <span class='ocrx_word' id='word_1_312' title='bbox 2151 1281 2445 1347; x_wconf 78' lang='lat' dir='ltr'>discipuli.</span> 
     </span>
     <span class='ocr_line' id='line_1_62' title="bbox 1375 1348 2449 1417; baseline 0.008 -18"><span class='ocrx_word' id='word_1_313' title='bbox 1375 1348 1523 1417; x_wconf 87' lang='lat' dir='ltr'>quod</span> <span class='ocrx_word' id='word_1_314' title='bbox 1564 1348 1778 1401; x_wconf 83' lang='lat' dir='ltr'>utinam</span> <span class='ocrx_word' id='word_1_315' title='bbox 1822 1348 2127 1405; x_wconf 88' lang='lat' dir='ltr'>mereamur</span> <span class='ocrx_word' id='word_1_316' title='bbox 2166 1352 2356 1407; x_wconf 79' lang='lat' dir='ltr'>audire</span> <span class='ocrx_word' id='word_1_317' title='bbox 2390 1362 2449 1415; x_wconf 74' lang='lat' dir='ltr'>et</span> 
     </span>
     <span class='ocr_line' id='line_1_63' title="bbox 1373 1419 2448 1490; baseline 0.002 -17"><span class='ocrx_word' id='word_1_318' title='bbox 1373 1435 1479 1473; x_wconf 85' lang='lat' dir='ltr'>nos</span> <span class='ocrx_word' id='word_1_319' title='bbox 1505 1435 1526 1475; x_wconf 72' lang='lat' dir='ltr'>t</span> <span class='ocrx_word' id='word_1_320' title='bbox 1563 1419 1670 1475; x_wconf 78' lang='lat' dir='ltr'>Vos</span> <span class='ocrx_word' id='word_1_321' title='bbox 1697 1420 1882 1473; x_wconf 75' lang='lat' dir='ltr'>mundi</span> <span class='ocrx_word' id='word_1_322' title='bbox 1908 1421 2059 1486; x_wconf 74' lang='lat' dir='ltr'>estis,</span> <span class='ocrx_word' id='word_1_323' title='bbox 2079 1428 2307 1490; x_wconf 77' lang='lat' dir='ltr'>propter</span> <span class='ocrx_word' id='word_1_324' title='bbox 2338 1436 2448 1479; x_wconf 60' lang='lat' dir='ltr'>aar«</span> 
     </span>
     <span class='ocr_line' id='line_1_64' title="bbox 1376 1490 2445 1558; baseline 0.002 -16"><span class='ocrx_word' id='word_1_325' title='bbox 1376 1505 1581 1542; x_wconf 72' lang='lat' dir='ltr'>monem</span> <span class='ocrx_word' id='word_1_326' title='bbox 1620 1505 1774 1558; x_wconf 77' lang='lat' dir='ltr'>quem</span> <span class='ocrx_word' id='word_1_327' title='bbox 1835 1490 2042 1543; x_wconf 75' lang='lat' dir='ltr'>locutus</span> <span class='ocrx_word' id='word_1_328' title='bbox 2101 1507 2219 1545; x_wconf 82' lang='lat' dir='ltr'>sum</span> <span class='ocrx_word' id='word_1_329' title='bbox 2275 1493 2445 1551; x_wconf 68' lang='lat' dir='ltr'>vobis.</span> 
     </span>
     <span class='ocr_line' id='line_1_65' title="bbox 1375 1559 2447 1629; baseline 0.007 -18"><span class='ocrx_word' id='word_1_330' title='bbox 1375 1559 1654 1616; x_wconf 87' lang='lat' dir='ltr'>Nimirum</span> <span class='ocrx_word' id='word_1_331' title='bbox 1705 1561 1836 1629; x_wconf 87' lang='lat' dir='ltr'>quia</span> <span class='ocrx_word' id='word_1_332' title='bbox 1882 1572 2174 1623; x_wconf 79' lang='lat' dir='ltr'>nouerant</span> <span class='ocrx_word' id='word_1_333' title='bbox 2214 1563 2354 1617; x_wconf 87' lang='lat' dir='ltr'>sicut</span> <span class='ocrx_word' id='word_1_334' title='bbox 2384 1563 2447 1619; x_wconf 74' lang='lat' dir='ltr'>hi</span> 
     </span>
     <span class='ocr_line' id='line_1_66' title="bbox 1372 1633 2446 1700; baseline 0.005 -13"><span class='ocrx_word' id='word_1_335' title='bbox 1372 1635 1444 1687; x_wconf 87' lang='lat' dir='ltr'>de</span> <span class='ocrx_word' id='word_1_336' title='bbox 1470 1633 1671 1700; x_wconf 86' lang='lat' dir='ltr'>quibus</span> <span class='ocrx_word' id='word_1_337' title='bbox 1715 1634 1925 1690; x_wconf 85' lang='lat' dir='ltr'>dicetur</span> <span class='ocrx_word' id='word_1_338' title='bbox 1977 1651 1993 1688; x_wconf 73' lang='lat' dir='ltr'>t</span> <span class='ocrx_word' id='word_1_339' title='bbox 2045 1636 2239 1688; x_wconf 83' lang='lat' dir='ltr'>Sermo</span> <span class='ocrx_word' id='word_1_340' title='bbox 2296 1649 2446 1693; x_wconf 66' lang='lat' dir='ltr'>mem·</span> 
     </span>
     <span class='ocr_line' id='line_1_67' title="bbox 1373 1706 2446 1774; baseline 0.001 -18"><span class='ocrx_word' id='word_1_341' title='bbox 1373 1721 1479 1757; x_wconf 69' lang='lat' dir='ltr'>aon</span> <span class='ocrx_word' id='word_1_342' title='bbox 1507 1706 1653 1774; x_wconf 77' lang='lat' dir='ltr'>capit</span> <span class='ocrx_word' id='word_1_343' title='bbox 1692 1706 1747 1757; x_wconf 82' lang='lat' dir='ltr'>in</span> <span class='ocrx_word' id='word_1_344' title='bbox 1780 1706 1962 1772; x_wconf 54' lang='lat' dir='ltr'>vobin</span> <span class='ocrx_word' id='word_1_345' title='bbox 2013 1707 2108 1762; x_wconf 89' lang='lat' dir='ltr'>sed</span> <span class='ocrx_word' id='word_1_346' title='bbox 2152 1706 2212 1763; x_wconf 83' lang='lat' dir='ltr'>in</span> <span class='ocrx_word' id='word_1_347' title='bbox 2255 1707 2446 1767; x_wconf 78' lang='lat' dir='ltr'>auditu</span> 
     </span>
     <span class='ocr_line' id='line_1_68' title="bbox 1373 1778 2448 1839; baseline 0.007 -8"><span class='ocrx_word' id='word_1_348' title='bbox 1373 1778 1524 1831; x_wconf 83' lang='lat' dir='ltr'>verbi</span> <span class='ocrx_word' id='word_1_349' title='bbox 1567 1778 1882 1832; x_wconf 81' lang='lat' dir='ltr'>obedierant</span> <span class='ocrx_word' id='word_1_350' title='bbox 1928 1778 1997 1833; x_wconf 88' lang='lat' dir='ltr'>ei.</span> <span class='ocrx_word' id='word_1_351' title='bbox 2046 1780 2143 1831; x_wconf 84' lang='lat' dir='ltr'>Hae</span> <span class='ocrx_word' id='word_1_352' title='bbox 2185 1789 2314 1836; x_wconf 81' lang='lat' dir='ltr'>sunt</span> <span class='ocrx_word' id='word_1_353' title='bbox 2350 1794 2448 1839; x_wconf 60' lang='lat' dir='ltr'>Sex</span> 
     </span>
     <span class='ocr_line' id='line_1_69' title="bbox 1374 1850 2446 1919; baseline -0.001 -16"><span class='ocrx_word' id='word_1_354' title='bbox 1374 1850 1612 1919; x_wconf 60' lang='lat' dir='ltr'>hydria,</span> <span class='ocrx_word' id='word_1_355' title='bbox 1666 1850 1857 1918; x_wconf 68' lang='lat' dir='ltr'>posite</span> <span class='ocrx_word' id='word_1_356' title='bbox 1899 1850 1958 1907; x_wconf 85' lang='lat' dir='ltr'>in</span> <span class='ocrx_word' id='word_1_357' title='bbox 2019 1851 2446 1918; x_wconf 76' lang='lat' dir='ltr'>purificationem</span> 
     </span>
     <span class='ocr_line' id='line_1_70' title="bbox 1374 1932 2446 1990; baseline 0.005 -14"><span class='ocrx_word' id='word_1_358' title='bbox 1374 1932 1616 1977; x_wconf 78' lang='lat' dir='ltr'>nostram</span> <span class='ocrx_word' id='word_1_359' title='bbox 1666 1940 1682 1975; x_wconf 69' lang='grc' dir='ltr'>ς</span> <span class='ocrx_word' id='word_1_360' title='bbox 1722 1932 1776 1977; x_wconf 83' lang='lat' dir='ltr'>et</span> <span class='ocrx_word' id='word_1_361' title='bbox 1823 1939 1946 1990; x_wconf 85' lang='lat' dir='ltr'>quae</span> <span class='ocrx_word' id='word_1_362' title='bbox 2002 1939 2180 1977; x_wconf 83' lang='lat' dir='ltr'>vacuae</span> <span class='ocrx_word' id='word_1_363' title='bbox 2219 1935 2350 1981; x_wconf 86' lang='lat' dir='ltr'>sunt</span> <span class='ocrx_word' id='word_1_364' title='bbox 2388 1934 2446 1984; x_wconf 71' lang='lat' dir='ltr'>et</span> 
     </span>
     <span class='ocr_line' id='line_1_71' title="bbox 1374 1993 2447 2064; baseline 0.007 -19"><span class='ocrx_word' id='word_1_365' title='bbox 1374 1995 1547 2063; x_wconf 80' lang='lat' dir='ltr'>plenae</span> <span class='ocrx_word' id='word_1_366' title='bbox 1592 2004 1773 2055; x_wconf 77' lang='lat' dir='ltr'>vento.</span> <span class='ocrx_word' id='word_1_367' title='bbox 1822 1993 1870 2049; x_wconf 87' lang='lat' dir='ltr'>si</span> <span class='ocrx_word' id='word_1_368' title='bbox 1933 2011 2032 2060; x_wconf 84' lang='lat' dir='ltr'>pro</span> <span class='ocrx_word' id='word_1_369' title='bbox 2084 1995 2231 2049; x_wconf 67' lang='lat' dir='ltr'>inani</span> <span class='ocrx_word' id='word_1_370' title='bbox 2269 1996 2447 2064; x_wconf 72' lang='lat' dir='ltr'>gloria</span> 
     </span>
     <span class='ocr_line' id='line_1_72' title="bbox 1374 2065 2445 2132; baseline -0.002 -15"><span class='ocrx_word' id='word_1_371' title='bbox 1374 2065 1743 2117; x_wconf 82' lang='lat' dir='ltr'>observantur.</span> <span class='ocrx_word' id='word_1_372' title='bbox 1773 2066 1930 2130; x_wconf 83' lang='lat' dir='ltr'>Aqua</span> <span class='ocrx_word' id='word_1_373' title='bbox 1957 2068 2251 2132; x_wconf 89' lang='lat' dir='ltr'>replentur,</span> <span class='ocrx_word' id='word_1_374' title='bbox 2294 2066 2342 2118; x_wconf 87' lang='lat' dir='ltr'>si</span> <span class='ocrx_word' id='word_1_375' title='bbox 2366 2067 2445 2120; x_wconf 71' lang='lat' dir='ltr'>ti-</span> 
     </span>
     <span class='ocr_line' id='line_1_73' title="bbox 1374 2136 2443 2204; baseline 0.002 -17"><span class='ocrx_word' id='word_1_376' title='bbox 1374 2151 1527 2188; x_wconf 85' lang='lat' dir='ltr'>more</span> <span class='ocrx_word' id='word_1_377' title='bbox 1559 2136 1657 2191; x_wconf 69' lang='lat' dir='ltr'>Dei</span> <span class='ocrx_word' id='word_1_378' title='bbox 1723 2136 2105 2189; x_wconf 85' lang='lat' dir='ltr'>custodiuntur</span> <span class='ocrx_word' id='word_1_379' title='bbox 2123 2175 2137 2198; x_wconf 91' lang='lat'>‚</span> <span class='ocrx_word' id='word_1_380' title='bbox 2184 2137 2443 2204; x_wconf 75' lang='lat' dir='ltr'>quoniam</span> 
     </span>
     <span class='ocr_line' id='line_1_74' title="bbox 1369 2207 2444 2279; baseline 0 -15"><span class='ocrx_word' id='word_1_381' title='bbox 1369 2208 1535 2264; x_wconf 86' lang='lat' dir='ltr'>timor</span> <span class='ocrx_word' id='word_1_382' title='bbox 1584 2208 1840 2270; x_wconf 85' lang='lat' dir='ltr'>Domini,</span> <span class='ocrx_word' id='word_1_383' title='bbox 1886 2207 2009 2262; x_wconf 85' lang='lat' dir='ltr'>fons</span> <span class='ocrx_word' id='word_1_384' title='bbox 2059 2208 2200 2262; x_wconf 84' lang='lat' dir='ltr'>vitae.</span> <span class='ocrx_word' id='word_1_385' title='bbox 2255 2210 2444 2279; x_wconf 81' lang='lat' dir='ltr'>Aqua,</span> 
     </span>
     <span class='ocr_line' id='line_1_75' title="bbox 1373 2282 2444 2349; baseline -0.001 -13"><span class='ocrx_word' id='word_1_386' title='bbox 1373 2282 1599 2349; x_wconf 72' lang='lat' dir='ltr'>inquam</span> <span class='ocrx_word' id='word_1_387' title='bbox 1623 2320 1639 2343; x_wconf 90' lang='lat'>,</span> <span class='ocrx_word' id='word_1_388' title='bbox 1693 2282 1861 2335; x_wconf 87' lang='lat' dir='ltr'>timor</span> <span class='ocrx_word' id='word_1_389' title='bbox 1898 2282 2123 2337; x_wconf 87' lang='lat' dir='ltr'>Domini</span> <span class='ocrx_word' id='word_1_390' title='bbox 2178 2292 2260 2336; x_wconf 80' lang='lat' dir='ltr'>est</span> <span class='ocrx_word' id='word_1_391' title='bbox 2293 2299 2308 2337; x_wconf 74' lang='lat' dir='ltr'>z</span> <span class='ocrx_word' id='word_1_392' title='bbox 2339 2282 2444 2343; x_wconf 79' lang='lat' dir='ltr'>etsi</span> 
     </span>
     <span class='ocr_line' id='line_1_76' title="bbox 1372 2352 2446 2420; baseline -0.004 -14"><span class='ocrx_word' id='word_1_393' title='bbox 1372 2353 1559 2408; x_wconf 83' lang='lat' dir='ltr'>minus</span> <span class='ocrx_word' id='word_1_394' title='bbox 1587 2352 1790 2420; x_wconf 82' lang='lat' dir='ltr'>sapida,</span> <span class='ocrx_word' id='word_1_395' title='bbox 1832 2352 1926 2404; x_wconf 83' lang='lat' dir='ltr'>sed</span> <span class='ocrx_word' id='word_1_396' title='bbox 1966 2352 2172 2419; x_wconf 88' lang='lat' dir='ltr'>optime</span> <span class='ocrx_word' id='word_1_397' title='bbox 2215 2352 2446 2420; x_wconf 70' lang='lat' dir='ltr'>refrige-</span> 
     </span>
     <span class='ocr_line' id='line_1_77' title="bbox 1372 2423 2446 2482; baseline -0.003 -3"><span class='ocrx_word' id='word_1_398' title='bbox 1372 2440 1500 2479; x_wconf 78' lang='lat' dir='ltr'>rans</span> <span class='ocrx_word' id='word_1_399' title='bbox 1582 2424 1820 2478; x_wconf 84' lang='lat' dir='ltr'>animam</span> <span class='ocrx_word' id='word_1_400' title='bbox 1890 2423 2072 2480; x_wconf 77' lang='lat' dir='ltr'>noxiis</span> <span class='ocrx_word' id='word_1_401' title='bbox 2162 2423 2446 2482; x_wconf 73' lang='lat' dir='ltr'>desideriis</span> 
     </span>
     <span class='ocr_line' id='line_1_78' title="bbox 1371 2497 2445 2565; baseline 0.003 -15"><span class='ocrx_word' id='word_1_402' title='bbox 1371 2505 1687 2550; x_wconf 70' lang='lat' dir='ltr'>aesnnntem</span> <span class='ocrx_word' id='word_1_403' title='bbox 1717 2512 1732 2548; x_wconf 74' lang='lat' dir='ltr'>e</span> <span class='ocrx_word' id='word_1_404' title='bbox 1761 2511 1900 2565; x_wconf 74' lang='lat' dir='ltr'>aqua</span> <span class='ocrx_word' id='word_1_405' title='bbox 1937 2506 2046 2558; x_wconf 84' lang='lat' dir='ltr'>est,</span> <span class='ocrx_word' id='word_1_406' title='bbox 2101 2511 2224 2564; x_wconf 82' lang='lat' dir='ltr'>quae</span> <span class='ocrx_word' id='word_1_407' title='bbox 2273 2497 2445 2563; x_wconf 69' lang='lat' dir='ltr'>jamia</span> 
     </span>
     <span class='ocr_line' id='line_1_79' title="bbox 1373 2566 2441 2636; baseline 0.008 -19"><span class='ocrx_word' id='word_1_408' title='bbox 1373 2567 1583 2620; x_wconf 89' lang='lat' dir='ltr'>inimici</span> <span class='ocrx_word' id='word_1_409' title='bbox 1633 2566 1805 2635; x_wconf 79' lang='lat' dir='ltr'>ignita</span> <span class='ocrx_word' id='word_1_410' title='bbox 1859 2567 2030 2635; x_wconf 86' lang='lat' dir='ltr'>possit</span> <span class='ocrx_word' id='word_1_411' title='bbox 2080 2567 2441 2636; x_wconf 79' lang='lat' dir='ltr'>exstinguere.</span> 
     </span>
     <span class='ocr_line' id='line_1_80' title="bbox 1372 2637 2444 2707; baseline 0.001 -14"><span class='ocrx_word' id='word_1_412' title='bbox 1372 2638 1477 2693; x_wconf 84' lang='lat' dir='ltr'>Sed</span> <span class='ocrx_word' id='word_1_413' title='bbox 1524 2637 1709 2691; x_wconf 85' lang='lat' dir='ltr'>divina</span> <span class='ocrx_word' id='word_1_414' title='bbox 1768 2637 1967 2690; x_wconf 82' lang='lat' dir='ltr'>virtute</span> <span class='ocrx_word' id='word_1_415' title='bbox 2010 2653 2148 2707; x_wconf 87' lang='lat' dir='ltr'>aqua</span> <span class='ocrx_word' id='word_1_416' title='bbox 2199 2648 2444 2694; x_wconf 76' lang='lat' dir='ltr'>mutatur</span> 
     </span>
     <span class='ocr_line' id='line_1_81' title="bbox 1372 2707 2444 2780; baseline 0.001 -19"><span class='ocrx_word' id='word_1_417' title='bbox 1372 2708 1431 2761; x_wconf 92' lang='lat' dir='ltr'>in</span> <span class='ocrx_word' id='word_1_418' title='bbox 1458 2707 1646 2763; x_wconf 86' lang='lat' dir='ltr'>vinum</span> <span class='ocrx_word' id='word_1_419' title='bbox 1673 2725 1687 2759; x_wconf 74' lang='grc' dir='ltr'><strong>ε</strong></span> <span class='ocrx_word' id='word_1_420' title='bbox 1713 2709 1972 2778; x_wconf 86' lang='lat' dir='ltr'>quoniam</span> <span class='ocrx_word' id='word_1_421' title='bbox 1993 2710 2243 2780; x_wconf 76' lang='lat' dir='ltr'>perfecta</span> <span class='ocrx_word' id='word_1_422' title='bbox 2270 2709 2444 2767; x_wconf 65' lang='lat' dir='ltr'>chati-</span> 
     </span>
     <span class='ocr_line' id='line_1_82' title="bbox 1373 2778 2443 2848; baseline 0.006 -18"><span class='ocrx_word' id='word_1_423' title='bbox 1373 2785 1479 2843; x_wconf 66' lang='grc' dir='ltr'>τας,</span> <span class='ocrx_word' id='word_1_424' title='bbox 1493 2779 1667 2848; x_wconf 63' lang='lat' dir='ltr'>swas</span> <span class='ocrx_word' id='word_1_425' title='bbox 1703 2779 1866 2833; x_wconf 86' lang='lat' dir='ltr'>mittit</span> <span class='ocrx_word' id='word_1_426' title='bbox 1888 2779 2149 2830; x_wconf 83' lang='lat' dir='ltr'>timorem.</span> <span class='ocrx_word' id='word_1_427' title='bbox 2170 2778 2443 2836; x_wconf 84' lang='lat' dir='ltr'>Dicuntur</span> 
     </span>
     <span class='ocr_line' id='line_1_83' title="bbox 1372 2848 2443 2918; baseline -0.002 -16"><span class='ocrx_word' id='word_1_428' title='bbox 1372 2859 1554 2904; x_wconf 81' lang='lat' dir='ltr'>autem</span> <span class='ocrx_word' id='word_1_429' title='bbox 1605 2849 1831 2918; x_wconf 76' lang='lat' dir='ltr'>lapideae</span> <span class='ocrx_word' id='word_1_430' title='bbox 1884 2848 2091 2918; x_wconf 83' lang='lat' dir='ltr'>hydriae</span> <span class='ocrx_word' id='word_1_431' title='bbox 2114 2887 2129 2909; x_wconf 91' lang='lat'>‚</span> <span class='ocrx_word' id='word_1_432' title='bbox 2169 2865 2282 2902; x_wconf 87' lang='lat' dir='ltr'>non</span> <span class='ocrx_word' id='word_1_433' title='bbox 2327 2858 2443 2906; x_wconf 80' lang='lat' dir='ltr'>tam</span> 
     </span>
     <span class='ocr_line' id='line_1_84' title="bbox 1373 2920 2443 2989; baseline 0.005 -18"><span class='ocrx_word' id='word_1_434' title='bbox 1373 2929 1592 2989; x_wconf 86' lang='lat' dir='ltr'>propter</span> <span class='ocrx_word' id='word_1_435' title='bbox 1654 2920 1911 2974; x_wconf 88' lang='lat' dir='ltr'>duritiam</span> <span class='ocrx_word' id='word_1_436' title='bbox 1925 2958 1943 2981; x_wconf 79' lang='grc'><strong><em>,</em></strong></span> <span class='ocrx_word' id='word_1_437' title='bbox 1992 2935 2158 2988; x_wconf 86' lang='lat' dir='ltr'>quam</span> <span class='ocrx_word' id='word_1_438' title='bbox 2222 2929 2443 2988; x_wconf 78' lang='lat' dir='ltr'>propter</span> 
     </span>
    </p>
   </div>
   <div class='ocr_carea' id='block_1_9' title="bbox 1372 2991 2548 3061">
    <p class='ocr_par' dir='ltr' id='par_1_10' title="bbox 1372 2991 2548 3061">
     <span class='ocr_line' id='line_1_85' title="bbox 1372 2991 2548 3061; baseline -0.003 -17"><span class='ocrx_word' id='word_1_439' title='bbox 1372 2991 1737 3055; x_wconf 79' lang='lat' dir='ltr'>stabilitatem,</span> <span class='ocrx_word' id='word_1_440' title='bbox 1758 2991 2028 3058; x_wconf 86' lang='lat' dir='ltr'>capientes</span> <span class='ocrx_word' id='word_1_441' title='bbox 2055 2991 2284 3060; x_wconf 82' lang='lat' dir='ltr'>singulae</span> <span class='ocrx_word' id='word_1_442' title='bbox 2319 3006 2444 3049; x_wconf 74' lang='lat' dir='ltr'>me-</span> <span class='ocrx_word' id='word_1_443' title='bbox 2534 3052 2548 3061; x_wconf 30' lang='grc' dir='ltr'>ι</span> 
     </span>
    </p>
   </div>
   <div class='ocr_carea' id='block_1_10' title="bbox 1370 3062 2445 3984">
    <p class='ocr_par' dir='ltr' id='par_1_11' title="bbox 1370 3062 2445 3984">
     <span class='ocr_line' id='line_1_86' title="bbox 1373 3062 2445 3128; baseline 0.003 -12"><span class='ocrx_word' id='word_1_444' title='bbox 1373 3072 1538 3117; x_wconf 87' lang='lat' dir='ltr'>tretas</span> <span class='ocrx_word' id='word_1_445' title='bbox 1565 3062 1721 3118; x_wconf 88' lang='lat' dir='ltr'>binas</span> <span class='ocrx_word' id='word_1_446' title='bbox 1755 3062 1840 3115; x_wconf 80' lang='lat' dir='ltr'>vel</span> <span class='ocrx_word' id='word_1_447' title='bbox 1862 3071 2070 3128; x_wconf 87' lang='lat' dir='ltr'>ternas;</span> <span class='ocrx_word' id='word_1_448' title='bbox 2098 3063 2219 3117; x_wconf 83' lang='lat' dir='ltr'>duae</span> <span class='ocrx_word' id='word_1_449' title='bbox 2238 3072 2445 3119; x_wconf 72' lang='lat' dir='ltr'>metre-</span> 
     </span>
     <span class='ocr_line' id='line_1_87' title="bbox 1372 3134 2442 3204; baseline 0.003 -16"><span class='ocrx_word' id='word_1_450' title='bbox 1372 3147 1440 3188; x_wconf 83' lang='lat' dir='ltr'>tae</span> <span class='ocrx_word' id='word_1_451' title='bbox 1472 3134 1677 3188; x_wconf 87' lang='lat' dir='ltr'>:timor</span> <span class='ocrx_word' id='word_1_452' title='bbox 1741 3135 2004 3203; x_wconf 77' lang='lat' dir='ltr'>gehennae</span> <span class='ocrx_word' id='word_1_453' title='bbox 2062 3136 2398 3191; x_wconf 73' lang='lat' dir='ltr'>incurrendae</span> <span class='ocrx_word' id='word_1_454' title='bbox 2419 3173 2442 3204; x_wconf 78' lang='grc'>,,</span> 
     </span>
     <span class='ocr_line' id='line_1_88' title="bbox 1372 3205 2444 3276; baseline 0.003 -16"><span class='ocrx_word' id='word_1_455' title='bbox 1372 3207 1538 3260; x_wconf 82' lang='lat' dir='ltr'>timor</span> <span class='ocrx_word' id='word_1_456' title='bbox 1581 3205 1764 3273; x_wconf 80' lang='lat' dir='ltr'>gloriae</span> <span class='ocrx_word' id='word_1_457' title='bbox 1796 3205 2120 3260; x_wconf 73' lang='lat' dir='ltr'>amittendae.</span> <span class='ocrx_word' id='word_1_458' title='bbox 2165 3206 2270 3260; x_wconf 82' lang='lat' dir='ltr'>Sed</span> <span class='ocrx_word' id='word_1_459' title='bbox 2312 3206 2444 3276; x_wconf 68' lang='lat' dir='ltr'>quia</span> 
     </span>
     <span class='ocr_line' id='line_1_89' title="bbox 1372 3278 2442 3346; baseline -0.002 -14"><span class='ocrx_word' id='word_1_460' title='bbox 1372 3278 1492 3332; x_wconf 85' lang='lat' dir='ltr'>haec</span> <span class='ocrx_word' id='word_1_461' title='bbox 1523 3278 1591 3332; x_wconf 82' lang='lat' dir='ltr'>de</span> <span class='ocrx_word' id='word_1_462' title='bbox 1623 3278 1968 3346; x_wconf 87' lang='lat' dir='ltr'>contingenti</span> <span class='ocrx_word' id='word_1_463' title='bbox 1999 3279 2179 3332; x_wconf 88' lang='lat' dir='ltr'>futuro</span> <span class='ocrx_word' id='word_1_464' title='bbox 2209 3288 2358 3340; x_wconf 84' lang='lat' dir='ltr'>sunt,</span> <span class='ocrx_word' id='word_1_465' title='bbox 2386 3287 2442 3337; x_wconf 72' lang='lat' dir='ltr'>et</span> 
     </span>
     <span class='ocr_line' id='line_1_90' title="bbox 1374 3348 2440 3415; baseline -0.002 -14"><span class='ocrx_word' id='word_1_466' title='bbox 1374 3349 1609 3401; x_wconf 88' lang='lat' dir='ltr'>blandiri</span> <span class='ocrx_word' id='word_1_467' title='bbox 1639 3348 1743 3399; x_wconf 89' lang='lat' dir='ltr'>sibi</span> <span class='ocrx_word' id='word_1_468' title='bbox 1774 3360 1948 3415; x_wconf 90' lang='lat' dir='ltr'>potest</span> <span class='ocrx_word' id='word_1_469' title='bbox 1988 3350 2185 3410; x_wconf 88' lang='lat' dir='ltr'>anima,</span> <span class='ocrx_word' id='word_1_470' title='bbox 2213 3350 2397 3400; x_wconf 86' lang='lat' dir='ltr'>dicens</span> <span class='ocrx_word' id='word_1_471' title='bbox 2421 3365 2440 3399; x_wconf 74' lang='lat' dir='ltr'>t</span> 
     </span>
     <span class='ocr_line' id='line_1_91' title="bbox 1375 3419 2441 3487; baseline -0.003 -15"><span class='ocrx_word' id='word_1_472' title='bbox 1375 3423 1667 3487; x_wconf 85' lang='lat' dir='ltr'>Postquam</span> <span class='ocrx_word' id='word_1_473' title='bbox 1703 3420 2036 3487; x_wconf 88' lang='lat' dir='ltr'>aliquamdiu</span> <span class='ocrx_word' id='word_1_474' title='bbox 2064 3421 2121 3470; x_wconf 90' lang='lat' dir='ltr'>in</span> <span class='ocrx_word' id='word_1_475' title='bbox 2145 3419 2441 3485; x_wconf 87' lang='lat' dir='ltr'>voluptati-</span> 
     </span>
     <span class='ocr_line' id='line_1_92' title="bbox 1374 3490 2438 3559; baseline -0.003 -16"><span class='ocrx_word' id='word_1_476' title='bbox 1374 3494 1479 3544; x_wconf 91' lang='lat' dir='ltr'>bus</span> <span class='ocrx_word' id='word_1_477' title='bbox 1510 3492 1620 3543; x_wconf 85' lang='lat' dir='ltr'>tuis</span> <span class='ocrx_word' id='word_1_478' title='bbox 1658 3492 1873 3553; x_wconf 85' lang='lat' dir='ltr'>vixeris,</span> <span class='ocrx_word' id='word_1_479' title='bbox 1902 3508 2025 3559; x_wconf 87' lang='lat' dir='ltr'>ages</span> <span class='ocrx_word' id='word_1_480' title='bbox 2044 3490 2438 3557; x_wconf 82' lang='lat' dir='ltr'>poenitentiam,</span> 
     </span>
     <span class='ocr_line' id='line_1_93' title="bbox 1373 3562 2436 3631; baseline -0.006 -13"><span class='ocrx_word' id='word_1_481' title='bbox 1373 3575 1437 3622; x_wconf 83' lang='lat' dir='ltr'>ut</span> <span class='ocrx_word' id='word_1_482' title='bbox 1471 3580 1571 3616; x_wconf 88' lang='lat' dir='ltr'>nec</span> <span class='ocrx_word' id='word_1_483' title='bbox 1597 3565 1755 3616; x_wconf 90' lang='lat' dir='ltr'>istam</span> <span class='ocrx_word' id='word_1_484' title='bbox 1788 3565 1994 3631; x_wconf 89' lang='lat' dir='ltr'>perdas,</span> <span class='ocrx_word' id='word_1_485' title='bbox 2032 3579 2129 3614; x_wconf 91' lang='lat' dir='ltr'>nec</span> <span class='ocrx_word' id='word_1_486' title='bbox 2163 3563 2313 3613; x_wconf 88' lang='lat' dir='ltr'>illam</span> <span class='ocrx_word' id='word_1_487' title='bbox 2345 3562 2436 3613; x_wconf 87' lang='lat' dir='ltr'>in-</span> 
     </span>
     <span class='ocr_line' id='line_1_94' title="bbox 1373 3633 2441 3697; baseline -0.004 -10"><span class='ocrx_word' id='word_1_488' title='bbox 1373 3650 1576 3697; x_wconf 82' lang='lat' dir='ltr'>curraS,</span> <span class='ocrx_word' id='word_1_489' title='bbox 1623 3636 1830 3687; x_wconf 89' lang='lat' dir='ltr'>bonum</span> <span class='ocrx_word' id='word_1_490' title='bbox 1864 3633 2213 3686; x_wconf 84' lang='lat' dir='ltr'>est-adhiberi</span> <span class='ocrx_word' id='word_1_491' title='bbox 2250 3643 2303 3684; x_wconf 90' lang='lat' dir='ltr'>et</span> <span class='ocrx_word' id='word_1_492' title='bbox 2326 3642 2441 3683; x_wconf 91' lang='lat' dir='ltr'>ter-</span> 
     </span>
     <span class='ocr_line' id='line_1_95' title="bbox 1374 3704 2442 3775; baseline -0.005 -16"><span class='ocrx_word' id='word_1_493' title='bbox 1374 3708 1534 3767; x_wconf 89' lang='lat' dir='ltr'>tium,</span> <span class='ocrx_word' id='word_1_494' title='bbox 1563 3706 1659 3775; x_wconf 92' lang='lat' dir='ltr'>qui</span> <span class='ocrx_word' id='word_1_495' title='bbox 1707 3707 1895 3774; x_wconf 90' lang='lat' dir='ltr'>utique</span> <span class='ocrx_word' id='word_1_496' title='bbox 1944 3704 2317 3771; x_wconf 87' lang='lat' dir='ltr'>spiritualibus</span> <span class='ocrx_word' id='word_1_497' title='bbox 2349 3720 2442 3755; x_wconf 85' lang='lat' dir='ltr'>no·</span> 
     </span>
     <span class='ocr_line' id='line_1_96' title="bbox 1374 3776 2439 3843; baseline -0.002 -13"><span class='ocrx_word' id='word_1_498' title='bbox 1374 3788 1476 3830; x_wconf 88' lang='lat' dir='ltr'>tus-</span> <span class='ocrx_word' id='word_1_499' title='bbox 1491 3789 1590 3843; x_wconf 86' lang='lat' dir='ltr'>est,</span> <span class='ocrx_word' id='word_1_500' title='bbox 1636 3793 1700 3830; x_wconf 90' lang='lat' dir='ltr'>eo</span> <span class='ocrx_word' id='word_1_501' title='bbox 1728 3778 1913 3830; x_wconf 90' lang='lat' dir='ltr'>utilior</span> <span class='ocrx_word' id='word_1_502' title='bbox 1944 3791 2053 3843; x_wconf 89' lang='lat' dir='ltr'>quo</span> <span class='ocrx_word' id='word_1_503' title='bbox 2084 3776 2150 3826; x_wconf 90' lang='lat' dir='ltr'>de</span> <span class='ocrx_word' id='word_1_504' title='bbox 2194 3777 2439 3841; x_wconf 75' lang='lat' dir='ltr'>praesenti</span> 
     </span>
     <span class='ocr_line' id='line_1_97' title="bbox 1372 3847 2440 3916; baseline -0.005 -12"><span class='ocrx_word' id='word_1_505' title='bbox 1372 3859 1502 3911; x_wconf 54' lang='lat' dir='ltr'>est„</span> <span class='ocrx_word' id='word_1_506' title='bbox 1541 3850 1761 3904; x_wconf 85' lang='lat' dir='ltr'>Timent</span> <span class='ocrx_word' id='word_1_507' title='bbox 1849 3847 1946 3916; x_wconf 87' lang='lat' dir='ltr'>qui</span> <span class='ocrx_word' id='word_1_508' title='bbox 2005 3856 2267 3900; x_wconf 87' lang='lat' dir='ltr'>noverunt</span> <span class='ocrx_word' id='word_1_509' title='bbox 2320 3848 2440 3915; x_wconf 78' lang='lat' dir='ltr'>spi·</span> 
     </span>
     <span class='ocr_line' id='line_1_98' title="bbox 1370 3918 2443 3984; baseline 0.001 -11"><span class='ocrx_word' id='word_1_510' title='bbox 1370 3920 1623 3974; x_wconf 77' lang='lat' dir='ltr'>ritualem</span> <span class='ocrx_word' id='word_1_511' title='bbox 1672 3920 1857 3972; x_wconf 87' lang='lat' dir='ltr'>cibum</span> <span class='ocrx_word' id='word_1_512' title='bbox 1879 3957 1895 3979; x_wconf 89' lang='lat'>,</span> <span class='ocrx_word' id='word_1_513' title='bbox 1957 3918 2242 3984; x_wconf 81' lang='lat' dir='ltr'>nequando</span> <span class='ocrx_word' id='word_1_514' title='bbox 2302 3918 2443 3974; x_wconf 70' lang='lat' dir='ltr'>forta</span> 
     </span>
    </p>
   </div>
   <div class='ocr_carea' id='block_1_11' title="bbox 194 3988 2440 4064">
    <p class='ocr_par' dir='ltr' id='par_1_12' title="bbox 194 3988 2440 4064">
     <span class='ocr_line' id='line_1_99' title="bbox 194 3988 2440 4064; baseline -0.004 -13"><span class='ocrx_word' id='word_1_515' title='bbox 194 3997 349 4051; x_wconf 79' lang='lat' dir='ltr'>Date</span> <span class='ocrx_word' id='word_1_516' title='bbox 358 3997 777 4064; x_wconf 64' lang='lat' dir='ltr'>elemnosynam,</span> <span class='ocrx_word' id='word_1_517' title='bbox 798 4003 851 4047; x_wconf 82' lang='lat' dir='ltr'>et</span> <span class='ocrx_word' id='word_1_518' title='bbox 868 3996 1047 4048; x_wconf 66' lang='lat' dir='ltr'>omnia</span> <span class='ocrx_word' id='word_1_519' title='bbox 1067 3995 1266 4048; x_wconf 76' lang='lat' dir='ltr'>munda</span> <span class='ocrx_word' id='word_1_520' title='bbox 1374 3990 1688 4046; x_wconf 76' lang='lat' dir='ltr'>fraudentur</span> <span class='ocrx_word' id='word_1_521' title='bbox 1741 4005 1822 4042; x_wconf 87' lang='lat' dir='ltr'>eo.</span> <span class='ocrx_word' id='word_1_522' title='bbox 1857 3990 1977 4055; x_wconf 79' lang='lat' dir='ltr'>lpse</span> <span class='ocrx_word' id='word_1_523' title='bbox 2012 3998 2093 4041; x_wconf 81' lang='lat' dir='ltr'>est</span> <span class='ocrx_word' id='word_1_524' title='bbox 2120 3988 2277 4054; x_wconf 85' lang='lat' dir='ltr'>panis</span> <span class='ocrx_word' id='word_1_525' title='bbox 2314 3991 2440 4045; x_wconf 63' lang='lat' dir='ltr'>An·-</span> 
     </span>
    </p>
   </div>
  </div>
 </body>
</html>
