2784 4452
370 280 470 315 110

362 406 495 456 tiam
534 406 698 470 hujus
739 406 952 457 mundi.
992 406 1110 458 Jam
1161 423 1288 459 vero
1332 424 1434 459 ne-

362 492 508 528 cesse
544 488 643 538 est,
690 488 751 528 ut
783 479 877 545 qui
917 488 1127 530 terrena
1186 490 1434 531 contem-

363 549 592 615 psimus,
636 548 880 616 flagranti
906 549 1176 601 desiderio
1202 552 1437 602 coelestia

362 621 720 688 requiramus,
794 621 882 672 Sic
936 621 1088 682 enim
1157 622 1437 673 offerimus
1527 621 1604 672 ‘V‘

364 692 541 743 thuris
570 693 1004 753 odoramentum,
1029 708 1141 759 quo
1170 694 1436 745 nimirum

365 762 722 828 designantur
771 763 1046 814 orationes
1094 764 1436 815 Sanctorum.

366 834 595 900 Oportet
625 843 680 883 et
704 834 829 898 jam,
852 850 964 885 non
1001 836 1181 886 solum
1207 845 1268 886 ut
1296 852 1440 902 prae-

366 921 495 958 sens
542 907 784 956 seculum
840 916 1185 968 contemnas,
1239 908 1335 958 sed
1388 917 1442 959 et

367 993 584 1030 earnem
617 978 791 1043 ipsam
823 979 1050 1045 castiges
1091 994 1163 1030 ac*
1194 980 1440 1032 servituti

370 1047 645 1113 subjicias.
691 1049 840 1099 Duas
891 1048 1060 1114 igitur
1097 1050 1210 1100 alas
1249 1050 1444 1101 habeat

371 1119 577 1180 orati0,
616 1128 670 1169 et
708 1130 1080 1185 contemptum
1118 1121 1343 1184 mundi,
1390 1131 1444 1172 et

372 1191 723 1242 affiictionem
778 1192 985 1256 cordis;
1051 1207 1148 1244 nec
1211 1194 1443 1245 dubium

376 1261 512 1329 quin
539 1263 702 1313 coelos
734 1272 990 1328 penetret,
1020 1273 1077 1315 et
1112 1264 1172 1314 in
1213 1281 1447 1331 conspe-

375 1342 522 1384 ctum
550 1332 648 1383 Dei
688 1332 829 1383 sicut
855 1333 1133 1385 incensum
1159 1336 1442 1403 dirigatur,

377 1406 436 1457 in
465 1421 572 1472 qua
612 1422 739 1457 cum
781 1421 913 1456 auro
948 1417 1005 1458 et
1027 1407 1189 1460 thure
1226 1409 1447 1476 myrrha

375 1492 597 1544 quoque
623 1477 674 1528 ei
711 1475 935 1528 offertur
962 1493 983 1528 τ
1008 1496 1039 1526 1>
1058 1478 1175 1530 haec
1201 1480 1446 1531 Bernar-

377 1550 500 1602 dus·

448 1638 514 1687 14
545 1623 773 1673 Momm
795 1623 1083 1693 ,Miconos
1122 1634 1288 1674 munt
1321 1640 1448 1674 ma

376 1709 449 1744 ms
471 1709 678 1744 maus.
713 1721 774 1731 -—
806 1694 894 1744 Sic
936 1709 1075 1760 ergo-
1109 1694 1251 1760 Magi
1281 1694 1449 1745 Chri-

378 1773 527 1815 stum
584 1763 988 1815 honoraverunt
1031 1764 1101 1814 de
1145 1765 1449 1816 substantia

378 1836 610 1903 triplici,
666 1836 870 1888 scilicet
896 1854 913 1887 τ
956 1838 1253 1903 corporali,
1320 1838 1452 1904 quia

378 1909 756 1976 prociderunt3
790 1910 1079 1975 spirituali,
1112 1910 1242 1977 quia
1268 1910 1449 1961 adora-

378 1990 602 2043 verunt3
638 1981 941 2046 temporali,
969 1981 1099 2047 quia
1111 1996 1338 2031 munera
1356 1982 1454 2031 ob-

381 2050 641 2102 tulerunt.
696 2050 829 2102 Plus
869 2050 1074 2118 quippe
1124 2067 1236 2102 non
1291 2052 1456 2103 habet

383 2123 583 2182 homo,
646 2122 754 2172 nisi
797 2137 1024 2188 corpus,
1076 2123 1347 2187 animam,
1403 2132 1456 2173 et

382 2194 717 2261 temporalia.
770 2194 913 2246 Bene
954 2202 1136 2245 autem
1166 2203 1275 2246 tres
1313 2193 1454 2261 Magi

381 2268 552 2320 fuisse
578 2268 851 2331 dicuntur,
883 2267 1014 2334 quia
1057 2268 1151 2335 qui
1196 2268 1456 2319 ad'fidem

384 2343 643 2403 veniunt,
717 2342 1052 2393 individuam
1133 2342 1456 2395 Trinitatem

385 2413 627 2465 confiteri
703 2413 932 2477 debent;
1006 2413 1123 2464 sive
1171 2406 1302 2480 quia
1360 2412 1455 2480 qui

384 2485 561 2534 Deum
589 2482 833 2543 adorant,
864 2493 975 2533 tres
1004 2484 1331 2550 principales
1359 2484 1460 2534 vir-

386 2567 550 2617 tuteS,
578 2555 815 2606 scilicet:
846 2555 1027 2619 fidem,
1057 2572 1230 2623 spem,
1255 2567 1308 2608 et
1339 2557 1460 2607 cha-

387 2628 603 2679 ritatem
626 2625 822 2676 debent
836 2626 1058 2689 habere3
1077 2626 1191 2677 sive
1208 2628 1337 2694 quia
1364 2628 1460 2694 qui

364 2699 562 2748 ·Deum
599 2696 780 2747 videre
826 2696 1150 2761 desiderant,
1188 2696 1464 2763 cogitatio-

392 2785 537 2830 nem,
548 2768 877 2819 locutionem
892 2778 945 2819 et
962 2768 1351 2834 operationem,
1367 2785 1464 2820 seu

393 2839 731 2899 memoriam,
762 2839 1094 2889 intellectum
1126 2849 1180 2890 et
1214 2840 1482 2890 volunta·->

392 2923 503 2965 tem
532 2913 729 2963 debent
758 2927 789 2962 a
810 2912 968 2963 malis
996 2911 1297 2974 observare,
1328 2921 1383 2964 et
1407 2912 1465 2964 in

396 2986 558 3038 bonis
616 3001 890 3052 occupare.
945 2986 1121 3046 Unde,
1172 2986 1469 3037 semndum

396 3057 727 3122 Gregorium
741 3094 758 3119 ,
834 3056 1002 3107 sancti
1059 3056 1160 3108 viri
1205 3072 1340 3122 pene
1381 3071 1471 3107 re-

398 3140 493 3193 ges
520 3134 794 3189 vocantur,
823 3125 956 3191 quia
981 3125 1193 3177 cunctis
1230 3124 1486 3177 motibus⁴

399 3198 573 3250 carnis
623 3213 733 3248 non
774 3199 1162 3250 consentiendo
1215 3213 1486 3250 succum--⁴

399 3269 555 3330 bere,
607 3267 700 3318 sed
750 3268 887 3318 bene
933 3269 1197 3335 regendo,
1246 3284 1489 3335 praeesse·

402 3347 684 3390 noverunt.
715 3338 871 3389 Unde
890 3348 942 3389 et
969 3340 1265 3390 secundum
1289 3339 1476 3391 Isido-

401 3426 553 3473 rum,
595 3425 745 3476 reges
772 3424 803 3460 a
847 3420 990 3460 recte
1029 3411 1263 3477 regendo
1292 3425 1477 3461 vocan-

403 3490 494 3532 tur
534 3495 551 3530 2

404 3566 605 3603 nomen
648 3559 895 3613 tenetur,
939 3551 1209 3616 peccando
1261 3551 1476 3601 amitti—

401 3634 527 3676 tur:
557 3634 611 3676 et
651 3623 709 3674 hi
735 3622 962 3674 veniunt
1014 3634 1067 3674 et
1112 3623 1370 3675 recedunt
1409 3624 1490 3675 ab

404 3696 645 3760 Oriente,
684 3711 780 3762 per
804 3695 949 3761 quod
980 3694 1309 3762 intelligitur
1344 3711 1477 3763 pm-

405 3770 639 3836 speritas
679 3769 936 3831 humana,
976 3783 1099 3834 quae
1146 3778 1226 3819 est
1262 3769 1486 3835 triplex,

408 3842 611 3893 scilicet
668 3841 1000 3907 divitiarum,
1044 3840 1376 3904 deliciarum,
1428 3851 1486 3894 et

406 3912 697 3966 honorum.

596 3489 648 3531 et
696 3479 815 3529 ideo
863 3489 1003 3530 recte
1051 3480 1295 3531 faciendo
1334 3481 1488 3548 regis

1051 266 1302 318 PRIMAE-
1319 266 1570 320 PAR-'1115
1602 268 1837 323 CAPUT
1862 274 1951 324 XI.

1608 411 1669 462 15
1706 413 1970 478 Mrsnca,
2009 432 2133 475 Qum
2197 433 2279 470 sn·
2324 419 2605 473 macoma

1538 482 1778 534 smmi?
1802 512 1864 523 —
1901 486 1999 537 Per
2026 488 2236 539 stellam
2273 499 2604 558 autemquae

1540 552 1713 619 Magis
1764 555 2041 621 apparuit,
2097 558 2385 624 significari
2435 573 2615 629 potest

1588 638 1708 690 rrgo
1730 625 1916 687 Maria,
1942 642 2064 694 quae
2091 627 2472 695 interpretatur
2502 648 2620 683 ma-

1540 695 1625 745 ris
1650 696 1826 748 stella.
1866 698 1995 749 Haec
2032 710 2211 751 autem
2249 703 2405 754 stella
2441 719 2617 770 appa-

1542 776 1626 817 ret
1650 768 1841 835 Magis,
1879 784 1976 820 seu
2007 771 2241 837 regibu8‚
2272 774 2604 826 condescen-

1544 837 1721 887 dendo
1769 839 1874 889 sibi
1946 840 2153 892 devotis
2178 882 2192 903 ,
2254 858 2419 910 seque
2477 846 2618 896 bene

1545 908 1883 974 regentibua;
1913 921 1966 960 et
1994 926 2085 962 eos
2112 928 2208 978 per
2230 914 2392 978 hujus
2412 917 2606 966 mundi

1547 995 1696 1032 mare
1732 983 2102 1034 turbulentum
2135 986 2448 1052 navigantes
2482 988 2612 1039 diri·

1548 1053 1632 1120 git
1649 1053 1715 1103 ad
1744 1065 1966 1122 portum
1990 1056 2198 1118 salutis,
2228 1057 2326 1123 qui
2344 1069 2426 1109 est
2449 1060 2621 1112 Chri-

1548 1133 1695 1191 stus3
1751 1135 1805 1178 et
1849 1127 2029 1194 ipsum
2091 1128 2459 1195 invenienteS,
2522 1148 2618 1183 ve-

1551 1205 1839 1263 nerantur,
1907 1214 2132 1250 munera
2196 1200 2245 1251 ei
2304 1201 2590 1255 offerentes
2608 1243 2623 1262 ‚

1550 1266 1754 1319 scilicet
1811 1283 2003 1319 aurum
2037 1269 2343 1334 charitatis,
2398 1283 2451 1322 et
2495 1273 2636 1324 thus-

1550 1338 1754 1391 devotae
1778 1340 2056 1400 orationis,
2087 1356 2148 1391 ac
2176 1345 2453 1409 myrrham
2483 1361 2628 1396 mor·

1552 1409 1861 1462 tificationis
1915 1412 2108 1463 carnis,
2172 1414 2376 1465 Eodem
2441 1426 2623 1467 autem

1551 1481 1642 1532 die
1675 1497 1802 1533 cum
1847 1482 2101 1535 Christus
2146 1484 2200 1534 in
2249 1487 2434 1539 Judaea
2485 1499 2629 1539 esset

1556 1562 1734 1613 natus,
1751 1563 1914 1612 ,ornis
1942 1553 2057 1619 ejus
2088 1556 2259 1621 Magis
2299 1556 2358 1606 in
2399 1558 2625 1609 Oriente

1554 1633 1638 1674 est
1694 1623 1993 1675 nuntiatus,
2053 1624 2317 1677 Videbant
2382 1643 2619 1695 namque

1555 1694 1768 1745 stellam
1797 1707 2011 1759 novam,
2055 1694 2113 1745 in
2142 1711 2250 1762 qua
2286 1713 2421 1764 puer
2454 1713 2629 1765 appa-

1556 1766 1724 1831 rebat,
1753 1780 1917 1832 supra
1939 1766 2090 1832 cujus
2115 1777 2273 1833 caput
2301 1785 2430 1820 crux
2458 1786 2618 1822 aurea

1557 1836 1899 1903 splendebat;
1946 1838 2232 1890 audierunt
2285 1856 2472 1892 vocem
2516 1842 2622 1893 sibi

1555 1907 1867 1958 dicentem:
1901 1908 1976 1959 Ite
2015 1907 2074 1959 in
2116 1910 2391 1974 Judaeam,
2432 1921 2486 1963 et
2535 1913 2631 1963 in-

1557 1978 1782 2030 venietis
1825 1977 1903 2028 ibi
1950 1988 2138 2029 natum
2182 1997 2385 2032 novum
2429 1998 2630 2050 regem.

1559 2051 1730 2119 Igitur
1786 2051 1846 2104 in
1909 2052 2149 2104 Judaeam
2207 2053 2627 2120 festinaverunt,

1559 2134 1613 2176 et
1662 2125 1910 2177 audacter
1955 2141 2072 2176 eam
2132 2126 2393 2180 intrantes
2417 2167 2435 2194 ,
2490 2130 2626 2197 Regi

1560 2198 1682 2251 coeli
1701 2209 1828 2251 nato
1856 2215 2081 2252 munera
2103 2201 2436 2255 obtulerunt.

1629 2270 1693 2323 16
1727 2272 1952 2325 Ficum
1972 2274 2261 2325 Maecium.
2295 2303 2360 2332 —,-
2390 2275 2462 2327 Hi
2496 2290 2625 2343 ergo

1561 2352 1670 2393 tres
1721 2341 1862 2409 Magi
1907 2359 2001 2409 per
2037 2353 2146 2395 tres
2194 2344 2444 2395 robustos
2479 2360 2623 2410 prae-

1561 2411 1774 2479 figurati
1826 2412 2076 2476 fuerunt,
2131 2413 2225 2481 qui
2289 2414 2399 2482 regi
2460 2416 2631 2466 David

1563 2497 1761 2550 aquam
1807 2484 1874 2534 de
1919 2483 2148 2536 cisterna
2199 2485 2515 2536 Bethlehem
2543 2494 2633 2537 at-

1564 2555 1822 2607 tulerunt.
1882 2554 2020 2606 Tres
2078 2556 2285 2607 robusti
2337 2557 2633 2608 exercitum

1566 2624 1916 2677 inimicorum
1961 2641 2069 2675 non
2106 2625 2377 2688 timenteS,
2407 2628 2502 2678 sed
2535 2627 2627 2678 vi·-

1567 2697 1737 2748 riliter
1785 2707 1960 2749 castra
2013 2713 2201 2749 eorum
2264 2707 2636 2757 transeuntes,

1568 2783 1764 2834 aquam
1818 2769 2149 2833 hauserunt3
2205 2770 2283 2821 sic
2330 2780 2438 2821 tres
2487 2771 2631 2836 Magi

1572 2839 1869 2906 potentiam
1910 2839 2141 2890 Herodis
2183 2856 2293 2891 non
2330 2841 2636 2891 formidan-

1571 2922 1670 2973 teS,
1703 2913 1798 2963 sed
1821 2912 2068 2963 audacter
2089 2913 2118 2963 J
2121 2913 2331 2964 udaeam
2356 2912 2640 2971 intranteS,

1572 2984 1638 3034 de
1666 2998 1810 3033 novo
1847 2998 1969 3050 rege
2005 2982 2481 3049 interrogaverunt.
2503 2982 2641 3032 Tres

1574 3055 1783 3106 robusti
1825 3064 2168 3121 perrexerunt
2221 3054 2279 3104 in
2322 3053 2662 3108 Bethlehem.

1576 3142 1676 3193 pro
1712 3140 1853 3191 aqua
1897 3125 2138 3176 cisternae
2160 3163 2176 3187 ,
2222 3141 2387 3192 quam
2441 3125 2640 3176 hause-

1576 3206 1706 3248 runt
1732 3196 1800 3247 de
1826 3196 2052 3246 cisterna
2072 3196 2307 3247 terrestri
2324 3212 2339 3261 3
2359 3206 2469 3246 tres
2498 3196 2640 3262 Magi

1576 3275 1839 3318 venerunt
1882 3266 1938 3316 in
1987 3266 2303 3317 Bethlehem
2352 3282 2450 3333 pro
2499 3281 2640 3332 aqua

1579 3337 1760 3405 gratiae
1794 3345 2004 3389 aeternae
2022 3375 2036 3397 ,
2075 3353 2240 3404 quam
2293 3347 2645 3404 susceperunt

1577 3410 1646 3459 de
1673 3408 1929 3475 pincerna
1956 3408 2173 3459 coelesti.
2199 3407 2490 3473 Figurabat
2514 3423 2643 3473 ergo

1580 3480 1672 3532 illa
1726 3480 2172 3530 Bethlehemitica
2221 3479 2451 3532 cisterna
2495 3480 2645 3545 quod

1581 3552 1640 3603 in
1687 3550 2003 3603 Bethlehem
2039 3551 2343 3603 nasciturus
2384 3560 2497 3602 erat
2533 3565 2645 3600 coe-

1581 3623 1732 3675 lestis
1803 3623 2054 3690 pincerna
2085 3661 2099 3684 ‚
2160 3623 2258 3689 qui
2339 3621 2651 3690 propinaret

1580 3709 1777 3762 aquam
1798 3693 1980 3761 gratiae
2003 3694 2155 3744 omni
2182 3694 2408 3755 sitienti,
2428 3703 2481 3744 et
2498 3693 2650 3742 daret

1582 3781 1778 3833 aquam
1820 3765 1946 3815 vitae
1991 3781 2102 3815 non
2156 3764 2397 3815 habenti.
2451 3762 2652 3829 Figura

1549 3837 1748 3903 fhujus
1803 3835 1927 3887 novi
1986 3836 2132 3903 regis·
2178 3846 2231 3886 et
2285 3836 2447 3901 hujus
2497 3848 2652 3885 novoe

1547 3908 1904 3969 ·oblati0ni8‚
1967 3917 2373 3974 praemonstrata
2425 3904 2530 3958 fuit
2587 3904 2646 3954 in
