2784 4452
379 315 484 367 328

374 434 670 499 propassi0,
704 444 756 485 et
784 435 885 486 hoc
917 446 997 487 est
1033 447 1305 503 peccatum
1344 453 1442 488 ve-

373 507 531 558 niale.
583 508 705 560 Alia
756 519 837 560 est
883 526 1007 560 cum
1058 511 1441 562 deliberatione

370 577 558 641 animi,
585 590 637 629 et
660 596 784 630 cum
817 596 1078 631 consensu
1120 581 1176 630 in
1209 582 1440 633 delecta-

370 650 594 711 tionem,
622 653 704 702 vel
746 652 804 702 in
838 669 995 719 opuS,
1017 663 1069 703 et
1096 653 1290 703 dicitur
1312 671 1439 720 pas-

369 721 470 784 siO,
500 733 551 773 et
595 724 696 775 hoc
747 735 828 775 est
873 735 1146 791 peccatum
1196 728 1435 779 mortale.

365 795 636 847 Dominus
660 814 784 848 vero
813 799 1055 864 loquitur
1080 798 1171 850 hic
1200 801 1265 850 de
1301 817 1437 851 con-

365 870 690 937 cupiscentia
712 873 1017 934 deliberata,
1041 890 1161 939 quae
1199 874 1438 941 implicat

364 940 424 991 in
471 957 527 992 se
562 959 886 994 consensum
928 944 984 995 in
1027 946 1435 998 delectationem

361 1013 446 1063 vel
501 1013 560 1062 in
608 1029 762 1078 opuS.
815 1016 1261 1082 Concupiscentia
1307 1034 1433 1085 ergo

360 1098 484 1133 cum
534 1099 799 1134 consensu
843 1085 900 1135 in
934 1086 1117 1136 animo
1157 1096 1237 1137 est
1279 1104 1433 1139 mor-
1466 1105 1467 1108 ¹

358 1153 463 1204 tale
482 1165 779 1219 peccatum,
806 1156 967 1207 etiam
1003 1168 1290 1224 antequam
1334 1175 1433 1210 ex-

357 1223 620 1289 primatur
665 1225 821 1287 facto,
861 1228 942 1277 vel
972 1227 1146 1294 signe.
1197 1229 1263 1279 Et
1301 1231 1430 1297 quia

352 1294 503 1344 visus
539 1305 619 1345 est
649 1298 1089 1364 concupiscentiae
1125 1304 1428 1367 provocati—

350 1380 471 1425 vus,
506 1366 643 1428 ide0‚
668 1370 965 1420 secundum
994 1372 1284 1422 consilium
1300 1376 1427 1425 Am-

352 1435 537 1499 brosii,
575 1448 877 1490 avertamus
919 1442 1103 1491 oculos
1127 1457 1158 1492 a
1180 1443 1426 1495 vanitati-

350 1506 472 1571 buS,
505 1524 571 1559 ne
599 1512 743 1576 quod
768 1512 955 1563 oculus
975 1513 1184 1575 viderit,
1208 1516 1422 1568 animus

348 1582 707 1646 concupiscat.
736 1584 890 1635 Unde
905 1584 1201 1652 Gregorius
1218 1606 1235 1638 .·
1256 1608 1284 1635 (ι
1298 1590 1421 1640 Pro-

346 1650 643 1703 videndum
690 1671 815 1722 ergo
852 1657 1010 1707 nobis
1040 1668 1139 1723 est,
1170 1660 1298 1725 quia
1325 1661 1418 1711 in-

346 1722 484 1772 tueri
510 1740 621 1773 non
650 1725 816 1787 decet,
845 1729 990 1793 quod
1011 1745 1119 1779 non
1150 1730 1270 1781 licet
1297 1747 1419 1782 con-

347 1795 567 1860 cupisci.
604 1798 675 1848 Ut
715 1800 864 1849 enim
902 1802 1105 1853 munda
1150 1820 1304 1855 mens
1356 1806 1413 1856 in

344 1867 667 1933 cogitatione
709 1883 962 1935 servetur,
993 1875 1273 1927 alascivia
1312 1893 1415 1927 vo-

341 1938 563 2004 luptatis
593 1956 705 1991 suae
731 1943 1065 2008 deprimendi
1094 1956 1221 1996 sunt
1249 1948 1410 2009 oculi,

341 2012 496 2077 quasi
531 2013 753 2079 quidam
773 2026 1009 2082 raptores
1032 2020 1096 2068 ad
1126 2020 1355 2085 culpam.
1384 2042 1407 2066 n

342 2082 447 2134 Ubi
496 2095 548 2135 et
603 2087 1027 2155 Chrysostomus
1051 2107 1067 2141 .·
1092 2110 1119 2138 «
1149 2092 1254 2152 Qui
1303 2104 1411 2144 stu-

338 2153 429 2205 det
476 2157 740 2223 elegantes
788 2159 947 2211 facies
986 2161 1266 2229 inspicere,
1293 2164 1410 2232 ipse

336 2224 610 2278 fornacem
640 2230 742 2280 sibi
788 2233 1055 2297 passionis
1075 2236 1328 2297 accendit,
1354 2248 1407 2287 et

334 2298 598 2363 captivam
643 2300 842 2352 faciens
884 2304 1141 2366 animam,
1170 2306 1237 2356 ad
1268 2323 1406 2372 opus

331 2383 550 2436 quoque
584 2373 826 2424 celeriter
859 2376 1089 2427 adducit.
1123 2378 1266 2437 Quid
1297 2380 1400 2444 jam

331 2439 424 2491 hic
469 2458 687 2509 quoque
750 2449 1098 2510 respondent,
1141 2449 1236 2513 qui
1285 2451 1401 2501 ausi

329 2521 459 2560 sunt
496 2522 694 2562 temere
728 2515 1033 2567 cohabitare
1069 2518 1400 2584 virginibus?

330 2581 507 2647 Hujus
545 2585 692 2634 enim
725 2587 994 2639 sanctione
1033 2589 1208 2656 LegiS,
1251 2593 1401 2644 mille

329 2664 460 2704 sunt
496 2657 883 2710 adulteriorum
912 2661 1008 2724 rei,
1056 2663 1300 2727 quotidie
1341 2665 1401 2716 il-

326 2726 408 2777 las
474 2729 539 2778 ad
594 2732 1079 2798 concupiscendum
1131 2735 1395 2790 videnteS.

325 2796 564 2852 Audiant
602 2802 714 2854 haec
741 2805 834 2870 qui
868 2805 1063 2871 saepius
1091 2808 1158 2857 ad
1189 2809 1394 2862 theatra

324 2868 602 2933 festinant,
649 2889 814 2940 seque
860 2875 935 2925 ibi
983 2892 1115 2942 pene
1152 2879 1394 2944 quotidie

321 2939 570 2992 adulterii
594 2944 940 2997 obscoenitate
979 2952 1389 3014 commaculant,

320 3019 376 3061 et
440 3013 711 3065 adulteros
772 3016 977 3082 seipsos
1037 3034 1131 3085 per
1187 3036 1391 3072 unum-

318 3094 592 3148 quemque
637 3085 782 3136 diem
831 3085 1070 3149 faciunt,
1123 3100 1175 3141 et
1203 3091 1387 3143 decem

318 3153 469 3205 mille
507 3167 828 3208 construunt
870 3162 1189 3225 perditionis
1230 3180 1388 3220 occa-

314 3225 499 3279 siones
528 3244 542 3278 :
572 3248 599 3276 »
639 3230 753 3281 haec
799 3232 1242 3299 chrysostomus.
1281 3238 1384 3288 Sed

313 3311 498 3352 contra
545 3303 657 3353 haec
698 3304 822 3354 audi
869 3305 1053 3357 efficax
1094 3309 1383 3360 consilium

314 3372 577 3439 Gregorii
603 3392 622 3425 .·
651 3394 679 3422 «
702 3376 856 3438 Car0,
874 3377 1066 3445 inquit,
1096 3396 1219 3430 cum
1248 3397 1384 3431 con-

310 3443 622 3511 cupiscitur,
661 3459 913 3512 pensetur
934 3451 1066 3517 quid
1097 3451 1168 3501 sit
1190 3453 1381 3502 exani-

309 3516 457 3576 miS,
502 3527 553 3568 et
602 3519 922 3587 intelligitur
971 3522 1102 3588 quid
1151 3537 1377 3576 amatur.

310 3585 463 3637 Nihil
520 3590 721 3656 quippe
776 3592 853 3642 sic
905 3594 969 3642 ad
1019 3594 1377 3658 edomandum

308 3659 701 3713 desideriorum
744 3665 1038 3716 carnalium
1076 3669 1375 3734 appetitum

306 3732 479 3793 valet,
534 3750 697 3799 quam
739 3747 800 3786 ut
847 3738 1222 3806 unusquisque
1275 3741 1378 3792 hoc

307 3805 452 3868 quod
485 3806 667 3856 vivum
711 3809 905 3875 diligit,
927 3812 1083 3876 quale
1123 3813 1193 3863 sit
1229 3830 1376 3864 mor-

306 3880 463 3922 tuum
524 3887 671 3926 enset
697 3894 711 3928 :
742 3898 769 3925 »
797 3878 910 3930 haec
938 3881 1262 3947 GregoriuS.

377 3948 432 3984 11
517 3953 813 3990 urm-Anna:
847 3957 1101 3994 somnam
1140 3961 1209 3997 m·
1244 3962 1372 3998 Pne-

986 319 1226 371 PRIMAE
1260 320 1511 372 PARTIS·
1543 321 1778 373 CAPUT
1808 324 2044 376 XXXIV.

1546 453 1665 487 cut
1695 454 2021 490 occastonsss.
2051 468 2112 478 —
2147 441 2213 491 Et
2249 442 2378 509 quia
2422 444 2618 496 Domi-—

1547 524 1651 559 nus
1699 510 1932 570 dixerat,
1984 527 2050 561 ex
2093 512 2300 563 visione
2342 516 2616 577 mulieris,

1545 583 1797 634 maechari
1825 584 2114 646 videntem,
2137 586 2255 637 ideo
2288 603 2615 656 consequen-

1544 663 1624 704 ter
1647 655 1801 704 docet
1839 656 2063 720 abjicere
2091 657 2447 719 occasionem,
2489 678 2608 727 quae

1542 726 1667 795 facit
1696 728 1972 779 hominem
2012 727 2169 781 'ruere
2205 730 2264 781 in
2288 734 2448 783 talem
2478 751 2610 786 con-

1542 814 1765 849 sensum
1795 818 1809 850 :
1839 811 1916 860 ut,
1941 802 1993 851 si
2019 802 2204 854 oculus
2234 811 2356 855 tuus
2394 807 2603 869 dexter,

1542 869 1625 919 vel
1663 886 1851 921 manus
1878 877 1968 921 tua
2005 873 2232 924 dextera
2261 877 2604 946 scandalizat

1540 946 1606 1003 te,
1640 940 1694 989 id
1723 952 1803 992 est
1840 941 1995 993 faciat
2037 954 2088 994 te
2127 961 2280 996 ruere
2322 948 2380 997 in
2423 951 2607 1015 praedi-

1539 1021 1687 1061 ctum
1747 1028 2102 1076 consensum,
2155 1031 2281 1067 erue
2325 1033 2468 1083 eum,
2525 1023 2607 1072 vel

1536 1083 1794 1136 abscinde
1829 1102 1964 1151 eam,
2007 1105 2114 1138 non
2156 1092 2483 1155 membrum,
2512 1096 2603 1144 sed

1536 1156 1765 1205 membri
1793 1157 2041 1219 abusum,
2074 1160 2374 1212 cohibendo
2418 1163 2598 1229 ipsum

1534 1227 1840 1278 membrum
1865 1230 1932 1279 ab
1965 1231 2216 1281 exercitio
2246 1242 2298 1283 et
2324 1232 2514 1285 affectu
2544 1236 2602 1287 il-

1531 1300 1694 1362 licito,
1721 1308 1771 1352 et
1786 1303 1995 1369 projice
2021 1304 2120 1355 abs
2154 1312 2219 1368 te,
2253 1323 2317 1357 ex
2342 1318 2453 1359 toto
2499 1325 2597 1359 an—

1530 1372 1830 1425 nihilandO.
1857 1375 2105 1442 Expedit
2123 1378 2260 1429 enim
2284 1380 2396 1443 tibi,
2419 1388 2478 1432 ut
2488 1398 2592 1449 pe-

1525 1450 1646 1493 reat
1727 1461 1884 1496 unum
1944 1449 2292 1500 membrorum
2353 1457 2593 1516 tuorum,

1526 1516 1780 1580 praedicto
1812 1519 1990 1578 modo,
2013 1520 2213 1570 scilicet
2231 1532 2409 1572 actum
2429 1524 2594 1575 illici-

1524 1597 1659 1650 tum,
1712 1591 1962 1656 quamvis
1997 1593 2384 1657 delectabilem,
2428 1598 2589 1649 dese-

1521 1664 1706 1727 rend0,
1756 1678 1920 1728 quam
1964 1671 2127 1715 totum
2187 1681 2380 1733 corpus
2425 1674 2589 1734 tuum,

1521 1747 1644 1781 cum
1686 1733 1880 1784 anima
1907 1736 2153 1787 mittatur
2192 1738 2244 1787 in
2273 1740 2590 1805 gehennam.

1521 1803 1676 1853 Unde
1705 1805 2012 1871 Gregorius
2038 1826 2055 1858 .·
2083 1826 2109 1853 α
2134 1809 2333 1860 Intueri
2362 1827 2474 1862 non
2505 1814 2593 1863 de-

1518 1883 1615 1933 cet,
1639 1875 1784 1940 quod
1815 1891 1923 1926 non
1954 1878 2078 1928 licet
2111 1881 2438 1946 concupisci.
2469 1904 2496 1931 »
2526 1886 2590 1935 Et

1518 1945 1834 1998 Bernardus
1864 1965 1882 1998 .-
1909 1967 1936 1995 «
1965 1949 2071 2008 Qui
2120 1966 2342 2002 manum
2386 1956 2637 2007 mulie-⁸*

1516 2015 1591 2066 ris
1625 2027 1787 2079 tenet,
1834 2020 1964 2071 sciat
2015 2038 2073 2071 se
2114 2038 2229 2073 esse
2267 2024 2324 2074 in
2352 2026 2589 2078 vinculis

1476 2127 1485 2154 ,
1513 2086 1731 2139 diaboli.
1748 2109 1775 2137 »
1792 2091 2084 2144 Attendant
2103 2110 2227 2161 ergo
2244 2098 2401 2148 multi
2420 2115 2643 2165 quam-V,

1514 2160 1715 2210 malum
1759 2161 1829 2212 sit
1875 2164 2127 2229 pulchras
2175 2165 2335 2217 facies
2381 2172 2586 2222 mulie—

1512 2245 1652 2292 rum,
1685 2247 1780 2283 seu
1827 2249 2278 2304 quorumcunque
2323 2241 2580 2305 juvenum

1511 2301 1740 2367 intueri;
1772 2314 1864 2354 aut
1906 2306 2104 2357 horum
2134 2325 2325 2360 manus
2365 2313 2449 2362 vel
2499 2313 2582 2364 fa-

1508 2371 1632 2432 cieS,
1658 2388 1751 2423 seu
1783 2390 2130 2443 quascunque
2174 2381 2416 2445 corporis
2467 2399 2583 2449 par-

1506 2450 1585 2492 tes
1630 2453 1983 2511 contrectare3
2037 2449 2120 2498 vel
2175 2449 2404 2502 libenter
2453 2469 2577 2504 cum

1505 2513 1584 2564 eis
1612 2513 1857 2579 fabulari,
1883 2519 2030 2583 quia,
2069 2523 2366 2572 secundum
2397 2527 2578 2590 plures

1503 2586 1743 2639 doctores
1781 2589 2043 2653 Ecclesiae,
2075 2603 2127 2643 et
2164 2594 2430 2661 religiosae
2455 2599 2578 2651 vitae

1502 2667 1694 2722 patreS,
1724 2660 1850 2711 talia
1877 2662 2160 2728 designant
2189 2665 2458 2718 interioris
2485 2671 2577 2720 ho-

1502 2729 1669 2781 minis
1714 2734 2131 2799 corruptionem,
2181 2753 2240 2788 ac
2277 2742 2571 2805 quamdam

1499 2803 1611 2867 ejus
1638 2802 1922 2857 mollitiem
1959 2818 2012 2858 et
2043 2810 2413 2875 dejectionem.
2450 2816 2570 2875 Hic,

1497 2875 1795 2924 secundum
1822 2877 2203 2943 Augustinum,
2236 2897 2347 2931 non
2377 2884 2574 2948 praeci-

1497 2943 1645 3008 pitur
1688 2946 1908 3012 aliquod
1951 2950 2277 3016 membrum,
2322 2954 2385 3002 ad
2436 2955 2573 3006 litte-

1496 3031 1630 3078 ram,
1649 3019 1762 3068 erui
1777 3034 1793 3083 ;
1831 3020 1923 3070 sed
1949 3022 2156 3072 occasio
2181 3025 2451 3090 peccandi.
2473 3027 2571 3078 Po-

1495 3095 1597 3138 test
1625 3089 1773 3139 enim
1821 3107 1937 3142 esse
1978 3093 2186 3144 occasio
2227 3110 2292 3146 ex
2326 3109 2567 3163 aspectu,

1493 3170 1546 3211 et
1590 3173 1720 3215 tunc
1749 3167 1937 3216 oculus
1975 3168 2324 3232 scandalizat;
2357 3181 2410 3221 et
2439 3188 2567 3223 cum

1493 3233 1635 3284 bona
1665 3234 1726 3286 fit
1771 3235 2086 3299 intentione,
2128 3250 2256 3292 tunc
2295 3244 2565 3295 scandali-

1488 3314 1569 3354 zat
1592 3308 1778 3357 oculus
1803 3309 2001 3361 dexter.
2028 3311 2126 3361 Vel
2155 3322 2330 3378 potest
2349 3330 2465 3366 esse
2485 3333 2566 3367 oc-

1489 3376 1630 3427 casio
1667 3394 1732 3428 ex
1757 3391 2001 3432 contactu
2029 3421 2043 3443 ,
2077 3393 2130 3433 et
2172 3400 2295 3435 cum
2328 3387 2467 3438 bona
2489 3389 2565 3438 in-

1488 3447 1745 3510 tentione,
1783 3460 1835 3501 et
1862 3460 1988 3501 tunc
2017 3454 2334 3505 scandalizat
2368 3473 2563 3510 manus

1486 3514 1686 3568 dextra.
1726 3520 2048 3585 Huiusmodi
2081 3539 2208 3590 ergo
2232 3526 2277 3576 si
2307 3529 2565 3580 scandali·

1484 3590 1938 3655 zantyabjicienda
1961 3605 2105 3656 sunt,
2132 3597 2261 3662 quia
2285 3597 2561 3664 fugiendae

1485 3670 1613 3710 sunt
1639 3660 1942 3715 occasiones
1984 3668 2257 3732 peccandi.
2288 3669 2355 3719 Et
2380 3681 2559 3736 potest

1481 3731 1651 3797 accipi
1686 3736 1993 3800 exemplum
2020 3738 2086 3787 de
2116 3737 2426 3791 visitatione
2449 3742 2555 3812 bo-

1482 3819 1567 3865 na,
1593 3805 1678 3855 vel
1700 3821 1859 3872 opere
1888 3809 2045 3860 bono·
2066 3810 2132 3860 de
2151 3827 2371 3877 genere;
2400 3813 2551 3863 verbi

1479 3874 1667 3940 gratia,
1697 3875 1742 3926 si
1767 3877 1963 3944 aliquis
1989 3879 2135 3930 vadit
2170 3883 2236 3931 ad
2260 3881 2550 3948 collegium

1479 3947 1772 3999 mulierum
1822 3964 1978 4001 causa
2019 3950 2428 4018 prae'dicationis,
2465 3953 2549 4004 vel

2640 2085 2657 2108 '-
