2784 4452
626 312 983 365 SERMONIS
1013 312 1085 362 IN
1121 311 1376 364 MONTE
1406 312 1920 368 CONTINUATIO.

171 435 223 476 te
250 440 367 476 esse
398 425 453 475 in
486 426 589 476 hoc
637 428 862 488 mundo,
892 426 1146 493 quoniam
1172 427 1239 477 ad

169 497 296 548 illos
323 498 418 563 qui
448 497 504 547 in
530 499 663 548 coelo
691 510 816 550 sunt
846 509 897 549 et
916 498 1026 548 Deo
1053 499 1239 549 vivunt

168 579 327 621 tuum
366 570 686 620 transtulisti
733 569 1072 637 propositum
1102 586 1118 619 ε
1152 570 1241 620 ubi

169 650 252 695 est
271 643 559 694 thesaurus
583 650 723 706 ταας,
743 644 819 694 ibi
845 649 926 694 est
946 658 1040 694 cor
1060 649 1238 702 tuum,-

167 713 280 764 noli
328 730 453 764 cum
502 714 765 780 argenteis
807 713 1112 765 simulacris
1143 714 1236 764 vili

167 784 444 850 marsupio
485 794 579 834 tuo
623 795 779 835 tuum
820 784 1091 835 includere
1128 784 1240 834 ani-

166 871 342 921 mum,
383 856 478 922 qui
505 872 783 923 nunquam
813 872 939 907 cum
975 872 1236 907 nummo-

165 944 292 979 rum
321 930 552 994 pondere
578 928 774 994 poterit
811 929 1136 980 transvolare
1166 929 1233 978 ad

165 1000 386 1051 coelum.
435 1020 462 1047 n
519 1001 632 1050 Hoc
684 1010 882 1062 autem,
940 1001 1235 1051 secundum

164 1073 581 1137 Hieronymum,
624 1089 732 1123 non
779 1082 989 1124 tantum
1037 1072 1238 1124 intelli-

164 1145 401 1209 gendum
446 1156 527 1195 est
569 1147 635 1196 de
675 1146 928 1196 thesauro
973 1145 1233 1212 pecuniae,

163 1218 261 1268 sed
309 1218 680 1269 universaliter
725 1221 789 1270 de
835 1219 1038 1270 cunctis
1078 1219 1235 1269 volu-

163 1287 401 1352 ptatibus
421 1304 484 1338 ac
515 1289 968 1354 possessionibuS,
997 1298 1098 1338 etc.
1132 1288 1237 1338 Gu-

161 1359 270 1409 losi
304 1360 447 1410 Deus
474 1371 658 1411 venter
699 1370 798 1424 est,
828 1359 1092 1411 luxuriosi
1124 1359 1237 1409 the-

161 1444 356 1480 saurus
402 1432 575 1495 epulae
621 1441 763 1494 sunt,
799 1430 986 1481 lascivi
1026 1430 1235 1480 lubrica

161 1502 419 1552 amatoris
463 1503 651 1566 libido,
695 1503 836 1553 avari
873 1502 1122 1569 pecunia;
1182 1512 1236 1553 et

161 1573 242 1624 sic
274 1573 682 1640 intelligendum
717 1585 797 1625 est
830 1575 889 1625 in
919 1574 1076 1625 aliis:
1106 1574 1236 1625 huic

161 1645 310 1696 enim
353 1646 515 1697 servit
551 1647 682 1696 vitio
718 1648 1095 1714 unusquisque
1123 1663 1232 1714 quo

159 1716 416 1776 vincitur,
456 1727 507 1767 et
543 1718 619 1767 ibi
647 1718 811 1769 habet
838 1735 949 1779 cor,
981 1720 1078 1770 ubi
1110 1720 1233 1769 the-

160 1802 408 1852 saurum,
440 1799 493 1838 et
534 1790 597 1838 ad
647 1790 784 1840 hanc
830 1791 1231 1841 conversionem

159 1859 363 1920 cordis,
413 1861 478 1910 ad
521 1876 762 1911 amorem
809 1862 1123 1927 passionum
1180 1872 1233 1913 et

161 1944 346 1980 rerum
385 1929 719 1995 hujusmodi,
745 1933 996 1998 sequitur
1022 1933 1231 1983 aversio

157 2016 192 2051 a
221 2002 356 2052 Deo.
399 2002 455 2051 Si
499 2019 625 2070 ergo
653 2003 708 2053 in
735 2006 867 2055 coelo
917 2015 1016 2066 est,
1067 2022 1231 2056 mun-

159 2074 296 2124 dum
317 2084 419 2139 est,
440 2075 568 2141 quia
596 2077 797 2128 munda
820 2088 950 2128 sunt
967 2078 1227 2140 coelestia3

158 2145 207 2196 si
247 2156 425 2196 autem
475 2147 528 2196 in
577 2158 717 2198 terra
754 2150 1038 2212 volutatur,
1065 2151 1121 2201 id
1151 2160 1232 2200 est

163 2217 213 2269 si
249 2218 384 2285 quid
413 2230 533 2286 agat
575 2231 636 2271 ut
683 2231 893 2273 terrena
923 2238 1230 2289 consequa-

159 2298 271 2348 tur,
306 2292 584 2354 quomodo
628 2293 893 2342 mundum
925 2293 1044 2344 est?
1076 2294 1230 2345 Unde

154 2361 503 2426 Augustinus
547 2381 565 2412 .·
605 2382 633 2410 α
680 2364 948 2414 Sordescit
1002 2363 1228 2431 aliquid,

156 2446 286 2481 cum
350 2431 591 2483 inferiori
663 2444 863 2484 naturae
935 2435 1195 2485 miscetur
1214 2474 1228 2496 ,

154 2502 407 2567 quamvis
448 2504 504 2552 in
546 2520 644 2554 suo
673 2519 863 2571 genere
893 2521 1000 2554 non
1046 2506 1228 2555 sordi-

154 2573 345 2636 detur;
375 2574 504 2640 quia
531 2575 693 2625 etiam
723 2577 790 2626 de
831 2592 967 2642 puro
1012 2586 1229 2642 argento

153 2644 465 2695 sordidatur
501 2661 694 2695 aurum
741 2647 788 2696 si
813 2647 1124 2706 misceatur,
1156 2647 1230 2697 ita

154 2727 211 2768 et
254 2719 473 2769 animus
505 2729 686 2769 noster
711 2730 1051 2770 terrenorum
1075 2720 1232 2786 cupi-

154 2788 323 2838 ditate
353 2790 629 2849 sordescit,
662 2790 909 2857 quamvis
936 2801 1145 2841 terrena
1173 2790 1229 2840 in

154 2873 260 2909 suo
321 2875 515 2924 genere
557 2862 760 2911 munda
795 2861 923 2911 sint.
976 2880 1000 2905 ιι
1043 2861 1228 2926 Igitur,

155 2941 220 2981 ut
269 2931 347 2980 ait
391 2932 701 2983 Rich-ardus
736 2951 754 2984 .-
793 2952 824 2981 ιι
877 2934 1229 2999 Quaecunque

155 3001 215 3051 in
243 3002 447 3051 mundo
491 3005 842 3069 concupisciS,
889 3019 1229 3070 quaecunque

153 3071 215 3121 in
247 3075 449 3122 mundo
475 3076 690 3137 metuis,
724 3075 973 3141 impende
1002 3074 1229 3125 libenter

153 3159 257 3209 pro
285 3144 528 3195 libertate
553 3146 761 3197 cordis.
791 3168 818 3194 n
856 3147 1016 3207 Quia,
1059 3157 1120 3196 ut
1152 3147 1232 3196 di-

153 3214 230 3264 cit
252 3216 608 3281 AugustinuS‚
641 3228 817 3268 totum
847 3218 1111 3267 mundum
1139 3218 1227 3268 de-

155 3284 251 3335 bet
283 3292 630 3341 contemnere
670 3292 765 3356 qui
811 3288 917 3340 sibi
964 3288 1230 3338 thesauri-

157 3364 245 3405 zat
274 3354 331 3405 in
359 3358 513 3406 coelo.

222 3424 252 3476 3
289 3427 406 3477 Non
441 3444 535 3477 EST
581 3445 648 3479 DE
691 3429 807 3479 Deo
847 3444 1225 3480 mrrmuunuu.

153 3527 220 3536 —
274 3498 351 3548 Et
411 3516 478 3550 ne
530 3501 694 3551 timor
764 3502 1018 3569 subrepat
1086 3501 1228 3553 diffi-

153 3569 349 3623 dentiae
430 3572 666 3622 habendi
714 3573 837 3623 vitae
907 3574 1226 3633 necessaria,

150 3653 540 3708 consequenter
586 3645 823 3694 excludit
875 3644 1225 3695 diffidentiam

151 3727 280 3777 quae
306 3713 450 3762 nasci
480 3725 661 3778 posset
695 3730 759 3765 ex
773 3716 1080 3765 conditione
1111 3730 1209 3780 pro

154 3782 300 3847 pria,
331 3783 517 3834 dicens
555 3803 569 3835 ι
609 3786 796 3837 Nolite
832 3787 1031 3849 timere,
1064 3785 1233 3851 pusil-

151 3852 243 3902 lus
272 3867 438 3918 grex,
472 3854 525 3903 id
553 3866 635 3905 est
674 3856 1013 3922 congregatio
1051 3854 1229 3905 humi-

150 3922 312 3984 lium,
340 3926 466 3990 quia
491 3928 810 3993 complacuit
832 3928 995 3978 Patri
1027 3934 1224 3989 vestr-0,

2306 320 2411 372 363

1347 429 1567 491 coelesti,
1621 430 1752 483 dare
1796 433 1946 483 vobis
1996 449 2253 502 regnum,
2302 455 2412 490 non

1344 501 1567 567 quidem
1612 503 1682 553 ob
1739 505 1928 556 merita
1968 518 2171 567 vestra,
2220 510 2312 559 sed
2348 526 2414 561 ex

1345 587 1492 621 mera
1552 572 1865 625 liberalitate
1926 586 1979 627 et
2029 578 2266 629 bonitate
2320 596 2417 631 sua

1344 641 1541 692 divina.
1590 642 1755 703 Quasi
1784 646 2019 697 diceret:
2055 649 2134 698 Ex
2173 665 2282 716 quo
2324 667 2413 702 re-

1344 729 1514 779 gnum
1550 716 1807 766 coelorum
1844 731 2088 785 paratum
2128 731 2209 771 est
2236 723 2417 783 vobis,

1344 801 1535 850 parum
1575 786 1779 838 debetis
1824 804 2005 841 curare
2050 792 2115 841 de
2167 794 2417 845 terrenis.

1345 856 1467 905 Non
1493 858 1643 908 enim
1669 860 1735 909 de
1766 859 1889 910 vitae
1916 863 2230 914 necessariis
2256 866 2417 915 debet

1342 925 1584 978 diffidere
1611 929 1696 979 cui
1724 945 1952 996 regnum
1976 933 2100 983 vitae
2138 935 2418 1001 promitti-

1341 1005 1447 1058 tur,
1479 997 1532 1047 in
1563 1015 1671 1065 quo
1689 1002 1871 1052 omnis
1899 1002 2215 1055 sufficientia
2244 1005 2416 1056 habe-

1342 1078 1447 1119 tur.
1499 1071 1708 1123 Dicitur
1758 1085 1935 1125 autem
1985 1091 2165 1142 grex,
2198 1088 2415 1144 propter

1340 1138 1465 1190 fidei
1494 1142 1853 1195 obedientiam
1886 1164 1899 1196 :
1920 1148 2176 1212 pusilluS,
2199 1161 2417 1215 propter

1339 1212 1656 1264 voluntariae
1673 1218 1998 1281 paupertatis
2017 1228 2070 1267 et
2089 1217 2419 1269 humilitatis

1341 1282 1699 1345 devotionem,
1730 1302 1835 1352 qua
1871 1288 2182 1353 pervenitur
2206 1289 2271 1338 ad
2303 1305 2414 1340 coe-

1342 1354 1490 1405 lestis
1519 1357 1669 1422 regni
1692 1358 2109 1424 possessionem.
2124 1361 2221 1410 Vel
2240 1361 2421 1428 pusil-
2460 1409 2461 1412 ,

1342 1426 1427 1476 lus
1444 1426 1642 1478 dicitur
1662 1445 1814 1495 grex
1840 1431 2146 1492 electorum,
2173 1443 2417 1499 respectu

1340 1498 1558 1562 majoris
1601 1501 1812 1550 numeri
1853 1502 2238 1566 reproborum,
2278 1503 2414 1569 quia

1341 1567 1494 1632 pauci
1525 1579 1676 1620 erant
1714 1569 1899 1622 fideles
1938 1583 2183 1637 respectu
2216 1572 2411 1624 infide-

1340 1639 1505 1700 lium,
1551 1651 1603 1691 et
1636 1643 1787 1708 pauci
1819 1652 1946 1693 sunt
1972 1644 2144 1705 electi,
2170 1654 2416 1711 respectu

1340 1712 1710 1778 reproborum.
1741 1714 1960 1764 Utinam
1993 1724 2046 1765 et
2072 1731 2173 1780 ego
2201 1731 2409 1766 merear

1339 1784 1406 1832 de
1433 1781 1542 1832 illis
1567 1784 1749 1848 paucis
1782 1786 1865 1835 vel
1902 1785 2167 1835 minimus
2194 1800 2328 1847 esse,
2354 1797 2409 1837 et

1337 1866 1462 1901 cum
1487 1852 1564 1903 eis
1586 1869 1816 1920 regnum
1839 1856 2110 1921 percipere
2136 1855 2148 1906 !

1396 1939 1437 1988 4
1468 1925 1819 1977 EnaauostA
1844 1945 1933 1978 vm
1975 1944 2071 1978 ias-r
2094 1945 2164 1977 an
2200 1945 2409 1980 emron.

1337 2023 1399 2032 —
1428 1997 1736 2048 Pervenitur
1777 1999 1937 2049 etiam
1974 2000 2040 2049 ad
2081 2000 2236 2066 regni
2264 2017 2409 2066 opu-

1336 2066 1555 2116 lentiam
1571 2083 1664 2132 per
1686 2069 2038 2119 consiliorum
2063 2085 2412 2136 supereroga-

1336 2136 1562 2197 tionem,
1576 2137 1778 2203 quibus
1793 2138 1902 2187 itur
1922 2139 1988 2188 ad
2007 2138 2412 2204 perfectionem,

1336 2220 1387 2260 et
1414 2210 1535 2261 ideo
1575 2211 1880 2278 subjungit,
1919 2211 2144 2263 dicens:
2183 2213 2410 2265 Vendite

1334 2294 1454 2347 quae
1473 2281 1788 2347 possidetiS,
1825 2282 1986 2331 etiam
2018 2283 2329 2344 necessaria,
2352 2290 2407 2334 et

1334 2353 1461 2403 date
1514 2353 1931 2420 eleemosynam,
1977 2369 2096 2420 quae
2150 2355 2215 2405 ad
2262 2355 2407 2405 idem

1334 2440 1561 2491 regnum
1595 2423 1682 2474 via
1710 2433 1790 2473 est
1815 2441 1828 2472 ε
1843 2424 2022 2489 facite
2054 2426 2203 2477 vobis
2230 2441 2413 2477 saccu-

1334 2498 1435 2559 los,
1469 2498 1523 2547 id
1562 2508 1643 2547 est
1681 2497 2001 2562 repositaria
2036 2498 2322 2559 bonorum,
2362 2510 2413 2551 et

1334 2573 1449 2622 loca
1464 2572 1529 2622 ad
1549 2571 1920 2637 reponendum
1948 2572 2245 2622 mercedem
2267 2574 2412 2623 elee-

1336 2659 1686 2710 mosynarum
1755 2653 2084 2703 vestrarum,
2152 2643 2249 2709 qui'
2308 2659 2416 2694 non

1335 2722 1689 2778 veterascunt,
1723 2725 1774 2765 et
1802 2715 2073 2774 deficiunt,
2098 2715 2299 2766 scilicet
2326 2731 2414 2766 re-

1336 2787 1588 2853 ponendo
1638 2788 2034 2851 eleemosynam
2090 2785 2147 2835 in
2217 2802 2419 2837 manus

1336 2872 1648 2923 pauperum,
1680 2855 1773 2923 qui
1803 2855 1956 2905 vobis
1996 2870 2089 2921 per
2129 2856 2329 2917 hosteS,
2358 2868 2413 2908 et

1334 2929 1480 2980 fures
1525 2929 1930 2980 transeuntibus
1985 2930 2262 2993 pecuniam
2313 2945 2412 2980 ve-

1335 3010 1501 3051 stram
1520 3015 1692 3066 usque
1710 3000 1775 3049 ad
1788 3000 1969 3050 locum
1984 3009 2163 3050 tutum
2179 3009 2421 3066 portent,

1337 3087 1406 3122 ne
1460 3087 1578 3121 eam
1628 3070 1916 3129 amittatis,
1964 3071 2269 3120 thesaurum
2305 3084 2417 3120 non*

1335 3142 1664 3208 deficientem
1718 3141 1770 3191 in
1833 3141 2013 3206 coelis,
2071 3152 2125 3192 et
2164 3141 2416 3203 aeternis;.

1335 3213 1467 3278 quia
1507 3227 1711 3263 merces
1752 3212 2108 3277 eleemosynae
2147 3212 2204 3261 in
2246 3222 2416 3261 aeter-

1340 3300 1475 3333 num
1523 3293 1703 3334 manet
1736 3283 1796 3332 in
1828 3284 1993 3334 coelis.
2028 3284 2164 3332 Nam
2201 3281 2418 3332 fructus

1335 3356 1685 3420 eleemosynae
1713 3364 1869 3419 auget
1898 3354 2108 3417 merita,
2135 3368 2254 3419 quae
2276 3363 2406 3404 sunt

1333 3425 1620 3475 thesaurus
1667 3425 1975 3475 indeficiens
2018 3425 2078 3474 in
2124 3425 2310 3490 patria.
2342 3425 2409 3475 Et

1334 3495 1379 3545 si
1402 3510 1496 3561 per
1509 3496 1902 3561 eleemosynam
1924 3495 2186 3545 habemus
2201 3496 2256 3545 in
2275 3496 2417 3547 coelo-

1334 3568 1649 3617 thesaurum
1687 3568 2022 3630 meritorum,
2069 3566 2145 3617 ibi
2183 3583 2273 3616 cor
2309 3584 2413 3617 no-

1333 3651 1508 3690 strum
1553 3640 1787 3708 suspiret
1819 3651 1872 3691 et
1902 3650 2164 3706 exspectet
2190 3641 2410 3691 thesau-

1332 3729 1455 3764 rum
1485 3715 1849 3780 praemiorum.

1398 3784 1426 3834 5
1462 3785 1543 3834 DE
1590 3801 1727 3835 nom
1774 3801 1842 3834 ετ
1878 3801 2022 3835 uana
2068 3799 2412 3834 ιΝτεΝτῐοΝε.

1332 3883 1394 3893 -
1422 3855 1624 3906 Deinde
1663 3857 1815 3907 docet
1852 3871 1944 3906 eos
1978 3857 2044 3906 de
2080 3856 2233 3906 oculo
2272 3854 2407 3905 sim-

1333 3925 1460 3992 plici
1504 3924 1786 3989 habendO,
1819 3929 1965 3994 quod
1997 3927 2268 3978 attendere
2305 3925 2408 3976 de-
