2784 4452
363 360 472 410 444

365 459 501 510 culis
521 458 831 510 confirmata
858 460 922 510 ad
955 461 1155 511 multos
1183 460 1421 511 salubri-

366 542 445 582 ter
492 532 815 598 perveniret;
849 533 931 583 vel
973 533 1117 599 quia,
1164 542 1224 582 ut
1262 547 1423 597 supra

366 603 569 653 dictum
601 613 698 663 est,
731 602 1110 669 Capharnaum
1158 603 1423 667 interpre-

367 684 509 723 tatur
526 673 657 723 villa
676 673 1113 739 pulchritudiniS,
1135 684 1187 724 et
1196 674 1425 740 pingue·

367 744 536 807 dinis,
575 753 627 794 et
680 744 1090 805 consolationisi,
1141 759 1260 809 quae
1297 752 1425 794 sunt

367 815 575 865 occasio
602 815 849 881 peccandi
880 815 1084 875 multis,
1106 815 1225 865 ideo
1248 816 1313 865 ad
1339 814 1423 864 sui

369 885 777 935 conversionem
851 885 1096 950 pluribus
1154 883 1426 951 indigebat

368 955 639 1005 miraculis
655 971 670 1018 ;
700 955 784 1005 vel
813 955 950 1005 sicut
976 954 1316 1020 metropolim
1338 970 1426 1005 re-

372 1027 553 1092 gionis
607 1027 829 1093 alicujus
869 1025 1132 1076 civitatem
1187 1036 1427 1076 nostram

369 1097 618 1156 dicimus,
635 1098 922 1166 existentes
942 1107 1118 1147 tamen
1138 1096 1204 1147 de
1220 1096 1430 1146 civitate

372 1167 607 1231 subjecta
639 1166 719 1217 illi
767 1182 780 1215 ε
833 1166 907 1215 ita
952 1176 1004 1216 et
1052 1165 1428 1231 Capharnaum

370 1236 685 1302 metropolis
733 1236 997 1287 Nazareth
1035 1236 1289 1300 Galilaeae,
1328 1236 1431 1286 sita

370 1308 512 1357 inter
567 1307 829 1357 Nazareth
889 1317 941 1357 et
1003 1316 1273 1372 stagnum,
1340 1306 1430 1356 di-

369 1376 506 1426 citur
547 1376 736 1427 civitas
781 1377 1022 1439 Domini,
1070 1376 1128 1426 in
1173 1377 1432 1427 Nazareth

372 1446 614 1512 concepti
638 1457 691 1497 et
714 1448 923 1499 nutriti.

309 1582 312 1585 Ι
434 1534 464 1568 2
514 1519 809 1570 Ori-sarua
856 1521 1089 1572 Cumsro
1138 1533 1431 1570 mmmm-r-

370 1605 484 1648 cus,
515 1605 669 1640 cusus
716 1605 941 1640 PEccATA.
970 1606 1209 1640 mur-rru-
1249 1603 1431 1639 rmus-

372 1677 524 1719 Qum
543 1677 650 1711 nun
672 1677 854 1712 sana-r.
878 1690 938 1699 —
967 1662 1044 1712 Et
1066 1677 1182 1713 cum
1203 1662 1255 1712 in
1277 1661 1432 1711 domo

371 1732 585 1782 doceret
611 1731 814 1794 turbaS,
836 1732 943 1781 viri
964 1737 1192 1797 quatuor
1212 1737 1435 1798 portan-

372 1809 453 1852 tes
480 1802 534 1851 in
567 1801 701 1851 lecto
724 1802 1117 1869 paralyticum,
1150 1801 1434 1851 invenien-

379 1881 568 1937 tesque
596 1870 944 1921 multitudine
969 1873 1184 1937 januam
1214 1870 1436 1920 obtura-

373 1953 502 2004 tam,
547 1955 599 1994 et
639 1960 745 1994 non
791 1944 1024 1995 valentes
1078 1942 1301 1993 introire
1343 1957 1436 2009 per

375 2030 512 2074 eam,
543 2024 595 2064 et
643 2013 799 2064 illum
851 2014 1047 2065 inferre
1101 2028 1208 2080 prae
1247 2012 1433 2071 turba,

376 2086 735 2137 ascenderunt
789 2099 955 2151 supra
991 2091 1205 2147 tectum,
1249 2093 1302 2134 et
1328 2099 1435 2133 nu-

375 2157 561 2206 dantes
592 2155 744 2215 illud,
770 2169 873 2222 per
905 2157 1145 2222 tegulaS,
1190 2154 1437 2205 submise-

378 2233 505 2279 runt
523 2226 672 2278 illum
699 2242 814 2278 cum
844 2228 975 2279 lecto
996 2228 1047 2278 in
1065 2228 1289 2278 medium
1312 2232 1437 2276 ante

376 2300 588 2361 Jesum,·
624 2307 675 2348 et
699 2298 802 2347 1106
820 2296 924 2347 fuit
943 2298 1160 2364 signum
1176 2312 1434 2362 magnum

375 2369 499 2421 fidei
563 2371 823 2437 ipsorum.
883 2370 1040 2421 Unde
1098 2380 1220 2436 post
1273 2369 1433 2419 fidem

377 2455 563 2491 eorum
586 2440 819 2491 ostendit
841 2440 1109 2491 Dominus
1136 2440 1334 2490 divinae
1347 2455 1437 2505 po·

376 2511 580 2561 testatis
600 2520 796 2570 actum,
839 2519 892 2561 et
923 2525 1084 2576 super
1105 2510 1361 2570 animam,
1382 2519 1436 2559 et

375 2601 538 2651 super
566 2601 760 2651 corpus
804 2585 1004 2652 ipsum.
1035 2585 1105 2635 Et
1129 2584 1231 2635 hoc
1254 2584 1435 2649 tripli-

376 2656 543 2707 citer:
574 2656 768 2722 primo,
795 2656 852 2705 in
888 2654 1209 2705 remissione
1246 2653 1437 2705 crimi-

378 2725 465 2776 nis
481 2742 495 2789 ;
528 2727 783 2790 secund0‚
809 2727 866 2777 in
896 2726 1203 2792 cognitione
1229 2725 1435 2791 cogita-

375 2796 539 2847 tionis
559 2835 573 2858 ,
623 2807 678 2847 et
728 2798 842 2847 haec
892 2797 1000 2846 duo
1060 2795 1329 2861 pertinent
1369 2797 1435 2846 ad

374 2866 639 2928 animam;
669 2866 845 2926 tertio,
877 2866 935 2915 in
964 2865 1141 2915 subita
1166 2865 1438 2915 curatione

373 2938 707 3005 aegritudinis
732 2938 1039 3005 corporalis.
1087 2939 1221 2989 Nam
1254 2937 1437 2988 videns

374 3010 715 3077 Jesusfidem
735 3011 966 3073 illorum,
998 3009 1196 3060 scilicet
1218 3008 1439 3059 offeren-

376 3085 534 3145 tium,
558 3094 611 3133 et
625 3082 786 3133 etiam
811 3083 1085 3150 paralytici
1112 3083 1303 3146 oblati;
1326 3098 1436 3132 non

376 3157 525 3208 enim
553 3172 610 3206 se
640 3155 859 3222 portari,
889 3165 942 3205 et
962 3171 1056 3221 per
1074 3166 1273 3206 tectum
1302 3156 1437 3206 sub-

376 3230 520 3280 mitti
568 3229 908 3280 sustinuisset
928 3266 942 3289 ,
993 3229 1097 3279 nisi
1144 3226 1438 3280 curationis

376 3301 539 3353 fidem
569 3302 863 3361 habuisset,
894 3300 1103 3351 dimisit
1125 3300 1173 3351 ei
1209 3310 1436 3367 peccata,

376 3372 560 3422 dicens
593 3389 607 3421 ε
639 3371 877 3437 Confide,
919 3370 1032 3437 fili,
1099 3373 1439 3422 remittuntur

376 3443 475 3493 tibi
493 3448 718 3508 peccata
735 3448 843 3504 tua,
860 3451 911 3492 et
929 3457 1036 3491 non
1056 3441 1185 3491 dicit
1205 3442 1437 3501 remitto,

376 3517 470 3566 sed
492 3515 858 3579 remittuntur,
912 3528 1069 3564 causa
1115 3514 1439 3579 humilitatis

379 3599 431 3640 et
462 3588 675 3655 pietatis
708 3588 1061 3647 insinuandae.
1094 3588 1171 3637 Ex
1200 3587 1303 3637 1106
1339 3604 1439 3653 pa·-

376 3669 483 3718 tet,
534 3658 679 3725 quod
726 3657 857 3708 fides
907 3656 1179 3724 paralytici
1227 3657 1438 3721 aderat;

378 3729 507 3796 quia
531 3729 651 3778 licet
679 3728 879 3779 sanitas
901 3728 1208 3794 corporalis,
1232 3728 1315 3779 vel
1334 3730 1440 3779 ali-

379 3801 510 3867 quid
531 3801 844 3865 hujusmodi
868 3801 1021 3851 detur
1042 3799 1199 3851 alicui
1225 3811 1440 3867 propter

380 3873 541 3921 fidem
569 3872 815 3932 alienam,
843 3872 1089 3923 remissio
1118 3882 1297 3922 tamen
1326 3889 1439 3938 pec·

381 3950 619 3991 catorum
677 3956 786 3990 non
827 3943 984 3994 datur
1037 3942 1196 3993 alicui
1255 3945 1438 3997 adulto

946 344 1185 396 PRIMAE
1226 342 1476 395 PARTIS
1506 341 1740 395 CAPUT
1782 342 2013 394 XLVIII.

1534 460 1653 510 sine
1687 457 1792 509 fide
1834 457 2067 525 propria,
2098 468 2151 509 et
2191 457 2310 509 ideo
2354 459 2492 509 bene
2522 458 2590 509 fi—

1530 530 1669 580 lium
1698 538 1867 589 vocat,
1898 528 2026 595 quia
2046 529 2152 593 jam
2180 528 2443 579 credebat.
2488 528 2590 580 Ubi

1531 601 1906 667 Hieronymus
1948 615 1966 655 .-
1991 617 2019 645 «
2040 599 2088 649 Ο
2120 599 2257 649 mira
2281 598 2593 650 humilitas!

1530 672 1837 737 despectum
1887 682 1939 721 et
2004 670 2236 721 debilem
2266 709 2280 731 ,
2357 671 2595 736 totisque

1531 742 1896 791 membrorum
1910 741 2255 807 compagibus
2266 740 2593 791 dissolutum

1531 811 1703 862 filium
1730 821 1906 873 vocat,
1934 826 2096 877 quem
2137 811 2436 860 sacerdotes
2482 826 2593 860 non

1531 881 1886 948 dignabantur
1934 881 2217 947 attingere!
2283 883 2393 931 Aut
2456 891 2594 931 certe

1536 952 1657 1002 ideo
1712 951 1914 1013 filiurn,
1970 952 2098 1018 quia
2137 951 2492 1002 dimittuntur
2545 951 2594 1002 ei

1536 1035 1747 1090 peccata
1775 1040 1888 1075 sua.
1924 1044 1948 1070 ιι
1997 1025 2075 1075 Et
2117 1038 2232 1076 ecce
2275 1025 2497 1090 quidam
2531 1025 2595 1075 de

1536 1098 1762 1161 ScribIs,
1780 1098 1834 1147 id
1849 1108 1930 1148 est
1957 1097 2092 1164 legis
2111 1097 2312 1163 peritiS‚
2335 1099 2596 1149 dixerunt

1536 1170 1682 1220 intra
1737 1185 1821 1235 se,
1870 1170 1924 1220 id
1969 1180 2050 1220 est
2101 1170 2423 1236 cogitabant,
2470 1169 2596 1237 quia

1534 1251 1681 1291 extra
1711 1241 1886 1292 dicere
1927 1250 2140 1306 propter
2171 1241 2433 1306 populum
2487 1255 2595 1290 non

1535 1312 1826 1372 audebant,
1870 1312 2094 1362 verbum
2141 1311 2289 1361 enim
2336 1310 2596 1361 intrinse—

1535 1398 1657 1432 cum
1685 1393 1766 1432 est
1788 1382 2038 1448 cogitatio
2080 1382 2280 1432 mentis
2305 1398 2319 1431 t
2349 1382 2464 1431 Hic
2492 1381 2597 1431 bla-

1539 1454 1795 1518 sphemat,
1829 1453 1885 1503 id
1936 1463 2016 1503 est
2062 1453 2207 1519 quod
2237 1452 2335 1503 Dei
2368 1462 2452 1502 est
2492 1451 2594 1502 sibi

1540 1536 1774 1591 usurpat.
1798 1526 1889 1575 Est
1908 1524 2051 1576 enim
2075 1526 2465 1590 blasphemare,
2485 1525 2594 1574 Deo

1539 1597 1789 1663 injuriam
1831 1598 2080 1664 irrogare,
2106 1598 2251 1664 quod
2276 1598 2336 1648 fit
2364 1596 2595 1663 triplici-

1539 1678 1619 1718 ter
1653 1685 1668 1717 :
1698 1671 1781 1719 vel
1802 1685 1925 1719 cum
1967 1669 2082 1719 Deo
2112 1668 2426 1719 attribuitur
2453 1667 2595 1734 quod

1540 1740 1587 1789 ei
1627 1755 1737 1790 non
1782 1738 2063 1803 convenit3
2110 1739 2192 1789 vel
2214 1740 2281 1789 ab
2308 1755 2372 1789 eo
2415 1753 2596 1788 remo-

1543 1822 1697 1862 vetur
1743 1812 1887 1878 quod
1937 1811 1984 1862 ei
2025 1812 2301 1875 convenit3
2351 1812 2435 1861 vel
2476 1827 2597 1861 cum

1542 1883 1707 1933 homo
1747 1883 1851 1933 sibi
1881 1886 2025 1950 quod
2052 1885 2331 1951 proprium
2372 1894 2456 1934 est
2483 1883 2597 1945 Dei,

1543 1952 1760 2013 tribuit,
1786 1963 1838 2003 et
1880 1953 1984 2004 hoc
2024 1955 2187 2004 modo
2215 1954 2373 2004 tertio
2392 1954 2599 2018 judica-

1543 2026 1671 2075 bant
1700 2041 1824 2075 eum
1850 2026 2236 2092 blasphemare,
2268 2027 2395 2092 quia
2420 2025 2598 2092 ipsum

1543 2098 1800 2161 putabant
1834 2097 2113 2148 hominem
2146 2108 2375 2157 tantum,
2411 2110 2465 2149 et
2493 2115 2599 2149 non

1543 2168 1717 2217 Deum
1742 2183 1890 2233 esse;
1925 2168 2195 2218 dimittere
2217 2178 2394 2218 autem
2414 2183 2600 2235 pecca-

1542 2251 1595 2292 ta
1635 2242 1735 2291 soli
1764 2242 1876 2291 Deo
1915 2242 2181 2292 convenit.
2215 2242 2319 2292 Sed
2349 2242 2601 2292 Christus

1543 2314 1918 2365 convenienter
1963 2330 2054 2365 eos
2095 2314 2394 2381 redarguit,
2430 2325 2603 2365 osten-

1543 2386 1674 2435 dens
1699 2399 1754 2434 se
1780 2399 1896 2435 esse
1925 2385 2097 2435 Deum
2147 2384 2448 2450 dupliciter.
2484 2384 2605 2435 Pri.-

1542 2473 1651 2515 m0,
1698 2456 1826 2522 quia
1888 2458 2171 2523 respondet
2212 2472 2399 2507 eorum
2451 2457 2605 2523 cogi-

1541 2526 1867 2591 tationibuS,
1942 2543 2078 2593 quas
2143 2542 2466 2593 cognoscere
2513 2542 2607 2593 per

1541 2597 1909 2648 certitudinem
1928 2598 2027 2647 soli
2061 2597 2172 2647 Deo
2201 2596 2479 2663 proprium
2506 2607 2605 2656 est,

1544 2669 1772 2718 dicens:
1812 2667 2012 2734 thuid
2054 2667 2310 2733 cogitatis
2358 2668 2505 2717 mala
2552 2667 2607 2717 in

1542 2740 1792 2791 cordibus
1832 2738 2079 2790 vestris?
2109 2740 2441 2805 imponendo
2466 2738 2608 2789 mihi

1543 2812 1675 2862 falso
1700 2811 2114 2877 blasphemiam,
2152 2812 2352 2862 scilicet
2380 2828 2472 2863 me
2495 2828 2609 2863 non

1544 2900 1700 2949 posse
1746 2895 1954 2950 peccata
1993 2884 2285 2947 dimittere;
2347 2893 2400 2934 et
2459 2883 2608 2950 quod

1543 2955 1640 3005 Dei
1685 2966 1792 3017 est,
1838 2971 2114 3021 usurpare.
2160 2955 2324 3016 Quasi
2368 2956 2606 3007 diceret:

1545 3026 1684 3086 Quia
1722 3036 1977 3093 potestate
2017 3026 2366 3092 cogitationes
2404 3036 2609 3077 vestras

1542 3096 1714 3160 video,
1750 3096 1911 3146 etiam
1935 3106 2141 3162 peccata
2169 3096 2442 3146 dimittere
2480 3111 2611 3162 pos-

1545 3183 1695 3227 sum,
1742 3167 1868 3235 quia
1914 3167 2263 3233 cogitationes
2308 3178 2438 3218 sunt
2484 3167 2611 3217 fons

1546 3237 1674 3287 boni
1724 3248 1775 3288 et
1819 3238 1970 3304 origo
2026 3238 2171 3288 mali.
2205 3239 2327 3288 Ideo
2366 3239 2613 3289 Salvator

1544 3317 1722 3358 noster
1745 3323 1866 3357 curn
1883 3308 2102 3359 vidisset
2116 3310 2282 3359 malas
2296 3309 2611 3359 Scribarum

1545 3377 1920 3443 cogitationes,
1959 3394 2027 3429 ne
2059 3380 2286 3429 ulterius
2331 3379 2614 3444 prodirent

1546 3446 1604 3497 in
1636 3448 1802 3513 pejuS,
1847 3449 2030 3499 statim
2060 3449 2330 3515 redarguit
2365 3464 2477 3509 eos,
2521 3450 2612 3499 di-

1545 3532 1724 3567 cens:
1780 3518 1979 3584 thuid
2040 3519 2296 3585 cogitatis
2356 3520 2503 3570 mala
2555 3520 2611 3570 in

1546 3588 1796 3640 cordibus
1837 3589 2079 3641 vestris?
2118 3591 2251 3641 dans
2308 3592 2469 3642 nobis
2505 3592 2613 3642 do·-

1545 3656 1890 3719 ctrinam,'ut
1920 3676 2082 3726 quam
2111 3661 2216 3711 cito
2262 3662 2614 3728 perpenderi-

1547 3744 1668 3779 mus
1701 3745 1802 3779 nos
1844 3733 1983 3781 mala
2036 3732 2356 3799 cogitatione
2389 3732 2611 3799 pulsari,

1545 3799 1725 3850 statim
1777 3802 2065 3854 debeamus
2112 3805 2471 3871 nosmetipsos
2522 3820 2612 3855 re-

1546 3872 1874 3939 prehendere
1882 3890 1898 3940 ;
1921 3876 2074 3942 quasi
2104 3875 2409 3927 dicerentur
2426 3876 2611 3927 nobis-

1546 3943 1681 4009 ipsis
1737 3944 1849 3997 haec
1908 3946 2110 3997 Christi
2164 3946 2369 3997 verbaz
2409 3947 2611 4013 thuid
