2784 4452
369 356 474 409 440

369 456 737 522 magnitudine
795 468 1043 523 appareat
1114 457 1430 508 hominibus

368 543 530 594 quam
556 528 666 578 sint
688 528 945 587 crudeles,
976 538 1027 579 et
1050 538 1299 580 nocentes
1325 530 1430 580 sibi

367 599 598 649 subditis
615 609 666 649 et
683 599 1194 665 obtemperantibus,
1210 610 1262 649 et
1285 601 1430 666 quod

368 670 616 721 homines
661 686 799 737 quos
846 671 1017 738 magis
1062 671 1252 721 odiunt
1308 673 1432 737 plus

365 743 683 810 affligerent,
731 745 776 795 si
827 746 969 796 Deus
1007 745 1333 810 permitteret
1380 755 1433 796 et

366 817 444 867 eis
487 817 682 868 liceret.
739 818 894 869 Unde
959 819 1382 883 Chi-rsostomus
1415 836 1433 869 .·

370 909 396 935 ιι
427 890 492 939 Et
522 891 773 957 permisit
823 890 935 941 illis
985 892 1168 941 volens
1215 892 1428 951 furiam,

367 976 531 1027 quam
571 973 756 1012 contra
797 961 1047 1012 homines
1090 963 1285 1012 habent
1314 963 1430 1012 dae-

368 1047 582 1093 mones,
624 1034 881 1083 omnibus
938 1034 1330 1094 demonstrare,
1379 1046 1432 1085 et

366 1104 511 1168 quod
536 1106 706 1154 multo
745 1105 921 1169 pejora
957 1107 1153 1155 vellent
1185 1106 1430 1156 homini-

368 1173 471 1224 bus
512 1173 778 1239 infligere,
832 1174 878 1224 si
930 1185 1180 1240 possent,
1234 1175 1432 1226 virtute

369 1259 477 1293 non
545 1242 789 1309 impediti
837 1244 1047 1309 divina3
1098 1256 1150 1296 et
1191 1245 1318 1312 quia
1373 1246 1428 1296 in

367 1312 683 1365 hominibus
729 1315 867 1366 hanc
914 1316 1425 1366 demonstrationem

366 1384 482 1436 fieri
514 1388 628 1451 ejus
673 1387 839 1453 pietas
882 1406 987 1439 non
1022 1388 1248 1448 ferebat,
1281 1388 1427 1454 ipsos

368 1455 423 1506 in
449 1474 639 1522 porcos
669 1458 865 1510 intrare
900 1460 1173 1525 permisit,
1217 1470 1277 1509 ut
1319 1460 1427 1510 illis

363 1528 535 1579 virtus
555 1539 606 1580 et
637 1529 786 1580 furor
810 1532 1115 1581 daemonum
1137 1531 1424 1581 videatur.»

363 1627 425 1636 —
444 1600 643 1664 Tertia,
665 1602 958 1651 secundum
979 1603 1226 1651 eumdem
1254 1601 1430 1669 Chry-

366 1676 669 1734 sostomum,
692 1681 753 1721 ut
777 1672 1052 1722 addiscant
1068 1687 1276 1732 omneS,
1298 1687 1430 1737 quo-

364 1740 508 1792 niam
541 1758 717 1809 neque
743 1744 995 1793 adversus
1015 1759 1202 1809 porcos
1230 1745 1427 1793 audent

361 1812 444 1861 vel
487 1824 738 1878 possunt,
771 1813 874 1863 nisi
924 1814 1068 1864 Deus
1110 1814 1429 1864 concesserit

362 1882 446 1932 vel
486 1884 804 1948 permiserit.
832 1912 892 1921 —
930 1885 1160 1944 Quarta,
1214 1894 1429 1950 propter

362 1953 587 2004 salutem
619 1954 925 2016 hominum,
957 1964 1016 2005 ut
1046 1956 1169 2006 inde
1200 1954 1430 2005 homini·

362 2024 464 2074 bus
505 2025 691 2076 salutis
720 2027 926 2077 occasio
970 2026 1325 2093 praeberetur,
1377 2036 1430 2076 et

362 2106 423 2147 ut
447 2097 697 2150 homines
725 2099 961 2166 regionis
992 2099 1139 2149 illius
1168 2099 1431 2149 discerent

360 2169 459 2220 Dei
498 2171 781 2233 virtutem,
828 2183 878 2221 et
925 2173 981 2222 in
1033 2172 1143 2237 ejus
1186 2171 1432 2221 venirent

362 2242 758 2309 cognitionem;
790 2244 952 2309 hujus
977 2244 1123 2294 enim
1154 2243 1431 2293 occasione

356 2319 610 2377 pastores
648 2314 923 2380 sugerunt
969 2321 1023 2365 et
1066 2314 1184 2365 hoec
1248 2314 1432 2364 omnia

362 2382 682 2435 hominibus
711 2385 765 2434 in
801 2385 1064 2436 civitatem
1092 2391 1143 2435 et
1180 2386 1232 2435 in
1270 2385 1432 2435 villas

370 2456 763 2508 nuntiaverunt.
781 2486 843 2495 —
868 2458 1088 2521 Quinta,
1112 2464 1328 2524 propter
1358 2457 1434 2507 di-

361 2528 617 2593 gnitatem
640 2529 882 2580 hominis
912 2532 1316 2591 ostendendam,
1338 2531 1436 2581 sci-

363 2600 486 2648 licet
523 2611 728 2665 quanto
762 2602 980 2667 dignior
1012 2603 1083 2653 sit
1124 2603 1291 2652 homo
1336 2603 1431 2652 be-

365 2670 504 2733 stiis,
533 2688 655 2722 cum
698 2685 914 2740 propter
947 2675 1172 2726 salutem
1199 2676 1430 2726 duorum

361 2743 650 2793 hominum
677 2745 850 2810 perire
876 2747 1121 2811 permisit
1146 2747 1292 2797 Deus
1326 2747 1433 2797 duo

363 2812 537 2864 millia
561 2830 879 2879 porcorum;
910 2820 1142 2867 multum
1171 2833 1297 2883 ergo
1320 2834 1435 2883 pec·

363 2894 514 2944 cant,
563 2884 656 2950 qui
716 2887 995 2937 hominem
1050 2888 1303 2953 perdere,
1349 2890 1431 2939 vel

364 2954 613 3006 mutilare
664 2972 774 3006 non
824 2957 1131 3008 formidant.
1162 2987 1226 2995 —
1254 2959 1428 3018 Sexta,

364 3027 429 3077 ad
484 3028 869 3079 contumeliam
916 3032 1256 3092 daemonum;
1304 3030 1432 3096 quia

366 3113 562 3164 porcus
590 3098 786 3149 animal
815 3111 894 3150 est
925 3102 1288 3152 immundum.
1315 3102 1432 3151 Ele-

364 3179 557 3234 gerunt
581 3169 727 3219 enim
752 3169 951 3220 intrare
974 3171 1029 3220 in
1065 3187 1272 3237 potem,
1304 3171 1433 3237 quia

365 3240 469 3289 hoc
510 3239 683 3306 magis
725 3238 829 3290 sibi
874 3241 1111 3306 permitti
1157 3241 1430 3308 putabant,

366 3319 417 3361 et
477 3311 580 3362 hoc
630 3312 802 3378 magis
860 3313 1219 3378 congruebat,
1283 3313 1429 3378 porci

365 3382 513 3432 enim
579 3393 797 3448 propter
870 3383 1277 3434 immunditiam
1301 3423 1319 3448 ,
1378 3393 1433 3434 et

364 3463 635 3519 cerpentes
674 3464 891 3520 propter
933 3455 1216 3515 astutiam,
1259 3455 1432 3521 magis

362 3525 441 3575 eis
491 3537 815 3591 competunt.
879 3527 1034 3579 Unde
1103 3528 1428 3593 Remigius:

363 3613 391 3641 ιι
422 3596 546 3646 Ideo
572 3606 752 3646 autem
780 3613 889 3647 non
914 3597 1183 3663 petierunt
1202 3597 1341 3647 mitti
1372 3598 1428 3647 in

362 3668 631 3731 homine5‚
663 3668 791 3736 quia
827 3669 983 3719 illum
1032 3669 1181 3735 cujus
1227 3669 1427 3720 virtute

362 3739 751 3805 torquebantur
826 3740 1122 3790 humanam
1189 3740 1424 3806 speciem

363 3821 568 3876 gestare
599 3812 874 3875 videbant;
924 3829 1022 3863 nec
1060 3814 1331 3879 petierunt
1367 3822 1427 3862 ut

366 3880 421 3929 in
459 3896 646 3945 pecora
691 3882 1051 3943 mitterentur,
1107 3883 1234 3950 quia
1277 3883 1426 3933 velut

368 3951 570 4002 munda
596 3951 851 4003 animalia
878 3953 934 4003 in
970 3955 1173 4020 templo
1211 3955 1308 4006 Dei
1333 3953 1423 4005 of-

959 341 1195 393 PRIMAE
1231 343 1477 393 PARTIS
1509 342 1742 395 CAPUT
1772 343 1978 396 XLVII.

1534 458 1871 522 ferebantur;
1908 460 2174 526 petierunt
2220 470 2400 512 autem
2442 471 2506 511 ut
2547 462 2610 513 in

1536 548 1726 597 porcos
1783 533 2117 584 mitterentur
2140 572 2153 594 ,
2205 535 2330 600 quia
2391 536 2610 586 nullum

1535 603 1733 653 animal
1781 603 2119 656 immundius
2172 617 2252 656 est
2305 622 2505 673 porc0,
2553 617 2609 659 et

1534 675 1804 725 daemones
1831 691 2041 740 semper
2074 677 2126 726 in
2155 677 2428 744 spurcitiis
2452 679 2607 729 dele-

1534 756 1756 797 ctantur.
1785 767 1889 795 ›2—
1909 748 2177 814 Septima,
2225 759 2441 816 propter
2476 765 2607 816 my-

1535 817 1777 879 sterium,
1807 834 1928 868 nam
1958 821 2103 885 porci
2130 820 2223 887 qui
2246 837 2354 871 non
2400 821 2607 872 habent

1533 887 1599 936 ad
1627 887 1821 937 coelum
1851 888 2058 952 faciem,
2092 890 2184 939 sed
2210 890 2274 940 ad
2303 899 2523 950 terram,
2550 900 2606 941 et

1535 960 1591 1009 in
1617 960 1729 1010 luto
1765 961 1935 1025 jacere
1984 962 2343 1027 delectantur,
2383 962 2605 1028 signifi—

1533 1041 1653 1081 cant
1680 1031 1802 1082 illos
1826 1031 1920 1098 qui
1954 1033 2127 1083 Deum
2157 1049 2266 1099 prae
2294 1034 2467 1085 oculis
2487 1051 2600 1085 non

1535 1102 1757 1165 habent,
1810 1103 1902 1153 sed
1948 1103 2095 1153 vitiis
2127 1105 2508 1168 sordidantur;
2549 1116 2605 1156 et

1533 1172 1591 1220 hi
1644 1171 1700 1222 in
1746 1183 2063 1238 potestatem
2121 1175 2431 1225 daemonum
2488 1185 2605 1226 tra-

1531 1242 1732 1292 duntur
1779 1254 1833 1293 et
1881 1243 1937 1292 in
2000 1242 2277 1294 infernum
2332 1260 2457 1295 cum
2525 1246 2607 1297 eis

1532 1311 1761 1362 finaliter
1782 1314 2191 1379 demerguntur;
2223 1324 2275 1365 et
2303 1331 2447 1365 nunc
2484 1316 2607 1366 suf-

1532 1385 1688 1436 focati
1714 1386 1770 1436 in
1796 1386 1953 1452 aquis
1981 1397 2033 1437 et
2057 1388 2420 1454 voluptatibus
2438 1390 2605 1455 hujus

1533 1456 1752 1517 mundi,
1779 1466 1906 1506 tunc
1932 1456 2333 1507 suffocabuntur
2357 1458 2417 1507 in
2441 1459 2606 1525 abys-

1532 1526 1607 1575 sis
1653 1536 1705 1576 et
1750 1526 1923 1591 puteis
1945 1526 2159 1578 inferni.
2193 1529 2346 1578 Unde
2367 1530 2604 1582 Glossa:

1534 1615 1560 1642 «
1590 1596 1708 1646 Nisi
1734 1597 1858 1662 quis
1879 1613 2028 1649 more
2055 1598 2205 1664 porci
2238 1599 2452 1660 vixerit,
2483 1600 2606 1651 dia-

1534 1666 1688 1715 bolus
1716 1676 2026 1731 potestatem
2051 1668 2106 1718 in
2136 1684 2198 1719 eo
2221 1685 2330 1719 non
2359 1670 2605 1735 habebit,

1533 1738 1638 1788 nisi
1686 1737 1822 1789 forte
1871 1741 1936 1790 ad
1978 1741 2350 1807 probandum,
2394 1758 2506 1792 non
2534 1745 2605 1794 ad

1533 1809 1881 1874 perdendum.
1925 1829 1952 1857 ›>
1997 1811 2154 1862 Unde
2208 1813 2552 1878 Augustinus
2584 1831 2603 1864 ε

1533 1899 1560 1927 ιι
1603 1881 1746 1932 Certi
1806 1883 2050 1947 mysterii
2106 1884 2303 1949 gratia,
2356 1895 2409 1935 et
2461 1895 2606 1937 certa

1531 1954 1928 2019 dispensatione
1947 2012 1953 2017 ,
1973 1955 2184 2006 dimisit
2222 1957 2496 2008 daemones
2540 1957 2604 2008 in

1533 2039 1748 2089 porcos,
1783 2035 1845 2074 ut
1884 2026 2186 2075 ostenderet
2231 2027 2512 2077 diabolum
2545 2027 2605 2077 in

1532 2097 1611 2146 eis
1650 2097 1916 2147 dominari
1965 2099 2059 2165 qui
2109 2099 2271 2149 vitam
2313 2116 2604 2166 porcorum

1533 2179 1740 2236 gerunt.
1779 2189 1806 2217 ι)
1857 2170 1983 2233 Ubi,
2030 2173 2324 2222 secundum
2380 2174 2609 2224 Ambro—

1533 2243 1687 2306 sium,
1719 2245 2060 2295 clementiam
2087 2245 2308 2296 Domini
2342 2247 2608 2298 debemus

1533 2316 1827 2378 advertere;
1882 2332 1990 2366 non
2040 2318 2252 2367 nullum
2292 2319 2445 2383 prius
2488 2318 2609 2384 ipse

1534 2386 1879 2447 condemnat,
1926 2388 2018 2437 sed
2065 2389 2439 2455 unusquisque
2490 2390 2610 2456 ipse

1539 2456 1641 2506 sibi
1670 2467 1854 2507 auctor
1881 2468 1961 2508 est
1989 2474 2172 2524 poenae.
2199 2459 2454 2511 Timeant
2477 2477 2610 2527 ergo

1535 2528 1834 2590 libidinosi,
1864 2530 2219 2597 gastrimargi,
2249 2533 2344 2598 qui
2370 2532 2612 2584 immun·

1536 2601 1590 2651 di
1628 2602 1684 2651 in
1709 2602 1959 2653 sordibus
1999 2604 2223 2654 luxuriae
2265 2614 2317 2654 et
2350 2607 2610 2672 volupta-

1539 2682 1653 2721 tum
1672 2672 1881 2731 vivunt,
1901 2689 1969 2723 ne
1989 2673 2043 2723 in
2069 2684 2383 2740 potestatem
2401 2675 2609 2725 diaboli

1537 2742 1698 2792 etiam
1725 2743 1983 2803 viventes,
2008 2744 2244 2795 Domino
2272 2745 2493 2810 jubente
2522 2747 2609 2796 vel

1539 2812 1906 2876 permittente,
1975 2814 2250 2863 tradantur
2310 2825 2363 2864 et
2422 2825 2609 2881 postea

1535 2898 1658 2932 cum
1695 2897 1758 2932 eo
1795 2881 1850 2931 in
1893 2882 2164 2933 infernum
2205 2885 2607 2951 demergantur.

1536 2954 1744 3005 Dicitur
1775 2956 1937 3006 etiam
1968 2958 2112 3022 quod
2143 2958 2418 3009 daemones
2454 2959 2609 3009 nobi-

1534 3026 1695 3079 liores
1763 3039 1975 3094 peccata
2029 3030 2358 3080 detestantur
2435 3031 2568 3082 vilia
2589 3069 2605 3091 ‚

1535 3108 1738 3164 quanto
1763 3098 1938 3163 magis
1964 3098 2131 3147 horno
2164 3100 2321 3149 debet
2353 3100 2607 3151 detestari

1535 3166 1633 3217 ea?
1678 3167 1824 3217 Patet
1861 3177 2038 3217 autem
2068 3184 2133 3218 ex
2164 3169 2267 3219 hoc
2308 3185 2475 3235 quam
2503 3170 2609 3220 de-

1535 3239 1794 3291 testabilis
1838 3239 1909 3289 sit
1959 3240 2157 3303 libido,
2202 3241 2608 3308 gastrimargia,

1534 3312 1673 3362 sicut
1721 3322 1772 3362 et
1811 3311 2095 3376 superbia;
2135 3328 2245 3361 non
2287 3313 2435 3363 enim
2464 3314 2610 3379 legi-

1534 3390 1623 3431 tur
1673 3381 1950 3431 diabolum
1983 3381 2040 3430 in
2086 3381 2305 3447 aliquod
2347 3379 2606 3434 animalis

1533 3470 1797 3521 organum
1813 3454 2038 3504 intrasse
2059 3466 2413 3520 praeterquam
2435 3455 2608 3522 porci,

1533 3526 1813 3591 serpentis,
1838 3536 1889 3576 et
1915 3525 2177 3576 hominis,
2202 3527 2305 3577 Ubi
2332 3527 2610 3595 Chrysos·

1534 3603 1705 3647 tomus
1746 3613 1762 3647 .·
1806 3615 1833 3642 «
1883 3596 2023 3646 Cum
2092 3597 2296 3662 porcini
2352 3597 2611 3649 homines

1531 3677 1676 3731 sunt,
1702 3666 1852 3717 facile
1881 3668 1996 3732 capi
2026 3679 2255 3732 possunt
2277 3668 2345 3718 ab
2369 3668 2608 3719 actioni-

1532 3740 1650 3790 bus.
1710 3738 1924 3789 Porcini
1978 3750 2102 3789 sunt
2151 3739 2400 3789 homines
2449 3739 2609 3790 avide
2666 3785 2674 3791 .

1529 3809 1865 3861 comedentes
1928 3824 2022 3875 per
2081 3811 2260 3876 gulam
2293 3847 2306 3868 ,
2371 3809 2608 3875 pingues

1530 3898 1621 3948 per
1659 3880 1926 3932 luxuriam
1946 3918 1960 3940 ,
1992 3880 2047 3930 in
2080 3882 2194 3931 luto
2229 3882 2456 3946 iacentes
2505 3896 2606 3946 per

1529 3952 1778 4014 acidiam,
1808 3951 1865 4002 in
1893 3961 2034 4002 terra
2061 3949 2326 4001 fodientes
2356 3966 2452 4016 per
2484 3966 2606 4000 ava—
