2784 4452
615 431 710 481 DE
739 429 1019 482 JEJUNIO
1055 427 1150 479 ET
1181 423 1762 477 TENTATIONIBUS
1793 423 2069 474 DOMINI.

229 550 575 619 corporaliter
614 557 962 599 sustentatus.
1013 545 1177 605 Quasi
1207 543 1296 594 di-

229 632 369 675 ceret
401 639 414 672 :
452 622 571 672 Non
621 629 835 691 tantum
872 632 1010 683 pane
1035 614 1297 681 corporali

229 701 565 746 sustentatur
627 701 679 741 et
750 689 881 740 vivit
942 689 1108 738 homo
1131 725 1146 746 ,
1204 685 1298 736 sed

230 767 397 818 etiam
422 763 692 830 spirituali
713 777 849 828 pane
868 799 882 825 ,
922 760 1122 810 scilicet
1148 757 1297 809 verbi

230 837 358 897 Dei,
398 851 535 903 pane
562 833 889 900 operationis
919 841 1132 891 sanctae,
1163 843 1302 895 pane

231 908 435 975 gratiae,
458 907 673 957 tandem
689 905 933 955 victurus
954 902 1012 952 in
1039 911 1298 952 aeternum

231 994 376 1045 pane*
430 978 630 1045 gloria.
663 977 729 1026 Et
764 976 884 1026 ideo
933 990 1044 1024 non
1092 981 1307 1037 oportet

232 1053 303 1101 de
322 1049 596 1115 lapidibus
636 1062 801 1113 panes
852 1046 1037 1109 facere,
1068 1044 1197 1110 quia
1225 1043 1303 1092 li-

231 1130 321 1172 cet
342 1119 597 1178 esimiam,
620 1128 797 1168 tamen
828 1116 1096 1166 Dominus
1124 1121 1309 1179 potest.

232 1194 350 1245 solo
378 1204 627 1242 sermone
641 1188 965 1239 esurientem
986 1194 1298 1236 sustentare.

232 1266 389 1317 Unde
410 1262 683 1330 persuasio
712 1272 803 1312 tua
823 1259 1047 1310 tentatio
1071 1268 1151 1308 est
1175 1272 1299 1306 cum

234 1336 570 1387 mentionem
613 1333 786 1392 faciat,
821 1341 872 1381 et
911 1330 1051 1381 mihi
1085 1330 1331 1379 suadeat*

234 1417 446 1458 tantum
480 1406 547 1455 de
597 1405 718 1454 cibo
765 1402 1023 1468 corporis,
1069 1416 1180 1450 non
1235 1401 1302 1450 de

231 1478 355 1528 cibo
398 1476 613 1529 mentis.
672 1474 984 1525 Secundum
1023 1471 1302 1537 Chry-sos-

233 1556 449 1610 tomum,
469 1548 539 1598 de
563 1547 742 1598 Veteri
776 1547 1122 1596 Testamento
1151 1542 1299 1592 testi·

234 1621 481 1673 monium
537 1618 762 1685 protulit
817 1627 977 1683 atque
1011 1613 1262 1681 praecepit
1281 1652 1294 1674 ‚

231 1705 295 1745 ut
351 1692 463 1743 sive
498 1690 716 1754 famem,
768 1689 880 1739 sive
921 1687 1126 1753 aliquid
1155 1685 1302 1735 aliud

234 1765 521 1832 patiamur,
564 1774 845 1828 nunquam
890 1770 1070 1809 tamen
1108 1757 1298 1810 Domi--

237 1851 372 1887 num
427 1834 814 1899 relinquamus.
875 1829 1143 1880 Dominus
1188 1826 1307 1894 qui-

235 1908 361 1959 dem
385 1907 541 1958 ,lesus
569 1918 737 1971 panes
751 1903 818 1953 de
839 1901 1111 1968 lapidibus
1135 1898 1311 1950 facere

236 1978 443 2046 potuit,
492 1977 586 2029 sed
638 1975 840 2037 noluit3
873 1989 970 2023 nec
1015 1971 1210 2032 decuit,
1255 1980 1311 2021 et

238 2054 361 2104 ideo
389 2068 501 2103 non
530 2051 655 2102 fecit
681 2067 694 2100 :
724 2049 919 2116 prim0,
948 2056 1011 2098 ut
1028 2046 1305 2097 diabolum

239 2125 356 2188 ejus
380 2121 630 2174 divinitas
672 2121 885 2183 lateret3
937 2116 1194 2177 secunde,
1246 2124 1309 2164 ut

237 2209 332 2260 per
362 2192 726 2245 humilitatem
755 2200 807 2242 et
836 2188 1149 2256 sapientiam
1186 2201 1331 2238 ma-·-

237 2266 324 2332 gis
349 2280 512 2331 quam
543 2279 637 2329 per
664 2262 956 2329 potentiam
975 2259 1185 2311 vincere
1211 2272 1333 2322 nos*

239 2336 481 2398 doceret3
533 2333 692 2383 tertio
708 2372 725 2396 ,
779 2341 842 2382 ut
899 2328 1318 2381 ostentationem

237 2407 423 2474 fugere
448 2406 719 2467 suaderet3
752 2412 961 2469 quarto,
989 2410 1051 2451 ut
1067 2402 1314 2452 volunta*-

237 2487 348 2528 tem
394 2475 673 2527 tentatoris
736 2482 1103 2525 contemneret
1124 2511 1139 2533 ,
1185 2470 1310 2538 quia

237 2551 318 2602 fas
362 2566 473 2600 non
532 2559 644 2600 erat
695 2548 991 2599 Dominum
1046 2544 1309 2598 voluntati

239 2621 355 2686 ejus
380 2620 766 2685 obtemperare,
797 2628 849 2669 et
884 2617 1059 2668 taliter
1084 2624 1313 2666 tentator

238 2705 350 2742 non
404 2689 680 2752 vincitur,
738 2688 844 2738 nisi
902 2695 1309 2748 contemnatur·;

241 2758 459 2825 quint0,
502 2769 569 2810 ut.
604 2760 814 2810 doceret
860 2772 1144 2823 nunquam
1196 2770 1323 2807 esse:

241 2831 565 2883 credendum
593 2829 827 2888 diabolo,
865 2839 919 2879 et
945 2828 1085 2878 nihil
1116 2825 1321 2878 facien*

242 2901 378 2952 dum
402 2900 468 2951 ad
494 2901 609 2965 ejus
638 2898 949 2964 imperium,
979 2896 1185 2947 etiamsi
1214 2897 1315 2946 bo·

245 2986 380 3025 num
418 2981 471 3022 et
512 2970 649 3022 utile
678 2980 762 3022 est
793 2971 939 3036 quod
968 2967 1207 3034 suggerit
1229 2967 1315 3018 vel

245 3042 417 3094 lubet.

314 3120 372 3155 11
438 3105 607 3158 Gunffi:
657 3119 1019 3155 REFRAENATIO.
1073 3130 1134 3139 -
1193 3100 1321 3150 Mo—

247 3185 424 3240 raliter
496 3200 634 3251 saepe
710 3186 895 3236 suadet
949 3181 1195 3233 diabolus
1254 3190 1317 3231 ut

244 3256 407 3323 lapis,-
458 3256 519 3307 id
568 3266 648 3307 est
705 3255 931 3306 durities
974 3250 1317 3319 poenitentiae,

247 3329 353 3379 sub
379 3329 611 3394 quadam
639 3329 815 3396 specie
839 3324 1320 3378 discretioniscon-

248 3407 493 3449 venatur>
525 3398 579 3448 in
607 3414 818 3465 panem,
859 3398 914 3448 id
949 3407 1044 3457 est,
1078 3394 1347 3445 in,.deli-·-

249 3469 380 3519 cias.
424 3478 477 3519 et
542 3467 860 3531 mollitiem,
906 3466 1095 3517 dicens
1137 3482 1159 3516 t
1200 3466 1320 3516 Jam

250 3537 405 3590 fflius
416 3538 513 3589 Dei
542 3554 618 3603 ω,
639 3539 706 3588 de
733 3547 911 3589 cetero
934 3546 1079 3587 tanta
1098 3535 1324 3588 austeris

253 3617 367 3659 tate
397 3618 450 3659 et
485 3608 795 3675 poenitentia
823 3625 939 3659 non
984 3606 1207 3673 indiges.
1234 3605 1320 3656 Sic

254 3679 469 3731 ‚lezabel
483 3680 698 3732 vineam
733 3680 951 3730 Naboth
979 3676 1246 3729 convertit
1267 3676 1327 3727 in

256 3749 485 3801 hortum
531 3750 769 3813 olerum·,
807 3750 884 3800 sic.
921 3750 1156 3799 Libanus
1189 3762 1350 3797 con--⁴

255 3822 482 3874 verritur
516 3822 571 3872 in
596 3823 851 3885 charmel,
876 3822 1031 3888 quod
1063 3820 1333 3885 interpr&

257 3900 401 3944 tatur
452 3892 651 3955 molliS,
710 3891 858 3957 quod
908 3890 968 3941 fit
1023 3890 1328 3956 frequentet·

259 3964 475 4018 hmini-e
505 3965 825 4029 festivitatiS,
854 3965 939 4015 vel
975 3979 1135 4014 causa
1163 3960 1328 4014 socie·

262 4035 419 4101 tatis;
464 4037 543 4090 sic
586 4036 759 4090 Judaei
785 4035 1057 4102 petierunt
1079 4033 1327 4097 afflato,

2038 357 2064 381 ·
2382 381 2389 388 0

2363 421 2459 471 231
2543 486 2546 491 Ι

1402 558 1469 593 ne
1487 557 1684 608 corpus
1706 542 1831 592 Jesu
1880 549 2122 591 maneret
2149 539 2206 589 in
2241 553 2393 589 cruce
2413 538 2474 589 in

1403 614 1491 664 die
1543 614 1677 664 festo
1706 630 1720 663 ε
1750 622 1880 662 tunc
1929 611 2142 662 diabolo
2204 610 2302 660 ista
2341 624 2472 660 sua-

1404 686 1551 737 denti
1591 696 1672 736 est
1723 685 2156 752 respondendum
2194 692 2258 733 ut
2294 697 2470 748 supra,

1405 757 1704 809 secundum
1777 755 2179 823 responsionem
2235 752 2472 803 Domini.

1405 828 1476 879 Et
1508 838 1634 878 nota
1661 828 1754 878 hic
1792 827 2048 892 exemplo
2081 824 2298 875 Domini
2348 822 2475 875 resi—

1406 902 1654 951 stendum
1684 914 1797 951 esse
1824 900 1983 966 gulae,
2005 913 2131 947 nam
2162 897 2228 946 ab
2249 896 2365 960 ipsa
2387 893 2474 942 in-

1405 972 1713 1022 choandum
1748 980 1844 1032 est,
1874 970 1919 1020 si
1960 978 2132 1019 cetera
2159 966 2288 1016 vitia
2312 964 2473 1015 volu-

1409 1057 1531 1092 mus
1584 1057 1852 1108 superare.
1887 1041 2118 1091 Videtur
2156 1037 2300 1088 enim
2329 1035 2478 1102 quod

1405 1113 1500 1179 qui
1529 1113 1670 1178 gulae
1693 1111 2017 1170 succumbit,
2046 1107 2334 1159 imbecillis
2353 1106 2479 1156 red-

1384 1236 1387 1243 ‚
1406 1183 1561 1233 datur
1587 1183 1651 1231 ad
1677 1182 1782 1231 alia
1798 1181 1930 1231 vitia
1951 1178 2298 1230 devincenda.
2317 1175 2473 1227 Unde

1407 1254 1562 1304 Beda
1586 1269 1603 1304 .·
1633 1271 1665 1299 m
1689 1252 1807 1303 Nisi
1849 1251 2001 1318 prius
2045 1252 2170 1317 gula
2229 1247 2500 1299 restante-v

1408 1333 1514 1384 tur,
1537 1323 1946 1374 fmsuafcontm
1972 1321 2077 1372 alia
2104 1319 2235 1371 vitia
2262 1318 2474 1368 labora—

1407 1404 1512 1445 tur.
1542 1395 1609 1444 Et
1645 1394 1766 1445 ideo
1792 1392 1974 1458 primo
1999 1391 2089 1442 hic
2117 1390 2342 1457 ponitur
2369 1397 2481 1438 ten-

1406 1467 1544 1517 tatio
1565 1468 1631 1521 de
1683 1467 1832 1532 gula3
1907 1465 2040 1532 quia
2083 1465 2200 1514 haec
2252 1459 2476 1512 tentatio

1410 1541 1585 1606 primo
1625 1539 1857 1591 occurrit
1884 1537 2093 1589 homini
2135 1537 2201 1588 ab
2228 1534 2476 1596 infantia,

1409 1623 1460 1664 et
1482 1613 1602 1665 aliae
1633 1621 1935 1679 sequuntur
1961 1621 2162 1677 postea.
2194 1607 2334 1668 Quia
2352 1621 2480 1672 ergo

1408 1685 1674 1735 Dominus
1710 1685 1954 1749 jejunans
1997 1690 2236 1733 tentatus
2273 1677 2404 1737 fuit,
2433 1676 2479 1727 si

1410 1765 1468 1804 tu
1517 1754 1833 1820 jejunaveris
1860 1763 1913 1804 et
1946 1751 2200 1812 tenteriS,
2248 1765 2361 1800 non
2388 1746 2480 1797 di-

1409 1841 1540 1876 cas:
1571 1825 1711 1885 Quia
1737 1825 1921 1890 jejunii
1942 1824 2048 1875 mei
2086 1823 2324 1872 fructum
2351 1832 2480 1884 per-

1409 1897 1541 1949 didi.
1571 1898 1712 1948 Nam
1738 1906 1790 1946 et
1827 1896 1873 1946 si
1900 1912 2009 1946 non
2034 1893 2134 1944 tibi
2173 1890 2372 1959 profuit
2398 1890 2480 1954 ie-

1408 1967 1623 2032 iunium
1674 1976 1831 2017 tuum
1849 2005 1863 2026 ‚
1923 1975 1987 2016 ut
2043 1980 2156 2014 non
2224 1958 2476 2021 tenteris;

1412 2046 1593 2088 tamen
1623 2034 1864 2102 proficiet
1901 2044 1968 2085 ut
2007 2048 2038 2083 a
2092 2028 2481 2082 tentationibus

1410 2122 1525 2158 non
1550 2105 1800 2158 vincaris.
1829 2106 1901 2156 Ut
1927 2113 2106 2155 autem
2124 2101 2303 2152 anima
2320 2114 2353 2148 a
2372 2112 2482 2148 car—

1413 2193 1481 2228 ne
1499 2192 1610 2229 non
1634 2175 1897 2235 vincatur,
1926 2187 2143 2224 necesse
2169 2180 2251 2220 est
2281 2178 2345 2219 ut
2374 2167 2486 2216 dia*

1414 2248 1537 2297 bolo
1564 2246 1811 2297 tentatori
1836 2245 2065 2304 resistat,
2076 2251 2130 2293 et
2145 2243 2256 2292 Deo
2284 2236 2479 2289 rectori

1414 2316 1625 2369 serviat.
1655 2336 1683 2364 n
1714 2315 1876 2367 Unde
1897 2312 2242 2379 Augustinus
2277 2327 2297 2362 ε
2337 2306 2477 2358 «vis

1414 2387 1609 2439 serviat
1655 2401 1775 2438 caro
1817 2395 1910 2436 tua
1955 2383 2152 2435 mimae
2198 2390 2324 2444 tua,
2367 2378 2483 2430 Deo

1416 2460 1628 2511 serviat,
1657 2457 1840 2509 anima
1884 2466 1999 2518 tua;
2031 2454 2200 2505 debes
2232 2451 2372 2517 regi,
2421 2457 2484 2502 ut

1416 2529 1588 2596 possis
1615 2542 1818 2595 regere.
1848 2546 1877 2576 »

1487 2618 1548 2654 12
1581 2603 1825 2653 Saeuum
1899 2612 2163 2651 ‘rmum
2221 2610 2293 2645 m:
2342 2606 2485 2643 rma

1418 2689 1638 2725 onoma„
1672 2701 1736 2711 —
1779 2671 1897 2723 Sed.
1930 2669 2057 2737 quia
2110 2665 2354 2718 diabolus
2397 2660 2478 2714 sic

1417 2745 1631 2796 vincere
1674 2758 1800 2794 eum
1849 2756 1960 2792 non
1991 2738 2184 2805 potuit,
2235 2730 2486 2799 cogitavit

1418 2815 1561 2881 apud
1586 2829 1661 2874 se,
1677 2813 1883 2876 dicens,
1898 2811 2037 2863 sieut
2059 2808 2132 2860 ait
2160 2806 2483 2873 Chryso-ste-

1419 2900 1583 2943 mus„-
1614 2885 1794 2935 Homo
1841 2882 1939 2933 iste
1989 2887 2219 2930 sanctus·
2254 2875 2486 2936 videtur,

1419 2956 1597 3009 Sancti
1627 2965 1825 3014 autem,
1852 2954 1947 3005 etsi
1977 2967 2098 3002 non
2111 2950 2401 3000 vincuntur
2422 2945 2488 2996 de

1418 3030 1558 3081 vitio
1593 3030 1749 3095 gulae,
1801 3042 1942 3092 saepe
1986 3035 2166 3075 tamen
2206 3021 2491 3073 vincuntur

1421 3106 1486 3155 de
1502 3104 1686 3170 aliquo
1699 3110 1855 3152 motu
1879 3115 2026 3151 vanae
2048 3097 2252 3165 gloriae,
2266 3104 2319 3145 et
2346 3093 2490 3155 ideo,

1424 3185 1552 3229 tunc
1584 3174 1896 3241 assumpsit,
1937 3173 2238 3224 Dominum
2271 3178 2325 3219 et
2356 3182 2489 3232 por-

1423 3248 1580 3311 tavit,
1632 3261 1758 3297 eam:
1795 3246 1858 3297 in
1894 3250 2144 3296 sanctam
2188 3240 2487 3298 civitaaem,

1424 3321 1479 3371 in
1504 3318 1817 3377 Jerusalem,
1842 3333 1966 3384 quae
1982 3322 2224 3381 respectu
2243 3310 2487 3370 aliarum,

1426 3392 1483 3442 in
1515 3389 1730 3459 quihus
1744 3388 1888 3439 idola
1914 3387 2243 3441 colebantur,
2271 3378 2485 3430 diceba-

1426 3472 1515 3513 tur
1541 3467 1767 3522 scmctas
1798 3458 1925 3526 quia
1966 3457 2150 3508 divino
2196 3450 2366 3503 cultui
2399 3450 2495 3499 de-

1429 3543 1635 3600 putata..
1653 3541 1868 3598 propter
1921 3527 2188 3592 templum
2227 3532 2280 3573 et
2314 3528 2532 3573 sanem

1428 3613 1753 3665 sanctonum,
1790 3616 1915 3667 quae
1943 3607 2093 3649 erant
2117 3593 2192 3646 ibi
2213 3632 2226 3652 ‚
2262 3598 2500 3643 necent

1430 3675 1643 3727 licitum
1685 3673 1743 3724 in
1809 3673 1950 3737 Lege
2001 3665 2304 3720 sacrificare·
2340 3660 2493 3712 alibi.

1432 3748 1589 3799 Nunc
1644 3754 1824 3797 autem
1865 3741 2061 3792 dieitur
2115 3742 2321 3797 sancta,
2368 3748 2500 3800 pro—

1432 3828 1547 3884 pter
1572 3822 1904 3869 sacramenta
1927 3820 2120 3863 nostrae
2143 3804 2496 3871 Redemptio-

1432 3889 1514 3940 nis
1540 3888 1620 3940 ibi
1644 3894 1880 3953 patrata.-
1894 3881 2199 3934 Secundum
2220 3877 2498 3943 Chrysos·

1434 3954 1930 4020 tomum‚,christus
1975 3968 2041 4003 ex
2070 3947 2340 4017 patientia,
2386 3959 2494 3996 non

1432 4027 1772 4097 impotentia,
1804 4040 1866 4079 se.
1904 4022 2154 4091 permisit
2186 4018 2410 4073 assumi..
2434 4016 2500 4069 Et
