2784 4452
258 409 285 442 2
295 377 374 444 30'

256 524 433 563 ωε
484 508 815 563 infirmitatis
883 508 1214 566 ostenderet,
1266 513 1329 555 et·

258 581 594 633 occasionem
629 579 870 631 tentandi
907 579 1123 630 diabolo
1151 578 1318 636 daret,

257 667 319 703 ac
385 651 671 703 infestatus
733 661 1067 702 monstraret
1093 647 1329 715 qualiter

260 739 510 791 superare
603 733 655 773 et
732 723 945 773 vincere
1030 728 1319 789 oporteret.

262 797 439 857 Unde,
476 796 772 846 secundum
816 795 1263 862 Chrysostomum
1304 807 1333 840 .··

262 868 367 918 Per
413 866 766 933 quadraginta
811 866 927 917 dies
960 882 1070 916 non
1101 863 1323 920 emite,

262 955 378 991 nen
424 948 535 988 erat
590 937 866 999 hominis;
917 947 1107 1002 postea
1145 947 1325 987 autem

264 1008 489 1068 esurire,
519 1024 630 1058 non
659 1019 770 1058 erat
797 1007 927 1069 Dei3
959 1018 1011 1058 et
1050 1007 1179 1057 ideo.
1210 1006 1329 1057 dia-

264 1082 444 1141 bolus,
470 1080 611 1131 sicut
637 1080 839 1131 dubius
876 1079 943 1131 de
971 1080 1209 1139 Christo,
1238 1094 1330 1129 ac·-

266 1154 409 1219 cepit
456 1153 790 1203 occasionem
846 1153 1086 1203 tentandi
1129 1153 1328 1218 ipsum.

268 1226 484 1290 Moyses
536 1233 588 1274 et
623 1224 795 1287 Elias,
842 1223 1198 1290 quadraginta
1227 1223 1336 1273 die-

268 1298 383 1347 bus
425 1296 827 1361 jejunaverunt,
890 1297 981 1345 sed
1038 1296 1345 1360 jejunantes

269 1366 576 1420 esuriebant
633 1376 685 1417 et
745 1367 999 1417 sitiebant
1010 1382 1033 1430 ;·.
1085 1366 1337 1417 Christus

270 1454 397 1491 vero
445 1454 514 1489 xi.
574 1438 765 1488 diebus
817 1454 927 1489 non
968 1438 1160 1489 esuriit
1180 1477 1194 1501 ,
1243 1437 1347 1487 sed.

272 1520 474 1577 postea.
528 1509 779 1560 Christus
823 1521 1004 1560 autern
1046 1510 1229 1563 noluit.
1257 1510 1337 1574 je-

271 1581 460 1646 junare
505 1581 627 1645 plus
671 1596 835 1647 quam
868 1581 969 1641 ini,
1008 1596 1076 1631 ne
1116 1581 1261 1631 Deus
1309 1593 1342 1628 a

274 1651 489 1702 diabolo
534 1661 835 1715 putaram-5
882 1667 979 1701 nec
1026 1651 1227 1711 minus,
1274 1665 1342 1700 ne

275 1737 449 1789 putus
473 1721 638 1773 homo
665 1721 949 1774 videretur.

340 1808 375 1860 9
406 1794 638 1843 Accam-r
675 1809 932 1845 malsonus
973 1795 1255 1845 Canis-mu
1275 1809 1351 1844 ns:-

277 1878 479 1915 rmusa
523 1878 887 1915 rann-runos.
916 1893 978 1903 -
1010 1866 1176 1917 Tunc
1217 1879 1343 1929 ergo

277 1937 528 1988 diabolus
575 1937 813 1987 sentiens
871 1938 1169 1988 Dominum
1214 1952 1346 1987 esu·-

279 2007 405 2068 ri-ne,
434 2008 653 2058 accessit
694 2018 756 2058 ut
792 2019 1034 2068 tentaret,
1065 2009 1118 2059 si·
1166 2017 1348 2075 posset

280 2078 489 2128 eumin
518 2089 792 2144 peccatum
826 2080 1071 2145 dejicere,
1097 2089 1150 2130 et
1166 2090 1227 2129 ut
1249 2094 1346 2129 ex-

282 2152 514 2218 ploraret
563 2167 631 2201 an
676 2151 848 2201 Filius
877 2151 973 2201 Dei
996 2160 1154 2210 esset,
1183 2164 1346 2216 quem

283 2225 484 2278 sciebat
540 2225 866 2292 quandoque
942 2235 1250 2284 venturum,
1297 2233 1351 2273 et

282 2314 441 2352 suam
490 2314 587 2365 per
612 2315 735 2350 eum
779 2308 1096 2364 potestatem
1123 2297 1351 2348 amissu-

284 2389 429 2425 rum.
446 2373 529 2435 Et,
551 2374 844 2423 secundum
871 2372 1217 2439 Gregorium‚
1235 2381 1353 2422 ten-

287 2446 421 2496 tavit
485 2443 733 2494 diabolus
791 2444 1090 2495 Dominum
1146 2443 1349 2494 eisdem

288 2517 466 2567 tribus
508 2515 687 2573 modis
732 2516 934 2580 quibus
975 2516 1214 2580 primurn
1244 2514 1350 2564 ho-

290 2587 493 2637 minem
549 2586 823 2651 dejecerat.
883 2585 1126 2636 Primum
1172 2584 1354 2635 homi-

291 2675 418 2710 nem
457 2659 727 2724 superavit
758 2660 899 2725 gula,
933 2658 992 2707 in
1034 2658 1199 2710 vetito
1249 2673 1354 2723 po-

292 2746 417 2793 mo;
464 2746 601 2780 vana
654 2730 838 2796 gloria,
895 2729 1075 2780 dicens
1118 2745 1131 2778 ε
1174 2727 1361 2779 Eritis·

298 2804 441 2856 sieut,
466 2803 572 2853 Dei
577 2820 598 2865 ,·
621 2803 841 2853 avaritia
869 2803 1053 2853 dicens
1076 2820 1090 2853 ε
1111 2803 1355 2853 Scientes

295 2876 487 2927 bonum
544 2882 607 2926 εἰ(
657 2876 880 2938 malum,
952 2875 1172 2926 avaritia
1208 2875 1355 2925 enim

293 2946 461 2999 etiam
487 2946 684 2997 dicitur
711 2948 946 2997 scientiae
967 2958 1020 2998 et
1046 2947 1357 2998 sublimita—

295 3018 371 3069 tis
394 3018 639 3069 ambitio·
662 3018 750 3068 Sic
783 3029 837 3069 et
858 3019 1152 3070 Dominum
1183 3028 1361 3069 tenta-

294 3091 392 3150 vit,
425 3089 514 3140 sed
539 3089 711 3140 victus
757 3091 987 3142 recessit.
1041 3090 1211 3141 David
1243 3091 1359 3144 Go-

294 3164 426 3218 liam
457 3164 743 3230 prostravit
778 3165 953 3215 tribus
986 3166 1258 3232 lapidibus
1296 3165 1363 3214 de

297 3245 564 3298 torrente;
596 3234 848 3285 Christus
875 3235 1151 3287 diabolum
1187 3236 1363 3287 tribus

266 3363 271 3366 ,
299 3306 624 3358 testimoniis
663 3307 728 3357 de
767 3307 923 3372 Lege.
948 3307 1036 3371 Et,
1066 3309 1363 3360 secundum

297 3379 548 3430 eumdem
585 3378 929 3444 Gregorium‚
979 3394 1102 3429 cum
1143 3379 1365 3432 tentatio

296 3450 475 3504 tribus
528 3449 703 3500 modis
751 3448 871 3508 fiat,
932 3449 1133 3500 scilicet
1171 3466 1186 3499 ε
1234 3466 1367 3518 sug-

300 3517 570 3590 gestione,
606 3523 979 3583 delectatione,
1036 3533 1088 3574 et
1135 3539 1375 3576 consen-

301 3612 366 3648 su
384 3635 401 3658 ,
429 3596 698 3649 Dominus
725 3596 838 3646 sola
879 3595 1223 3663 suggestione
1251 3607 1369 3650 ten-

302 3678 446 3719 tatus
501 3676 608 3730 est;
660 3667 789 3734 quia
850 3667 1126 3717 delectatio
1173 3666 1370 3736 peccati

309 3749 547 3790 mentem
597 3738 711 3802 ejus
758 3754 868 3788 non
911 3738 1204 3788 momordit
1228 3777 1243 3799 ,
1277 3753 1373 3788 nec

310 3826 608 3866 consensus
643 3827 768 3862 eum
810 3812 1093 3878 superavit.
1141 3812 1207 3864 Et
1255 3812 1374 3864 ideo

314 3884 496 3934 omnis
536 3884 628 3934 illa
669 3884 892 3934 tentatio
921 3883 1074 3945 foris,
1127 3900 1245 3934 non.
1284 3883 1375 3932 in-

316 3964 424 4018 tuS,
476 3953 607 4017 suit3
651 3956 780 4021 quia
830 3956 969 4006 nihil
1010 3954 1380 4007 contradictio-

316 4025 401 4076 nis
445 4024 501 4074 in
542 4028 832 4093 semetipso
878 4029 1135 4081 toleravit.
1184 4029 1378 4080 Utrum

967 387 1203 439 PRIMAE
1234 385 1485 437 PARTIS
1517 386 1760 438 CAPUT
1777 388 1941 438 XXII.

1423 512 1602 554 autem
1630 518 1821 555 omnes
1848 502 1963 553 istae
1989 502 2313 555 tentationes
2340 501 2510 563 factae„

1426 578 1537 628 sint
1582 592 1690 627 una
1716 576 1822 640 die,
1854 578 1937 627 vel
1973 576 2230 641 diversis,
2272 591 2388 629 non
2412 586 2495 629 est

1426 664 1739 715 expressum
1758 648 1816 698 in
1844 647 2151 714 Scripturis.

1498 738 1561 772 10
1608 723 1776 773 Pruna
1817 738 2080 773 rem-Ano
2122 737 2190 775 ΒΕ
2236 735 2396 773 ouen.
2432 750 2494 761 -

1432 787 1612 844 Primo
1644 792 1825 859 itaque
1853 793 2078 844 tentavit
2109 808 2238 843 eum
2257 792 2322 842 de
2350 793 2497 858 gula,

1430 866 1613 919 dicens
1639 883 1660 916 z*
1678 866 1746 918 Si
1777 866 1958 917 Filius
1997 866 2116 917 Det*
2148 880 2240 927 ες,
2295 865 2499 916 scilicet

1434 940 1716 1003 naturaliS,
1748 950 1801 991 et
1828 956 1922 1006 per
1943 955 2278 1006 consequens
2308 939 2367 991 in
2396 954 2499 1004 po-

1434 1020 1621 1062 testate
1647 1011 1694 1061 ei
1724 1011 1964 1077 aequaliS‚
1990 1011 2078 1062 dic
2099 1016 2156 1059 ut
2177 1009 2388 1074 lapides
2408 1008 2508 1059 isti

1428 1096 1603 1148 panes
1642 1082 1808 1148 fiant.
1844 1081 2130 1147 Cogitabat
2169 1081 2322 1133 enim
2360 1079 2504 1130 intra

1438 1171 1513 1216 se,
1541 1156 1723 1206 dicens
1751 1173 1764 1205 :
1798 1155 1862 1206 Si
1884 1155 2085 1220 lapides
2112 1154 2168 1204 in
2190 1168 2357 1219 panes
2382 1168 2506 1204 con-

1439 1226 1672 1285 verterit,
1710 1226 1883 1276 Filius
1925 1226 2024 1276 Dei
2069 1226 2201 1287 erit;
2246 1225 2293 1275 si
2322 1235 2505 1274 autem

1442 1308 1748 1351 convertere
1787 1313 1894 1348 non
1935 1297 2150 1363 poterit,
2199 1297 2366 1347 homo
2398 1311 2529 1361 pu-›

1444 1384 1535 1419 rus
1567 1369 1859 1434 apparebit.
1908 1369 2022 1418 Hoc
2052 1368 2214 1419 etiam
2250 1366 2507 1418 esurienti

1444 1456 1679 1506 congrue
1711 1440 2002 1499 dicebatur,
2027 1449 2093 1491 ut
2107 1454 2272 1505 panes
2297 1438 2510 1497 videnS,

1447 1514 1800 1564 immoderato
1828 1513 2068 1580 appetitu
2110 1512 2216 1563 cibi
2254 1511 2513 1562 accende-

1446 1594 1608 1635 retur.
1654 1585 1775 1635 Non
1816 1585 1994 1635 solum
2037 1582 2265 1651 experiri
2319 1580 2514 1638 voluit,

1447 1671 1516 1706 an
1544 1656 1688 1707 Deus
1718 1665 1856 1706 esset
1870 1671 1890 1719 3,
1928 1656 2022 1706 sed
2045 1654 2205 1721 etiam
2229 1652 2382 1721 quasi
2405 1652 2513 1701 ho-

1450 1726 1653 1777 minem
1691 1727 1903 1777 allicere
1947 1725 2147 1785 voluit„
2172 1735 2233 1775 ux
2268 1722 2539 1774 esuriens.

1450 1797 1688 1849 indebite
1714 1797 2062 1848 delectaretur
2085 1796 2140 1845 in
2179 1795 2324 1856 cib0,
2350 1803 2402 1843 et
2434 1791 2515 1842 sic

1449 1869 1584 1921 vitio
1619 1868 1760 1934 gulae
1802 1877 2054 1934 peccaret.
2119 1865 2278 1917 Unde
2339 1863 2520 1914 Hila-

1450 1941 1577 1993 rius:
1595 1957 1613 1991 .·
1638 1958 1668 1988 ι(
1693 1938 2008 1990 intendebat
2025 1939 2335 1989 daemonum
2357 1934 2514 2000 prin-

1451 2031 1576 2083 ceps
1601 2030 1667 2066 ex
1712 2012 2030 2078 mutatione]
2051 2011 2295 2078 lapidum
2335 2009 2396 2060 in
2425 2024 2518 2074 pa-

1453 2102 1580 2147 neS,
1633 2086 1883 2137 virtutem
1949 2082 2228 2151 potestatis
2277 2082 2336 2132 in
2395 2080 2511 2131 Deo

1452 2175 1764 2230 agnoscere3
1807 2168 1860 2209 et
1905 2159 1962 2208 in
2014 2156 2240 2207 homine
2288 2155 2542 2205 oblectat

1455 2243 1638 2284 mento
1679 2231 1807 2291 cibi,
1844 2229 2159 2296 patientiam
2208 2223 2545 2278 esuritionis.

1455 2304 1696 2355 illudere.
1747 2301 1851 2351 Sed
1900 2316 2009 2353 non
2047 2298 2222 2365 potuit
2272 2296 2526 2348 diabolus

1456 2375 1774 2441 Magistrum
1824 2371 2084 2439 decipere.
2123 2369 2323 2420 Taliter
2368 2366 2522 2420 enim

1456 2446 1752 2515 respondit,
1768 2455 1821 2496 et
1848 2445 1924 2496 sic
1949 2460 2005 2496 se
2028 2442 2236 2503 habuit,
2252 2442 2399 2508 quod
2427 2454 2526 2491 nec

1458 2520 1642 2585 ipsum
1679 2517 1746 2567 ad
1792 2517 1973 2582 gulam
2011 2523 2218 2581 poterat
2254 2512 2549 2568 induem-ew

1461 2609 1558 2645 nec
1596 2591 1847 2642 deitatem
1878 2590 1993 2654 ejus
2024 2586 2371 2654 perpendere.
2403 2584 2526 2633 Non

1460 2663 1610 2714 enim
1636 2663 1694 2713 in
1722 2659 2013 2711 tentatione
2033 2654 2334 2714 succubuit,
2362 2667 2552 2718 seque*-

1460 2735 1663 2785 Filium
1690 2732 1792 2783 Dei
1827 2746 1943 2782 esse
1987 2745 2084 2782 nec
2132 2726 2375 2793 negavit,
2430 2740 2531 2775 nec

1461 2805 1706 2864 asseruit,
1736 2804 1829 2854 sed
1867 2818 1993 2852 eum
2031 2798 2342 2850 auctoritate
2382 2796 2532 2847 Scri-

1465 2887 1633 2943 ptura:
1661 2874 1908 2936 convicit,
1923 2872 2108 2922 dicens
2138 2886 2151 2919 :
2182 2869 2308 2919 Non
2330 2868 2384 2918 in
2412 2866 2553 2917 solo*

1456 2961 1618 3016 pane,
1654 2946 1854 2997 scilicet
1885 2941 2165 3009 corporali,
2193 2939 2325 2989 vivit
2355 2938 2528 2997 homo,

1465 3031 1518 3071 et
1558 3027 1898 3075 sustentatur,
1951 3014 2047 3064 sed
2087 3012 2140 3062 in
2178 3011 2321 3061 omni
2369 3008 2532 3060 verbo

1463 3092 1616 3159 quod·
1623 3089 1870 3157 procedit
1898 3087 1962 3136 de
1990 3098 2084 3135 ore
2111 3082 2233 3143 Dei,
2265 3096 2389 3130 curn
2419 3079 2530 3130 sci-

1465 3164 1589 3214 licet
1611 3161 1941 3211 voluntatem
1978 3169 2133 3206 suam
2170 3166 2263 3218 per
2302 3149 2536 3215 Scriptu-

1467 3250 1554 3285 ras
1600 3231 1813 3283 revelat.
1859 3248 1887 3278 ›>
1941 3227 2092 3277 Unde
2148 3220 2491 3288 Augustinus
2518 3238 2537 3270 .-

1469 3324 1498 3352 α
1526 3301 1838 3355 Certissime
1890 3296 2110 3358 scitote,
2155 3293 2350 3343 fratres.
2401 3290 2562 3340 cha--

1468 3374 1671 3428 rissimi
1695 3410 1709 3436 ,
1775 3369 1903 3437 quia
1985 3365 2163 3433 qualis
2220 3373 2301 3413 est
2385 3375 2538 3421 caro,

1470 3461 1592 3513 quae
1660 3451 1784 3510 post
1839 3439 2039 3490 multos
2083 3436 2198 3487 dies
2250 3448 2360 3483 non
2412 3447 2540 3497 per-

1471 3517 1605 3584 cipit
1630 3515 1831 3573 cibum,
1877 3511 1999 3561 talis
2052 3518 2137 3559 est
2179 3504 2378 3563 anima,
2419 3517 2562 3570 quae·

1475 3604 1586 3639 non
1667 3584 1881 3636 assidue
1949 3578 2184 3646 pascitur
2244 3575 2346 3628 Dei
2427 3587 2548 3623 ver·

1477 3663 1546 3712 bo
1573 3678 1588 3711 ι
1617 3680 1650 3707 n
1678 3659 1793 3709 haec
1820 3653 2177 3721 Augustinus,
2229 3650 2344 3700 Hoc
2380 3646 2544 3698 etiam

1477 3725 1932 3783 dictum'Domini
1964 3722 2264 3778 verificatur
2289 3735 2399 3769 non
2449 3731 2544 3767 so-

1479 3807 1595 3856 lum
1623 3803 1690 3853 de
1715 3800 1824 3851 vita
1850 3794 2135 3863 spirituali,
2164 3794 2254 3844 sed
2279 3790 2445 3844 etiam
2480 3787 2571 3837 de.

1481 3873 1920 3946 corporali„sicut
1944 3879 2083 3936 patet
2111 3869 2186 3920 de.
2209 3866 2413 3929 Moyse,
2448 3859 2557 3926 qui.

1482 3948 1736 4018 jejunavit
1787 3962 1856 3997 n.
1902 3943 2112 4000 diebus,
2159 3948 2211 3990 et
2262 3934 2560 4014 noct-ibus„

1483 4033 1646 4077 vero)
1670 4030 1723 4071 et
1747 4014 1987 4082 alloquio
2010 4011 2110 4063 Dei
2128 4006 2475 4074 spiritualiter
2497 4012 2552 4052 et
