2784 4452
250 440 311 490 17
339 425 508 475 Annae
558 425 906 491 prophetissae
945 442 1137 477 occur-

303 510 413 545 5115.
927 554 930 557 ,

247 565 310 618 18
345 570 544 619 Sensus
573 569 794 620 moralis
839 569 1001 634 hujus
1053 569 1143 618 hi—

302 642 500 692 storiae.

247 728 309 778 19
350 713 623 764 Processio
661 714 718 764 in
747 715 948 781 templo
985 714 1143 765 Jeru-

300 786 484 835 salem.

240 871 310 907 20
337 857 769 915 Praesentationis
800 873 987 909 causae.

240 944 300 978 21
338 929 605 980 Dominus
632 930 876 997 quinque
903 930 1048 981 siclis
1069 946 1144 980 re·

299 1000 541 1051 dimitur.

237 1085 303 1118 22
338 1070 561 1136 Mystica
587 1080 639 1120 et
668 1071 884 1122 moralis
929 1072 1143 1138 signifi—

297 1144 434 1193 catio
480 1143 768 1194 oblationis
797 1144 1134 1210 primogeni-

297 1223 497 1264 torum.

238 1281 303 1333 23
372 1285 643 1335 Moraliter
714 1286 945 1335 notanda
1004 1285 1140 1336 circa

300 1354 614 1420 mysterium
646 1356 978 1420 purgationis
1020 1357 1139 1406 Ma·-

298 1425 408 1476 riae.

240 1515 308 1564 24
333 1500 486 1550 Circa
541 1509 934 1550 sacramentum
989 1500 1138 1551 dela-

1043 308 1135 358 ET
1169 307 1648 360 NUMERORUM.

1469 436 1664 476 menta.

1163 538 1166 541 ,
1196 511 1292 546 122
1404 514 1474 564 27
1525 499 1814 564 Templum
1888 490 2309 565 ingredientibus

1464 569 1565 620 tria
1594 581 1720 620 sunt
1745 570 2038 620 necessaria
2068 587 2081 620 :
2114 586 2300 636 purga-

1198 642 1293 694 123
1466 644 1562 704 tie,
1617 644 1747 694 unio
1798 659 1921 694 cum
1977 644 2209 694 Ecclesia
2255 654 2306 695 et

1464 725 1604 764 recta
1632 714 1878 765 intenti0.

1198 802 1299 851 124
1403 784 1472 835 28
1528 786 1740 852 Templi
1791 785 2137 837 sanctificatio
2213 803 2307 853 per

1198 874 1299 923 124
1465 860 1764 911 Christum.

1403 945 1472 998 29
1502 930 1715 996 Templi
1764 931 2010 981 mentalis
2051 947 2144 981 seu
2183 931 2305 981 ani-

1197 1002 1294 1053 125
1465 1015 1565 1050 mae
1584 1001 1819 1066 dignitas
1847 1012 2077 1068 quatuor
2094 1017 2158 1051 ex
2176 1016 2306 1051 cau-

1463 1085 1556 1120 515.

1407 1136 1478 1188 30
1528 1140 1681 1191 Unde
1731 1139 2032 1191 exhortatio
2085 1140 2150 1190 ad
2198 1155 2307 1188 non

1194 1212 1292 1264 126
1466 1210 1813 1276 peccandum.

1406 1278 1466 1331 31
1503 1282 1869 1332 Solemnitatis
1906 1282 2177 1334 hodiernae
2205 1297 2311 1332 ma·

1466 1355 1711 1420 gnstudo.

1194 1426 1293 1478 126
1406 1422 1473 1474 32
1507 1426 1721 1492 Templi
1751 1427 2043 1477 Jerusalem
2076 1426 2131 1475 in
2157 1442 2309 1476 mon-

1466 1508 1517 1549 te
1570 1499 1741 1549 Moria
1787 1499 2063 1549 constituti
2106 1515 2308 1564 praeco-

1193 1569 1293 1621 126
1468 1570 1574 1620 nia.

298 1569 465 1620 tionis
499 1570 719 1621 Christi.

238 1637 305 1688 25
339 1639 491 1690 Circa
518 1639 964 1705 significationem
1001 1640 1143 1691 obla-

299 1710 465 1761 tionis
497 1709 665 1761 factae.

236 1778 306 1829 26
336 1780 671 1831 Humilitatis
713 1779 917 1831 Christi
959 1780 1139 1831 incre-

1407 1637 1470 1689 33
1498 1640 1698 1706 Joseph
1725 1651 1778 1691 et
1809 1641 1975 1691 Maria
2013 1656 2044 1691 a
2091 1640 2306 1691 Jerusa-

1192 1727 1211 1762 1
1224 1729 1292 1779 27
1465 1712 1572 1761 lem
1597 1712 1866 1762 recedunt.

528 1950 763 2001 CAPUT
811 1951 950 2001 XIII.
1005 1978 1064 1988 -
1116 1951 1201 2001 De
1234 1951 1387 2017 suga
1439 1953 1659 2003 Domini
1694 1953 1748 2003 in
1785 1954 2120 2020 AEgyptum,

1033 2046 1084 2088 et
1120 2053 1242 2090 nece
1273 2040 1681 2090 Innocentium·

273 2170 291 2204 1
328 2153 606 2221 Apparitio
631 2153 894 2220 Angeliad
914 2170 1143 2204 monen-

298 2226 428 2276 dum
456 2226 654 2292 Joseph
682 2226 747 2277 de
766 2242 1011 2292 perverso
1041 2228 1141 2276 He·

296 2300 442 2350 rodis
464 2299 706 2349 consilio·

266 2385 296 2418 2
328 2369 440 2419 Cur
467 2369 716 2419 Christus
760 2370 1136 2436 inAEgyptum

295 2431 491 2497 fugerit
507 2432 526 2482 ἲ

263 2511 291 2563 3
327 2514 427 2563 Hic
450 2513 921 2570 considerandum.
942 2512 1136 2579 prim0‚

290 2585 436 2652 quod
459 2586 725 2636 Dominus
746 2585 800 2635 in
826 2600 921 2635 sua
950 2601 1137 2651 perso-

289 2673 358 2707 na
385 2657 617 2724 suscepit
652 2658 869 2708 adversa
890 2672 1042 2724 aeque
1076 2672 1136 2708 ac

290 2744 562 2795 prospera.

251 2815 289 2866 4
333 2802 597 2861 Secund0‚
643 2802 788 2867 quod
842 2801 1042 2867 Joseph
1082 2811 1132 2852 et

290 2889 396 2924 non
443 2875 598 2924 Matri
635 2873 761 2940 fuga
797 2874 1096 2925 nuntiatur.

264 2942 292 2994 5
358 2946 542 2996 Tertio
569 2984 583 3006 ‚
645 2946 789 3013 quod
822 2946 1135 2996 afflictiones

292 3015 453 3066 etiam
490 3016 603 3066 suis
623 3016 765 3067 Deus
790 3016 1050 3066 immittit.

255 3084 290 3136 6
321 3088 543 3147 Quarto,
562 3088 706 3154 quod
726 3086 1022 3153 benignum
1037 3087 1139 3137 Do-

293 3157 477 3207 minus
506 3172 562 3208 se
581 3157 836 3208 ostendit.

263 3244 294 3294 7
311 3229 583 3279 Moraliter
594 3228 726 3295 quid
737 3226 998 3294 significet
1011 3225 1137 3293 fuga

253 3353 256 3354 ⁷
292 3298 551 3350 Domini?

260 3365 294 3417 8
326 3369 630 3435 Longitudo
656 3378 708 3420 et
734 3368 1019 3420 difficultas
1044 3367 1137 3418 iti-

293 3454 457 3489 nerm.

1436 2172 1469 2222 9
1500 2154 1667 2204 Maria
1686 2163 1738 2205 et
1765 2154 1966 2221 Joseph
1989 2154 2046 2205 in
2069 2155 2304 2205 latrones

1465 2224 1730 2276 incidunt.

1194 2297 1289 2350 133
1411 2312 1472 2346 10
1496 2296 1574 2346 De
1601 2311 1729 2345 nece
1768 2311 2056 2361 puerorum
2089 2296 2308 2346 Bethle-

1464 2367 1811 2417 hemitarum.

1189 2430 1283 2483 133
1408 2455 1427 2489 1
1445 2456 1462 2489 1
1509 2439 1757 2505 Impletio
1811 2439 2104 2506 prophetiae
2155 2440 2306 2490 Jere-

1394 2518 1402 2533 ¹
1464 2514 1606 2564 miae.

1408 2601 1467 2635 12
1508 2586 1703 2636 Rachel
1753 2587 1970 2652 plorans
2007 2584 2305 2636 Ecclesiam

1463 2656 1683 2722 mystice
1719 2657 1998 2722 significat.

1407 2724 1464 2775 13
1501 2728 1792 2793 Martyrum
1823 2742 1994 2791 genus
2016 2725 2224 2791 triplex.

1411 2814 1475 2862 14
1497 2799 1725 2849 Herodis
1753 2799 2067 2849 imitatores.

1411 2869 1471 2920 15
1529 2870 1674 2930 Quid
1713 2870 1988 2920 moraliter
2041 2868 2307 2936 significet

1466 2956 1753 3006 puerorum
1780 2941 2064 2992 trucidatio
2090 2940 2108 2990 ἓ

1412 3010 1474 3062 16
1504 3012 1646 3063 Idola
1673 3024 2036 3073 conteruntur,
2066 3014 2124 3064 in
2149 3014 2308 3078 AEgy-

1467 3095 1620 3151 ptum
1640 3085 1872 3137 intrante
1899 3085 2152 3136 Domino,

1411 3171 1475 3220 17
1502 3157 1703 3205 Sensus
1752 3157 2009 3222 mysticus
2055 3154 2308 3206 transitus

1467 3226 1685 3276 Domini
1708 3226 1765 3277 in
1787 3229 2101 3294 AEgyptum.

1186 2726 1288 2794 134

1188 2872 1285 2925 135

1190 3014 1285 3066 135

1189 3156 1286 3228 135

1190 3296 1287 3349 135
1412 3295 1475 3347 18
1530 3298 1697 3349 Maria
1735 3308 1787 3349 et
1834 3299 2033 3364 Joseph
2080 3313 2137 3349 se
2181 3313 2304 3348 cum

1468 3383 1632 3432 puero
1672 3370 1796 3421 Jesu
1824 3368 2151 3434 Heliopolim
2171 3384 2306 3419 con-

1190 3436 1289 3490 136
1466 3438 1662 3492 ferunt.

604 3606 835 3658 CAPUT
863 3609 1000 3659 XIV.
1032 3635 1092 3646 -
1125 3608 1209 3658 De
1227 3607 1407 3658 reditu
1426 3609 1648 3660 Domini
1675 3624 1752 3660 ex
1777 3609 2057 3677 AEgypm,

746 3702 797 3746 et
833 3696 985 3748 initio
1014 3697 1346 3763 poenitentiae
1376 3698 1608 3749 Joannis
1645 3699 1934 3763 Baptistae.

267 3837 287 3871 1
322 3822 521 3889 Joseph
556 3822 765 3873 coelitus
806 3833 1056 3875 monetur
1073 3824 1139 3873 de

298 3893 470 3943 reditu
501 3908 565 3943 ex
590 3894 842 3959 AEgypto,

1436 3837 1466 3872 2
1498 3823 1599 3874 Per
1620 3823 1888 3873 desertum
1914 3822 2118 3873 transit.

1192 3908 1289 3958 142
1391 3933 1399 3939 .
1438 3893 1466 3944 3
1498 3893 1715 3959 Hicjam
1740 3894 2104 3960 poenitentiam
2123 3894 2308 3960 agebat

2302 320 2307 337 ¹
2358 310 2462 376 457

2364 444 2463 495 127

2362 713 2461 764 128

2362 876 2461 930 129

2363 1086 2462 1137 129

2363 1208 2461 1260 130

2359 1568 2452 1621 131

2362 1708 2458 1760 132

2360 2224 2458 2278 136

2359 2366 2459 2417 136

2362 2513 2459 2579 137

2360 2653 2459 2706 138

2361 2723 2460 2775 138

2360 2795 2461 2864 139

2362 2956 2460 3004 140

2361 3101 2459 3150 140

2362 3242 2451 3292 141

2365 3455 2453 3505 141

2360 3821 2455 3888 143
