2784 4452
809 322 903 372 DE
934 319 1076 372 GEN
1083 319 1392 372 EALOGIA
1426 321 1884 373 SALVATORIS.
2423 324 2494 391 69

252 448 391 486 num.
454 461 516 473 ·-
568 435 660 485 ·Ad
732 435 1116 501 perfectionem
1191 450 1316 486 vero

247 519 592 557 communem
623 506 1109 572 perseverantium,
1151 506 1318 571 perti-

244 587 370 627 nent
406 577 535 639 tria,
570 577 772 641 scilicet
805 595 819 628 ε
852 578 1205 644 supplantatio
1233 578 1320 628 vi-

241 647 473 713 tiorum,
520 650 670 714 quod
695 648 866 715 signat
887 649 1081 709 Jacob,
1116 649 1171 699 id
1218 659 1315 714 est,

245 720 655 786 supplantato&
698 721 986 771 continuus
1040 719 1315 786 profectus

240 790 530 855 virtutum,
571 807 738 858 quem
771 792 950 859 signat
981 792 1216 858 'Joseph,
1255 791 1314 842 id

241 871 318 912 est
337 901 352 923 ,
417 877 774 925 accrescen83
796 873 1016 913 constan
1027 862 1102 913 tia
1171 861 1308 913 fidei

239 933 570 997 immobilis,
617 935 764 1002 quod
811 934 1052 1001 signatur
1097 933 1152 983 in
1204 934 1309 985 hoc

240 1007 382 1070 quod
409 1005 641 1069 dicitur,
681 1006 766 1055 vir
794 1004 1029 1067 Μανία,
1059 1019 1182 1072 quae
1225 1005 1313 1054 in-

240 1086 563 1144 terpretatur
615 1077 774 1127 stella
820 1077 1027 1139 maris;
1051 1088 1194 1142 quae
1228 1085 1311 1126 est

236 1152 391 1217 polus
427 1150 526 1217 qui
565 1166 674 1200 non
700 1160 963 1201 movetur.
997 1151 1120 1200 Haec
1158 1148 1307 1199 enim

234 1220 330 1272 tria
373 1230 506 1272 sunt
540 1221 840 1272 necessaria
883 1219 1304 1286 perseverantiae.

196 1347 201 1351 ⁴
236 1293 331 1343 Per
378 1293 487 1343 hos
552 1302 732 1343 autem
778 1291 1063 1358 praedictos
1117 1306 1306 1341 omnes

233 1364 495 1430 figuratur
533 1364 808 1427 Christus;
848 1362 976 1429 quia
1018 1362 1066 1412 ei
1109 1378 1306 1413 conve-

232 1435 384 1485 niunt
403 1451 492 1486 res
511 1435 1004 1502 interpretationem
1019 1433 1304 1484 nominum

234 1506 635 1570 praedictorum.

292 1593 325 1644 9
367 1578 788 1627 Paoot-:mronuu
833 1577 1053 1627 Cmusrr
1097 1589 1306 1624 numm-

233 1665 340 1714 ·rAS,
371 1665 503 1708 Qum
532 1648 940 1699 nesroxuvssmr?
963 1676 1026 1685 —
1043 1646 1305 1698 Conside-

232 1738 285 1773 ra
318 1723 414 1774 hic
459 1722 829 1788 progenitores
874 1720 1131 1785 Domini,
1174 1721 1302 1786 quia

236 1794 298 1844 de
333 1794 550 1861 exiguis
586 1803 638 1844 et
666 1792 1031 1859 peccatoribus
1057 1807 1164 1842 non
1205 1793 1301 1841 de·

229 1865 476 1932 dignatus
504 1875 586 1915 est
614 1864 785 1927 nasci,
822 1874 874 1913 et
905 1862 1080 1912 noluit
1100 1863 1154 1912 in
1182 1877 1304 1929 pro·

231 1938 564 2004 genitoribus
586 1937 820 2003 gloriari.
848 1937 1038 2002 Neque
1067 1937 1210 1986 enim
1243 1935 1300 1985 in

229 2010 342 2074 his,
383 2025 583 2076 neque,
615 2009 762 2076 quod
808 2009 1043 2074 amplius
1083 2018 1194 2071 est,
1239 2006 1298 2056 in

231 2081 523 2132 virtutibus
564 2090 616 2130 et
659 2079 913 2145 operibus
948 2077 1163 2144 gloriari
1205 2078 1300 2127 de-

230 2154 422 2204 bemus
448 2192 464 2218 ,
522 2168 592 2203 ne
635 2153 836 2202 horum
891 2153 1192 2202 mercedem
1241 2150 1298 2200 in

225 2226 405 2293 aliquo
433 2230 772 2289 minuamus,
794 2225 879 2275 vel
913 2223 1072 2275 etiam
1102 2221 1156 2273 in
1187 2232 1300 2273 toto

224 2300 529 2363 perdamus,
602 2297 754 2347 Unde
809 2297 1225 2362 Chrysostomus
1281 2310 1300 2344 .·

225 2388 251 2416 α
270 2369 372 2420 Hic
397 2369 629 2434 refulget
657 2367 888 2434 dignitas
915 2365 1140 2429 Christi,
1190 2381 1298 2416 non

226 2441 353 2508 quia
406 2454 632 2506 magnos
688 2437 1054 2504 progenitores
1106 2437 1299 2487 habeat

227 2527 282 2562 ac
309 2520 574 2577 potentes,
598 2510 691 2559 sed
718 2509 848 2574 quia
880 2507 1103 2573 exiguos
1129 2523 1188 2558 ac
1215 2506 1300 2556 vi-

227 2585 318 2635 les.
369 2580 703 2633 Sublimium
751 2579 898 2630 enim
936 2579 1026 2630 illa
1068 2578 1299 2640 maxima

231 2664 280 2705 et
319 2652 652 2705 admirabilis
698 2650 868 2717 gloria
890 2659 998 2713 est,
1026 2649 1299 2700 humiliari

232 2736 418 2791 sponte
450 2723 792 2775 submissius.
828 2722 981 2771 Sicut
1020 2721 1166 2772 enim
1202 2722 1299 2771 ad-

232 2796 490 2858 mirabilis
529 2795 824 2861 judicatur,
859 2809 966 2843 non
999 2793 1127 2861 quia
1157 2808 1300 2843 mor-

228 2878 352 2919 tuus
378 2878 589 2918 tantum
617 2875 721 2929 est,
757 2880 945 2914 verum
982 2863 1109 2930 quia
1138 2864 1296 2913 etiam

196 2939 519 2991 ‘crucifixus
537 2948 616 2988 est
640 2946 691 2987 et
712 2936 953 3003 sepultus
983 2952 996 2985 ε
1028 2936 1105 2988 sic
1136 2936 1295 2987 etiam

178 3011 189 3034 ³
230 3011 283 3062 in
340 3010 682 3078 generatione
744 3007 892 3058 illius
946 3007 1053 3057 dici
1120 3016 1296 3074 potest

233 3084 371 3148 quod
401 3098 512 3132 non
548 3081 727 3131 solum
762 3078 889 3145 quia
918 3077 1152 3144 suscepit
1180 3094 1294 3127 car-

234 3168 381 3216 nem,
419 3162 474 3203 et
509 3153 678 3202 homo
716 3150 885 3201 factus
914 3159 1017 3213 est,
1063 3148 1295 3200 admira-

234 3224 373 3278 tione
406 3224 479 3275 sit
505 3223 702 3289 dignus
711 3237 727 3285 ;
766 3221 859 3272 sed
884 3220 1013 3287 quia
1036 3221 1192 3271 etiam
1213 3231 1295 3271 ta-

229 3295 301 3346 les
366 3294 746 3361 progenitores
792 3292 990 3342 habere
1051 3291 1295 3358 dignatus

232 3376 321 3429 est,
349 3366 492 3416 nihil
520 3367 587 3415 de
618 3364 814 3414 nostris
845 3362 1139 3412 vilitatibus
1169 3378 1295 3413 eru-

231 3437 475 3502 bescens,
505 3452 600 3501 per
624 3435 738 3502 ipsa
772 3434 960 3500 procul
988 3433 1154 3483 dubio
1193 3435 1293 3483 do-

232 3522 349 3557 cens
388 3517 451 3558 ut
499 3523 600 3557 nos
645 3520 866 3572 quoque
912 3520 1187 3569 nunquam
1229 3506 1295 3556 de

231 3578 368 3629 vitiis
417 3577 801 3629 erubescamus
845 3585 1156 3641 parentum,
1200 3578 1293 3626 sed

229 3664 393 3700 unum
422 3651 558 3701 illud
587 3664 911 3715 quaeramus,
952 3663 1165 3713 semper
1191 3664 1294 3698 no-

232 3720 422 3772 bilitari
463 3721 800 3788 propriarum
847 3719 1050 3769 honore
1118 3719 1293 3771 virtu-

231 3801 361 3845 tum.
397 3794 517 3844 Non
547 3801 626 3843 est
657 3791 895 3854 omnin0,
925 3806 1035 3841 non
1065 3801 1159 3855 est,
1194 3807 1292 3842 nec

236 3863 295 3913 de
320 3863 540 3928 virtute,
578 3878 676 3913 nec
710 3863 777 3912 de
817 3861 949 3912 vitio
976 3871 1287 3927 parentum,

235 3946 316 3986 aut
360 3935 656 3987 laudandus
699 3933 912 4000 aliquis,
942 3943 1033 3984 aut
1067 3934 1289 4000 culpan-

1423 436 1558 499 dus3
1590 452 1749 486 nemo
1778 436 1902 486 inde
1933 452 2077 500 vere,
2108 447 2200 488 aut
2223 437 2484 490 obscurus

1422 516 1514 557 aut
1541 508 1712 558 clarus
1746 518 1841 559 est.
1873 509 2015 572 1m0,
2052 518 2115 559 ut
2150 510 2495 561 consideran-

1421 577 1529 628 tius
1580 578 1783 645 aliquid
1842 578 2101 642 dicamus,
2135 579 2314 630 nescio
2352 597 2495 648 quo-

1421 651 1583 699 modo
1612 650 1785 716 magis
1814 649 1907 700 ille
1934 650 2254 716 resplendet,
2294 651 2390 718 qui
2427 667 2493 702 ex

1418 720 1726 786 parentibus
1752 736 1782 771 a
1810 720 2007 771 virtute
2044 736 2268 786 prorsus
2303 721 2492 773 alienis

1419 791 1684 854 existens,
1725 792 1841 859 ipse
1879 802 2058 841 tamen
2095 791 2257 842 fuerit
2284 793 2350 843 de
2372 792 2489 843 vir-

1418 871 1530 912 tute
1558 861 1836 913 mirabilis.
1866 863 2062 913 Nullus
2102 861 2267 928 igitur
2294 861 2352 912 in
2388 878 2490 914 su-

1416 933 1660 999 perbiam
1707 935 1775 985 de
1816 932 1984 1000 gloria
2019 934 2255 985 elevetur
2292 949 2489 999 paren—

1416 1014 1560 1067 tum,
1600 1006 1692 1055 sed
1744 1005 2083 1056 considerans
2123 1004 2489 1071 progenitores

1414 1075 1663 1138 Domini,
1704 1092 1923 1127 omnem
1977 1085 2196 1126 evacuet
2244 1085 2295 1127 et
2332 1091 2487 1126 com-

1413 1145 1610 1210 primat
1636 1146 1834 1196 mentis
1860 1156 2154 1205 tumorem,
2189 1156 2242 1197 et
2267 1147 2334 1201 de
2356 1146 2488 1197 solis

1411 1215 1703 1267 virtutibus
1728 1217 1986 1283 glorietur
2008 1235 2021 1268 z
2052 1217 2303 1282 quinimo
2324 1233 2392 1268 ne
2419 1218 2486 1269 de

1412 1289 1528 1339 istis
1562 1290 1812 1354 quidem;
1846 1290 1923 1340 sic
1963 1289 2107 1340 enim
2141 1290 2303 1340 etiam
2342 1290 2486 1341 Pha-

1409 1357 1599 1410 risaeus
1660 1359 1953 1410 Publicano
2001 1360 2235 1411 deterior
2268 1361 2490 1412 effectus

1411 1439 1508 1479 est.
1559 1429 1681 1480 Noli
1729 1429 1894 1495 igitur
1944 1430 2059 1496 ipse
2102 1440 2323 1481 tuorum
2360 1447 2483 1482 cor-

1409 1516 1660 1567 rumpere
1697 1501 1905 1552 fructus
1944 1502 2221 1564 laborum,
2272 1513 2325 1554 et
2368 1503 2480 1555 noli

1410 1573 1633 1622 sudores
1668 1582 1791 1622 tuos
1836 1571 1892 1622 in
1927 1589 2126 1623 vanum
2179 1573 2486 1637 effundere;

1409 1643 1516 1693 noli
1559 1659 1777 1694 cursum
1817 1643 2031 1694 inanem
2071 1644 2323 1711 dirigere,
2361 1656 2482 1712 post

1410 1715 1558 1765 mille
1602 1715 1885 1779 circuitus,
1935 1717 2235 1766 mercedem
2283 1717 2482 1768 laboris

1408 1800 1687 1836 evacuans·
1760 1785 1928 1838 Novit
2002 1786 2149 1838 enim
2214 1786 2481 1838 Dominus

1407 1865 1561 1921 tuuS,
1607 1867 1659 1907 et
1698 1858 1921 1924 quidem
1964 1859 2136 1909 multo
2178 1868 2231 1908 te
2263 1858 2478 1918 melius,

1405 1940 1617 1981 tuarum
1658 1931 1846 1982 merita
1872 1931 2164 1995 virtutum;
2211 1947 2281 1982 ne
2317 1931 2479 1998 igitur

1407 2002 1460 2051 in
1490 2002 1793 2068 superbiam
1831 2012 2225 2065 tumescamuS,
2254 2004 2350 2052 sed
2387 2003 2476 2053 di-

1404 2089 1586 2123 camus
1628 2073 1983 2140 nosmetipsos
2031 2074 2273 2135 inutiles,
2324 2084 2384 2125 ut
2423 2074 2476 2124 in

1402 2156 1607 2212 partem
1626 2146 1844 2195 utilium
1864 2155 2213 2196 transeamus.
2239 2146 2299 2196 Si
2327 2147 2473 2198 enim

1403 2217 1730 2267 laudandum
1773 2225 1826 2266 te
1870 2232 1985 2268 esse
2022 2215 2243 2281 dixeriS‚
2282 2233 2471 2284 repro-

1404 2289 1505 2338 bus
1551 2287 1826 2350 efficieris„
1877 2287 2085 2337 etiamsi
2128 2285 2306 2338 fueras
2351 2298 2475 2339 ante

1402 2358 1715 2421 laudabilis;
1746 2357 1789 2408 si
1818 2374 1945 2409 vero
1979 2357 2227 2409 inutilem
2254 2368 2308 2409 te
2336 2359 2475 2411 fate-

1404 2429 1508 2492 riS,
1550 2428 1718 2479 factus
1765 2443 1822 2479 es
1864 2428 2043 2490 utilis,
2096 2429 2305 2481 etiamsi
2353 2442 2475 2482 ante

1405 2503 1663 2568 reprobus
1690 2501 1858 2553 fueris
1889 2518 1901 2552 :
1934 2512 2152 2568 propter
2184 2505 2331 2569 quod
2374 2520 2475 2554 ne-

1404 2572 1628 2623 cessaria
1704 2573 1869 2623 nobis
1933 2581 2013 2623 est
2085 2574 2475 2641 praeteritarum

1404 2648 1606 2697 oblivio
1684 2649 1963 2699 virtutum.
2049 2650 2472 2701 stabilissimum

1403 2719 1547 2770 enim
1579 2720 1825 2769 aerarium
1863 2720 2125 2771 virtutum
2160 2732 2239 2771 est
2266 2721 2473 2773 oblivio

1400 2791 1683 2842 virtutum.
1715 2793 1896 2858 Itaque
1926 2793 1969 2843 si
1997 2809 2085 2843 eas
2119 2793 2175 2843 in
2209 2794 2474 2845 memoria

1400 2863 1552 2928 quasi
1576 2864 1789 2914 venales
1812 2864 2026 2915 assidue
2055 2875 2356 2931 portemuS‚
2380 2882 2472 2916 ar-

1401 2951 1612 2986 mamus
1657 2936 1901 3000 hostem,
1950 2937 2223 2989 irritamus
2272 2939 2467 2990 inimi-

1400 3022 1545 3070 cum,
1578 3017 1630 3056 et
1658 3007 1906 3056 dolosum
1946 3007 2237 3059 invitamus
2265 3011 2330 3061 ad
2358 3008 2469 3059 fur-

1400 3086 1535 3127 tum.
1569 3077 1624 3126 Si
1647 3092 1771 3126 vero
1793 3093 1952 3127 nemo
1975 3079 2105 3128 alter
2128 3079 2240 3130 haec
2266 3080 2468 3142 scierit,

1399 3151 1502 3199 nisi
1550 3166 1713 3216 quem
1777 3153 1925 3202 nulla
1974 3155 2186 3205 occulta
2240 3165 2470 3222 possunt

1398 3221 1578 3282 latere,
1607 3231 1721 3271 tuto
1760 3222 1819 3272 in
1849 3224 1967 3275 loco
1998 3226 2231 3290 pretiosa
2257 3226 2461 3276 consis-

1398 3302 1524 3343 tent.
1565 3293 1915 3360 Nequaquam
1945 3295 2113 3362 igitur
2144 3296 2458 3363 hujusmodi

1400 3363 1537 3412 bona
1574 3362 1878 3429 frequenter
1905 3366 2195 3426 eventiles‚
2238 3381 2304 3416 ne
2341 3366 2469 3431 quis

1397 3433 1535 3483 forte
1564 3449 1623 3484 ea
1650 3434 1863 3500 diripiat
1894 3451 1906 3484 :
1939 3437 2086 3501 quod
2126 3436 2289 3486 etiam
2324 3435 2471 3484 Pha-

1398 3504 1582 3554 risaeus
1612 3520 1800 3569 passus
1835 3514 1914 3555 est
1941 3506 1997 3555 in
2025 3505 2211 3571 lingua
2236 3505 2328 3555 illa
2357 3505 2465 3556 cir-

1396 3576 1695 3626 cumferens
1722 3615 1736 3636 ,
1794 3578 1940 3627 unde
1990 3593 2052 3629 ea
2110 3588 2161 3627 et
2221 3576 2469 3628 diabolus

1394 3648 1587 3714 rapuit.
1635 3649 2123 3716 Caveamusigitur
2166 3651 2233 3700 de
2277 3650 2469 3701 nobis-

1397 3720 1642 3786 metipsis
1698 3721 1881 3774 dicere
1942 3721 2144 3787 aliquid
2190 3721 2463 3787 gloriose3

1394 3790 1497 3841 hoc
1514 3791 1657 3841 enim
1677 3807 1775 3842 nos
1802 3802 1851 3842 et
1871 3792 2189 3842 hominibus
2217 3793 2465 3855 odibiles,

1395 3872 1445 3913 et
1474 3863 1584 3913 Deo
1613 3863 1998 3913 abominabiles
2027 3862 2170 3914 facit.
2193 3864 2266 3915 Et
2291 3864 2465 3916 idcir-

1395 3949 1456 3983 co
1500 3944 1698 3999 quanto
1732 3934 1932 3999 majora
1968 3933 2281 3998 fecerimus,
2317 3945 2462 3987 tanto
