<?xml version="1.0" encoding="UTF-8"?>
<!DOCTYPE html PUBLIC "-//W3C//DTD XHTML 1.0 Transitional//EN"
    "http://www.w3.org/TR/xhtml1/DTD/xhtml1-transitional.dtd">
<html xmlns="http://www.w3.org/1999/xhtml" xml:lang="en" lang="en">
 <head>
  <title>
</title>
<meta http-equiv="Content-Type" content="text/html;charset=utf-8" />
  <meta name='ocr-system' content='tesseract 3.04.00' />
  <meta name='ocr-capabilities' content='ocr_page ocr_carea ocr_par ocr_line ocrx_word'/>
</head>
<body>
  <div class='ocr_page' id='page_1' title='image "./vitajesuchristi00sachgoog_0459.png"; bbox 0 0 2784 4452; ppageno 0'>
   <div class='ocr_carea' id='block_1_1' title="bbox 429 316 2432 380">
    <p class='ocr_par' dir='ltr' id='par_1_1' title="bbox 429 316 2432 380">
     <span class='ocr_line' id='line_1_1' title="bbox 429 316 2432 380; baseline -0.002 -10"><span class='ocrx_word' id='word_1_1' title='bbox 429 319 523 370; x_wconf 91' lang='lat' dir='ltr'>DE</span> <span class='ocrx_word' id='word_1_2' title='bbox 554 317 968 370; x_wconf 84' lang='lat' dir='ltr'><strong>CURATIONE</strong></span> <span class='ocrx_word' id='word_1_3' title='bbox 1000 317 1425 369; x_wconf 76' lang='lat' dir='ltr'><strong>PARALYTICI</strong></span> <span class='ocrx_word' id='word_1_4' title='bbox 1458 317 1593 368; x_wconf 88' lang='lat' dir='ltr'>PER</span> <span class='ocrx_word' id='word_1_5' title='bbox 1622 317 1916 370; x_wconf 85' lang='lat' dir='ltr'>TECTUM</span> <span class='ocrx_word' id='word_1_6' title='bbox 1948 318 2216 369; x_wconf 89' lang='lat' dir='ltr'><strong>DIMISSI.</strong></span> <span class='ocrx_word' id='word_1_7' title='bbox 2328 316 2432 380; x_wconf 81' lang='lat'>443</span> 
     </span>
    </p>
   </div>
   <div class='ocr_carea' id='block_1_2' title="bbox 1367 432 2437 639">
    <p class='ocr_par' dir='ltr' id='par_1_2' title="bbox 1367 432 2437 639">
     <span class='ocr_line' id='line_1_2' title="bbox 1370 432 2437 499; baseline -0.002 -16"><span class='ocrx_word' id='word_1_8' title='bbox 1370 432 1636 499; x_wconf 82' lang='lat' dir='ltr'><strong>pertinent</strong></span> <span class='ocrx_word' id='word_1_9' title='bbox 1665 433 1804 484; x_wconf 90' lang='lat' dir='ltr'>circa</span> <span class='ocrx_word' id='word_1_10' title='bbox 1835 434 2037 484; x_wconf 90' lang='lat' dir='ltr'>amicos</span> <span class='ocrx_word' id='word_1_11' title='bbox 2067 448 2196 483; x_wconf 90' lang='lat' dir='ltr'>suos</span> <span class='ocrx_word' id='word_1_12' title='bbox 2219 432 2437 483; x_wconf 85' lang='lat' dir='ltr'>solliciti</span> 
     </span>
     <span class='ocr_line' id='line_1_3' title="bbox 1368 501 2432 569; baseline -0.003 -16"><span class='ocrx_word' id='word_1_13' title='bbox 1368 513 1497 553; x_wconf 87' lang='lat' dir='ltr'>sunt</span> <span class='ocrx_word' id='word_1_14' title='bbox 1515 513 1566 553; x_wconf 91' lang='lat' dir='ltr'>et</span> <span class='ocrx_word' id='word_1_15' title='bbox 1589 503 1887 569; x_wconf 86' lang='lat' dir='ltr'>inquirunt,</span> <span class='ocrx_word' id='word_1_16' title='bbox 1908 504 1999 553; x_wconf 89' lang='lat' dir='ltr'>sed</span> <span class='ocrx_word' id='word_1_17' title='bbox 2023 504 2088 553; x_wconf 90' lang='lat' dir='ltr'>de</span> <span class='ocrx_word' id='word_1_18' title='bbox 2109 502 2197 552; x_wconf 91' lang='lat' dir='ltr'>his</span> <span class='ocrx_word' id='word_1_19' title='bbox 2225 516 2346 568; x_wconf 84' lang='lat' dir='ltr'>quoe</span> <span class='ocrx_word' id='word_1_20' title='bbox 2365 501 2432 551; x_wconf 91' lang='lat' dir='ltr'>ad</span> 
     </span>
     <span class='ocr_line' id='line_1_4' title="bbox 1367 572 2435 639; baseline -0.003 -15"><span class='ocrx_word' id='word_1_21' title='bbox 1367 575 1593 624; x_wconf 85' lang='lat' dir='ltr'>salutem</span> <span class='ocrx_word' id='word_1_22' title='bbox 1636 574 1939 625; x_wconf 86' lang='lat' dir='ltr'>animarum</span> <span class='ocrx_word' id='word_1_23' title='bbox 1975 573 2248 639; x_wconf 82' lang='lat' dir='ltr'><strong>pertinent</strong></span> <span class='ocrx_word' id='word_1_24' title='bbox 2280 572 2435 622; x_wconf 89' lang='lat' dir='ltr'>solli-</span> 
     </span>
    </p>
   </div>
   <div class='ocr_carea' id='block_1_3' title="bbox 1366 645 2142 713">
    <p class='ocr_par' dir='ltr' id='par_1_3' title="bbox 1366 645 2142 713">
     <span class='ocr_line' id='line_1_5' title="bbox 1366 645 2142 713; baseline 0 -17"><span class='ocrx_word' id='word_1_25' title='bbox 1366 645 1665 697; x_wconf 80' lang='lat' dir='ltr'>citudinem</span> <span class='ocrx_word' id='word_1_26' title='bbox 1701 648 1908 700; x_wconf 78' lang='lat' dir='ltr'>nullam</span> <span class='ocrx_word' id='word_1_27' title='bbox 1929 656 2142 713; x_wconf 88' lang='lat' dir='ltr'>gerunt.</span> 
     </span>
    </p>
   </div>
   <div class='ocr_carea' id='block_1_4' title="bbox 193 433 1267 789">
    <p class='ocr_par' dir='ltr' id='par_1_4' title="bbox 193 433 1267 789">
     <span class='ocr_line' id='line_1_6' title="bbox 194 433 1267 500; baseline -0.001 -14"><span class='ocrx_word' id='word_1_28' title='bbox 194 449 408 496; x_wconf 88' lang='lat' dir='ltr'>cemus,</span> <span class='ocrx_word' id='word_1_29' title='bbox 448 449 611 500; x_wconf 89' lang='lat' dir='ltr'>quam</span> <span class='ocrx_word' id='word_1_30' title='bbox 658 448 761 483; x_wconf 88' lang='lat' dir='ltr'>nos</span> <span class='ocrx_word' id='word_1_31' title='bbox 794 433 1097 485; x_wconf 79' lang='lat' dir='ltr'>obtinuisse</span> <span class='ocrx_word' id='word_1_32' title='bbox 1134 449 1267 500; x_wconf 90' lang='lat' dir='ltr'>gau-</span> 
     </span>
     <span class='ocr_line' id='line_1_7' title="bbox 194 504 1264 571; baseline -0.001 -16"><span class='ocrx_word' id='word_1_33' title='bbox 194 506 419 565; x_wconf 82' lang='lat' dir='ltr'>demus,</span> <span class='ocrx_word' id='word_1_34' title='bbox 490 519 759 553; x_wconf 84' lang='lat' dir='ltr'>memores</span> <span class='ocrx_word' id='word_1_35' title='bbox 812 504 959 570; x_wconf 87' lang='lat' dir='ltr'>quod</span> <span class='ocrx_word' id='word_1_36' title='bbox 1005 505 1264 571; x_wconf 88' lang='lat' dir='ltr'>scriptum</span> 
     </span>
     <span class='ocr_line' id='line_1_8' title="bbox 195 574 1264 637; baseline -0.004 -10"><span class='ocrx_word' id='word_1_37' title='bbox 195 586 278 627; x_wconf 88' lang='lat' dir='ltr'>est</span> <span class='ocrx_word' id='word_1_38' title='bbox 318 593 331 626; x_wconf 89' lang='lat'>:</span> <span class='ocrx_word' id='word_1_39' title='bbox 383 575 492 636; x_wconf 82' lang='lat' dir='ltr'>Qui</span> <span class='ocrx_word' id='word_1_40' title='bbox 518 574 695 637; x_wconf 79' lang='lat' dir='ltr'>audit,</span> <span class='ocrx_word' id='word_1_41' title='bbox 732 574 879 625; x_wconf 78' lang='lat' dir='ltr'>dicat</span> <span class='ocrx_word' id='word_1_42' title='bbox 906 592 925 625; x_wconf 89' lang='lat'>.·</span> <span class='ocrx_word' id='word_1_43' title='bbox 967 575 1116 625; x_wconf 80' lang='lat' dir='ltr'>Veni.</span> <span class='ocrx_word' id='word_1_44' title='bbox 1159 575 1264 625; x_wconf 90' lang='lat' dir='ltr'>Sed</span> 
     </span>
     <span class='ocr_line' id='line_1_9' title="bbox 195 649 1265 713; baseline -0.001 -12"><span class='ocrx_word' id='word_1_45' title='bbox 195 651 355 701; x_wconf 88' lang='lat' dir='ltr'>multi</span> <span class='ocrx_word' id='word_1_46' title='bbox 402 650 503 700; x_wconf 90' lang='lat' dir='ltr'>hoc</span> <span class='ocrx_word' id='word_1_47' title='bbox 541 649 846 713; x_wconf 84' lang='lat' dir='ltr'>exemplum</span> <span class='ocrx_word' id='word_1_48' title='bbox 898 649 1127 700; x_wconf 87' lang='lat' dir='ltr'>minime</span> <span class='ocrx_word' id='word_1_49' title='bbox 1175 665 1265 700; x_wconf 88' lang='lat' dir='ltr'>se-</span> 
     </span>
     <span class='ocr_line' id='line_1_10' title="bbox 193 718 1267 789; baseline -0.001 -17"><span class='ocrx_word' id='word_1_50' title='bbox 193 731 468 789; x_wconf 87' lang='lat' dir='ltr'>quuntur;</span> <span class='ocrx_word' id='word_1_51' title='bbox 499 729 553 770; x_wconf 90' lang='lat' dir='ltr'>et</span> <span class='ocrx_word' id='word_1_52' title='bbox 588 719 656 770; x_wconf 89' lang='lat' dir='ltr'>de</span> <span class='ocrx_word' id='word_1_53' title='bbox 688 718 779 770; x_wconf 87' lang='lat' dir='ltr'>his</span> <span class='ocrx_word' id='word_1_54' title='bbox 802 734 928 785; x_wconf 83' lang='lat' dir='ltr'>quae</span> <span class='ocrx_word' id='word_1_55' title='bbox 955 719 1026 770; x_wconf 87' lang='lat' dir='ltr'>ad</span> <span class='ocrx_word' id='word_1_56' title='bbox 1044 734 1267 786; x_wconf 80' lang='lat' dir='ltr'>corpora</span> 
     </span>
    </p>
   </div>
   <div class='ocr_carea' id='block_1_5' title="bbox 1657 828 1663 855">
    <p class='ocr_par' dir='ltr' id='par_1_5' title="bbox 1657 828 1663 855">
     <span class='ocr_line' id='line_1_11' title="bbox 1657 828 1663 855; baseline 0 0"><span class='ocrx_word' id='word_1_57' title='bbox 1657 828 1663 855; x_wconf 84' lang='lat' dir='ltr'>l</span> 
     </span>
    </p>
   </div>
   <div class='ocr_carea' id='block_1_6' title="bbox 1186 912 1462 965">
    <p class='ocr_par' dir='ltr' id='par_1_6' title="bbox 1186 912 1462 965">
     <span class='ocr_line' id='line_1_12' title="bbox 1186 912 1462 965; baseline -0.007 0"><span class='ocrx_word' id='word_1_58' title='bbox 1186 912 1462 965; x_wconf 87' lang='lat' dir='ltr'>ORATIO</span> 
     </span>
    </p>
   </div>
   <div class='ocr_carea' id='block_1_7' title="bbox 193 1078 2441 1633">
    <p class='ocr_par' dir='ltr' id='par_1_7' title="bbox 193 1078 2441 1633">
     <span class='ocr_line' id='line_1_13' title="bbox 262 1078 2441 1147; baseline -0.002 -14"><span class='ocrx_word' id='word_1_59' title='bbox 262 1083 499 1135; x_wconf 82' lang='lat' dir='ltr'>Domine</span> <span class='ocrx_word' id='word_1_60' title='bbox 518 1083 644 1132; x_wconf 85' lang='lat' dir='ltr'>Jesu</span> <span class='ocrx_word' id='word_1_61' title='bbox 673 1081 909 1143; x_wconf 85' lang='lat' dir='ltr'>Christe,</span> <span class='ocrx_word' id='word_1_62' title='bbox 938 1091 1147 1133; x_wconf 84' lang='lat' dir='ltr'>amator</span> <span class='ocrx_word' id='word_1_63' title='bbox 1169 1080 1461 1132; x_wconf 86' lang='lat' dir='ltr'>hominum</span> <span class='ocrx_word' id='word_1_64' title='bbox 1484 1080 1892 1147; x_wconf 78' lang='lat' dir='ltr'>benignissime,</span> <span class='ocrx_word' id='word_1_65' title='bbox 1917 1078 2161 1146; x_wconf 90' lang='lat' dir='ltr'>supplico</span> <span class='ocrx_word' id='word_1_66' title='bbox 2185 1079 2441 1144; x_wconf 83' lang='lat' dir='ltr'>lacryma-</span> 
     </span>
     <span class='ocr_line' id='line_1_14' title="bbox 200 1153 2437 1220; baseline -0.003 -12"><span class='ocrx_word' id='word_1_67' title='bbox 200 1158 383 1208; x_wconf 85' lang='lat' dir='ltr'>biliter</span> <span class='ocrx_word' id='word_1_68' title='bbox 417 1155 643 1206; x_wconf 86' lang='lat' dir='ltr'>bonitati</span> <span class='ocrx_word' id='word_1_69' title='bbox 675 1166 801 1219; x_wconf 87' lang='lat' dir='ltr'>tuae,</span> <span class='ocrx_word' id='word_1_70' title='bbox 825 1156 993 1205; x_wconf 89' lang='lat' dir='ltr'>libera</span> <span class='ocrx_word' id='word_1_71' title='bbox 1017 1171 1106 1206; x_wconf 90' lang='lat' dir='ltr'>me</span> <span class='ocrx_word' id='word_1_72' title='bbox 1125 1156 1193 1206; x_wconf 89' lang='lat' dir='ltr'>ab</span> <span class='ocrx_word' id='word_1_73' title='bbox 1211 1155 1470 1205; x_wconf 88' lang='lat' dir='ltr'>omnibus</span> <span class='ocrx_word' id='word_1_74' title='bbox 1496 1163 1828 1220; x_wconf 89' lang='lat' dir='ltr'>peccatorum</span> <span class='ocrx_word' id='word_1_75' title='bbox 1859 1153 2128 1215; x_wconf 87' lang='lat' dir='ltr'>sordibus,</span> <span class='ocrx_word' id='word_1_76' title='bbox 2155 1162 2208 1203; x_wconf 90' lang='lat' dir='ltr'>et</span> <span class='ocrx_word' id='word_1_77' title='bbox 2234 1153 2437 1202; x_wconf 86' lang='lat' dir='ltr'>daemo-</span> 
     </span>
     <span class='ocr_line' id='line_1_15' title="bbox 197 1225 2441 1294; baseline -0.002 -14"><span class='ocrx_word' id='word_1_78' title='bbox 197 1245 332 1280; x_wconf 89' lang='lat' dir='ltr'>num</span> <span class='ocrx_word' id='word_1_79' title='bbox 362 1229 815 1288; x_wconf 85' lang='lat' dir='ltr'>infestationibus,</span> <span class='ocrx_word' id='word_1_80' title='bbox 843 1244 1039 1294; x_wconf 88' lang='lat' dir='ltr'>meque</span> <span class='ocrx_word' id='word_1_81' title='bbox 1060 1229 1130 1278; x_wconf 81' lang='lat' dir='ltr'>ab</span> <span class='ocrx_word' id='word_1_82' title='bbox 1155 1229 1235 1279; x_wconf 91' lang='lat' dir='ltr'>eis</span> <span class='ocrx_word' id='word_1_83' title='bbox 1278 1228 1566 1279; x_wconf 88' lang='lat' dir='ltr'>liberatum</span> <span class='ocrx_word' id='word_1_84' title='bbox 1589 1243 1763 1293; x_wconf 88' lang='lat' dir='ltr'>usque</span> <span class='ocrx_word' id='word_1_85' title='bbox 1792 1227 1848 1277; x_wconf 91' lang='lat' dir='ltr'>in</span> <span class='ocrx_word' id='word_1_86' title='bbox 1880 1226 2044 1277; x_wconf 89' lang='lat' dir='ltr'>finem</span> <span class='ocrx_word' id='word_1_87' title='bbox 2088 1225 2441 1276; x_wconf 84' lang='lat' dir='ltr'>misericordi-</span> 
     </span>
     <span class='ocr_line' id='line_1_16' title="bbox 193 1298 2436 1366; baseline -0.003 -14"><span class='ocrx_word' id='word_1_88' title='bbox 193 1311 278 1352; x_wconf 85' lang='lat' dir='ltr'>ter</span> <span class='ocrx_word' id='word_1_89' title='bbox 299 1301 507 1351; x_wconf 88' lang='lat' dir='ltr'>custodi</span> <span class='ocrx_word' id='word_1_90' title='bbox 540 1300 787 1360; x_wconf 74' lang='lat' dir='ltr'>illaesum,</span> <span class='ocrx_word' id='word_1_91' title='bbox 830 1310 891 1350; x_wconf 90' lang='lat' dir='ltr'>ut</span> <span class='ocrx_word' id='word_1_92' title='bbox 908 1301 976 1349; x_wconf 93' lang='lat' dir='ltr'>ad</span> <span class='ocrx_word' id='word_1_93' title='bbox 997 1310 1147 1350; x_wconf 80' lang='lat' dir='ltr'>tuam</span> <span class='ocrx_word' id='word_1_94' title='bbox 1180 1299 1406 1366; x_wconf 88' lang='lat' dir='ltr'>gloriam</span> <span class='ocrx_word' id='word_1_95' title='bbox 1428 1310 1479 1349; x_wconf 91' lang='lat' dir='ltr'>et</span> <span class='ocrx_word' id='word_1_96' title='bbox 1507 1299 1879 1365; x_wconf 82' lang='lat' dir='ltr'>proximorum</span> <span class='ocrx_word' id='word_1_97' title='bbox 1912 1298 2202 1348; x_wconf 88' lang='lat' dir='ltr'>utilitatem</span> <span class='ocrx_word' id='word_1_98' title='bbox 2234 1298 2436 1347; x_wconf 90' lang='lat' dir='ltr'>valeam</span> 
     </span>
     <span class='ocr_line' id='line_1_17' title="bbox 193 1369 2437 1438; baseline -0.002 -16"><span class='ocrx_word' id='word_1_99' title='bbox 193 1372 377 1422; x_wconf 84' lang='lat' dir='ltr'>verbis</span> <span class='ocrx_word' id='word_1_100' title='bbox 408 1387 635 1431; x_wconf 90' lang='lat' dir='ltr'>narrare,</span> <span class='ocrx_word' id='word_1_101' title='bbox 678 1380 730 1422; x_wconf 90' lang='lat' dir='ltr'>et</span> <span class='ocrx_word' id='word_1_102' title='bbox 756 1370 1011 1436; x_wconf 83' lang='lat' dir='ltr'>operibus</span> <span class='ocrx_word' id='word_1_103' title='bbox 1037 1371 1421 1434; x_wconf 86' lang='lat' dir='ltr'>demonstrare,</span> <span class='ocrx_word' id='word_1_104' title='bbox 1464 1381 1663 1438; x_wconf 86' lang='lat' dir='ltr'>quanta</span> <span class='ocrx_word' id='word_1_105' title='bbox 1690 1369 1963 1436; x_wconf 88' lang='lat' dir='ltr'>magnalia</span> <span class='ocrx_word' id='word_1_106' title='bbox 2005 1369 2195 1419; x_wconf 84' lang='lat' dir='ltr'>feceris</span> <span class='ocrx_word' id='word_1_107' title='bbox 2245 1369 2437 1418; x_wconf 85' lang='lat' dir='ltr'>animae</span> 
     </span>
     <span class='ocr_line' id='line_1_18' title="bbox 196 1440 2436 1508; baseline -0.001 -16"><span class='ocrx_word' id='word_1_108' title='bbox 196 1457 333 1493; x_wconf 88' lang='lat' dir='ltr'>meae</span> <span class='ocrx_word' id='word_1_109' title='bbox 361 1458 454 1508; x_wconf 92' lang='lat' dir='ltr'>per</span> <span class='ocrx_word' id='word_1_110' title='bbox 472 1451 618 1492; x_wconf 89' lang='lat' dir='ltr'>tuam</span> <span class='ocrx_word' id='word_1_111' title='bbox 647 1441 870 1507; x_wconf 86' lang='lat' dir='ltr'>gratiam</span> <span class='ocrx_word' id='word_1_112' title='bbox 896 1442 1150 1500; x_wconf 74' lang='lat' dir='ltr'>liberatae,</span> <span class='ocrx_word' id='word_1_113' title='bbox 1173 1452 1439 1508; x_wconf 85' lang='lat' dir='ltr'>quatenus</span> <span class='ocrx_word' id='word_1_114' title='bbox 1462 1452 1838 1508; x_wconf 86' lang='lat' dir='ltr'>cognoscentes</span> <span class='ocrx_word' id='word_1_115' title='bbox 1860 1440 2016 1491; x_wconf 88' lang='lat' dir='ltr'>ceteri</span> <span class='ocrx_word' id='word_1_116' title='bbox 2048 1441 2174 1506; x_wconf 86' lang='lat' dir='ltr'>quia</span> <span class='ocrx_word' id='word_1_117' title='bbox 2193 1440 2307 1490; x_wconf 85' lang='lat' dir='ltr'>haec</span> <span class='ocrx_word' id='word_1_118' title='bbox 2330 1455 2436 1488; x_wconf 83' lang='lat' dir='ltr'>mu-</span> 
     </span>
     <span class='ocr_line' id='line_1_19' title="bbox 198 1509 2433 1578; baseline -0.002 -16"><span class='ocrx_word' id='word_1_119' title='bbox 198 1512 334 1563; x_wconf 80' lang='lat' dir='ltr'>tatio</span> <span class='ocrx_word' id='word_1_120' title='bbox 369 1513 615 1562; x_wconf 84' lang='lat' dir='ltr'>dexterae</span> <span class='ocrx_word' id='word_1_121' title='bbox 631 1510 882 1574; x_wconf 48' lang='lat' dir='ltr'>Excelsa</span> <span class='ocrx_word' id='word_1_122' title='bbox 909 1526 1100 1561; x_wconf 88' lang='lat' dir='ltr'>omnes</span> <span class='ocrx_word' id='word_1_123' title='bbox 1124 1526 1248 1562; x_wconf 87' lang='lat' dir='ltr'>meo</span> <span class='ocrx_word' id='word_1_124' title='bbox 1266 1513 1515 1577; x_wconf 81' lang='lat' dir='ltr'>exemplo</span> <span class='ocrx_word' id='word_1_125' title='bbox 1542 1520 1915 1578; x_wconf 87' lang='lat' dir='ltr'>provocentur,</span> <span class='ocrx_word' id='word_1_126' title='bbox 1945 1518 2015 1569; x_wconf 88' lang='lat' dir='ltr'>et,</span> <span class='ocrx_word' id='word_1_127' title='bbox 2045 1519 2097 1559; x_wconf 92' lang='lat' dir='ltr'>te</span> <span class='ocrx_word' id='word_1_128' title='bbox 2129 1509 2433 1571; x_wconf 86' lang='lat' dir='ltr'>miserante,</span> 
     </span>
     <span class='ocr_line' id='line_1_20' title="bbox 197 1581 1158 1633; baseline -0.001 0"><span class='ocrx_word' id='word_1_129' title='bbox 197 1583 266 1633; x_wconf 87' lang='lat' dir='ltr'>ad</span> <span class='ocrx_word' id='word_1_130' title='bbox 290 1581 517 1632; x_wconf 83' lang='lat' dir='ltr'>meliora</span> <span class='ocrx_word' id='word_1_131' title='bbox 544 1591 937 1632; x_wconf 84' lang='lat' dir='ltr'>convertantur.</span> <span class='ocrx_word' id='word_1_132' title='bbox 964 1583 1158 1632; x_wconf 86' lang='lat' dir='ltr'>Amen.</span> 
     </span>
    </p>
   </div>
   <div class='ocr_carea' id='block_1_8' title="bbox 987 1959 1689 2033">
    <p class='ocr_par' dir='ltr' id='par_1_8' title="bbox 987 1959 1689 2033">
     <span class='ocr_line' id='line_1_21' title="bbox 987 1959 1689 2033; baseline -0.004 -1"><span class='ocrx_word' id='word_1_133' title='bbox 987 1960 1321 2033; x_wconf 90' lang='lat' dir='ltr'>CAPUT</span> <span class='ocrx_word' id='word_1_134' title='bbox 1372 1959 1689 2030; x_wconf 90' lang='lat' dir='ltr'><strong>XLVIII</strong></span> 
     </span>
    </p>
   </div>
   <div class='ocr_carea' id='block_1_9' title="bbox 419 2207 2204 2305">
    <p class='ocr_par' dir='ltr' id='par_1_9' title="bbox 419 2182 2204 2305">
     <span class='ocr_line' id='line_1_22' title="bbox 419 2207 2204 2305; baseline -0.001 -27"><span class='ocrx_word' id='word_1_135' title='bbox 419 2211 526 2279; x_wconf 87' lang='lat' dir='ltr'>De</span> <span class='ocrx_word' id='word_1_136' title='bbox 577 2211 943 2282; x_wconf 83' lang='lat' dir='ltr'>curatione</span> <span class='ocrx_word' id='word_1_137' title='bbox 972 2209 1374 2305; x_wconf 75' lang='lat' dir='ltr'>paralytici</span> <span class='ocrx_word' id='word_1_138' title='bbox 1409 2232 1549 2303; x_wconf 84' lang='lat' dir='ltr'>per</span> <span class='ocrx_word' id='word_1_139' title='bbox 1597 2218 1850 2279; x_wconf 86' lang='lat' dir='ltr'>tectum</span> <span class='ocrx_word' id='word_1_140' title='bbox 1900 2207 2204 2278; x_wconf 81' lang='lat' dir='ltr'>dimissi.</span> 
     </span>
    </p>
   </div>
   <div class='ocr_carea' id='block_1_10' title="bbox 707 2457 1920 2543">
    <p class='ocr_par' dir='ltr' id='par_1_10' title="bbox 707 2457 1920 2543">
     <span class='ocr_line' id='line_1_23' title="bbox 707 2457 1920 2543; baseline -0.001 -21"><span class='ocrx_word' id='word_1_141' title='bbox 707 2459 996 2523; x_wconf 86' lang='lat' dir='ltr'>Matthaei</span> <span class='ocrx_word' id='word_1_142' title='bbox 1037 2481 1178 2543; x_wconf 86' lang='lat' dir='ltr'>cap.</span> <span class='ocrx_word' id='word_1_143' title='bbox 1230 2482 1269 2542; x_wconf 87' lang='lat'><strong>9</strong></span> <span class='ocrx_word' id='word_1_144' title='bbox 1318 2472 1382 2522; x_wconf 93' lang='lat' dir='ltr'>et</span> <span class='ocrx_word' id='word_1_145' title='bbox 1428 2457 1621 2521; x_wconf 86' lang='lat' dir='ltr'>Lucae</span> <span class='ocrx_word' id='word_1_146' title='bbox 1666 2479 1805 2542; x_wconf 84' lang='lat' dir='ltr'>cap.</span> <span class='ocrx_word' id='word_1_147' title='bbox 1861 2460 1920 2521; x_wconf 84' lang='lat'>5.</span> 
     </span>
    </p>
   </div>
   <div class='ocr_carea' id='block_1_11' title="bbox 193 2696 1265 4026">
    <p class='ocr_par' dir='ltr' id='par_1_11' title="bbox 193 2696 1265 4026">
     <span class='ocr_line' id='line_1_24' title="bbox 267 2696 1265 2762; baseline 0.003 -16"><span class='ocrx_word' id='word_1_148' title='bbox 267 2712 289 2746; x_wconf 89' lang='lat'>1</span> <span class='ocrx_word' id='word_1_149' title='bbox 329 2696 443 2747; x_wconf 79' lang='lat' dir='ltr'>Cun</span> <span class='ocrx_word' id='word_1_150' title='bbox 462 2697 825 2749; x_wconf 67' lang='lat' dir='ltr'>CAanAux</span> <span class='ocrx_word' id='word_1_151' title='bbox 842 2715 1046 2762; x_wconf 63' lang='lat' dir='ltr'>cxvmis</span> <span class='ocrx_word' id='word_1_152' title='bbox 1068 2701 1265 2752; x_wconf 67' lang='lat' dir='ltr'>Donum</span> 
     </span>
     <span class='ocr_line' id='line_1_25' title="bbox 195 2769 1262 2823; baseline 0.005 -7"><span class='ocrx_word' id='word_1_153' title='bbox 195 2782 351 2817; x_wconf 56' lang='lat' dir='ltr'>mera</span> <span class='ocrx_word' id='word_1_154' title='bbox 383 2769 608 2819; x_wconf 63' lang='lat' dir='ltr'>Fufium?</span> <span class='ocrx_word' id='word_1_155' title='bbox 635 2798 699 2806; x_wconf 94' lang='lat'>—</span> <span class='ocrx_word' id='word_1_156' title='bbox 726 2771 805 2821; x_wconf 79' lang='lat' dir='ltr'>Et</span> <span class='ocrx_word' id='word_1_157' title='bbox 836 2782 967 2821; x_wconf 91' lang='lat' dir='ltr'>tunc</span> <span class='ocrx_word' id='word_1_158' title='bbox 1000 2773 1262 2823; x_wconf 77' lang='lat' dir='ltr'>Dominus</span> 
     </span>
     <span class='ocr_line' id='line_1_26' title="bbox 193 2841 1263 2907; baseline 0.005 -18"><span class='ocrx_word' id='word_1_159' title='bbox 193 2841 358 2890; x_wconf 76' lang='lat' dir='ltr'>Jesus</span> <span class='ocrx_word' id='word_1_160' title='bbox 384 2841 625 2891; x_wconf 80' lang='lat' dir='ltr'>ascendit</span> <span class='ocrx_word' id='word_1_161' title='bbox 664 2842 719 2891; x_wconf 84' lang='lat' dir='ltr'>in</span> <span class='ocrx_word' id='word_1_162' title='bbox 762 2842 1080 2907; x_wconf 83' lang='lat' dir='ltr'>naviculam,</span> <span class='ocrx_word' id='word_1_163' title='bbox 1111 2854 1173 2894; x_wconf 92' lang='lat' dir='ltr'>ut</span> <span class='ocrx_word' id='word_1_164' title='bbox 1196 2845 1263 2894; x_wconf 94' lang='lat' dir='ltr'>de</span> 
     </span>
     <span class='ocr_line' id='line_1_27' title="bbox 195 2910 1262 2964; baseline 0.002 -4"><span class='ocrx_word' id='word_1_165' title='bbox 195 2920 336 2960; x_wconf 91' lang='lat' dir='ltr'>terra</span> <span class='ocrx_word' id='word_1_166' title='bbox 361 2910 756 2960; x_wconf 87' lang='lat' dir='ltr'>Gerasenorum</span> <span class='ocrx_word' id='word_1_167' title='bbox 787 2912 982 2962; x_wconf 91' lang='lat' dir='ltr'>rediret</span> <span class='ocrx_word' id='word_1_168' title='bbox 1011 2913 1069 2962; x_wconf 92' lang='lat' dir='ltr'>in</span> <span class='ocrx_word' id='word_1_169' title='bbox 1107 2913 1262 2964; x_wconf 90' lang='lat' dir='ltr'>Gali-</span> 
     </span>
     <span class='ocr_line' id='line_1_28' title="bbox 197 2980 1260 3041; baseline 0.005 -13"><span class='ocrx_word' id='word_1_170' title='bbox 197 2980 371 3041; x_wconf 85' lang='lat' dir='ltr'>laeam,</span> <span class='ocrx_word' id='word_1_171' title='bbox 416 2980 559 3029; x_wconf 90' lang='lat' dir='ltr'>unde</span> <span class='ocrx_word' id='word_1_172' title='bbox 584 2980 711 3031; x_wconf 91' lang='lat' dir='ltr'>illuc</span> <span class='ocrx_word' id='word_1_173' title='bbox 740 2981 924 3031; x_wconf 87' lang='lat' dir='ltr'>iverat.</span> <span class='ocrx_word' id='word_1_174' title='bbox 950 2982 1260 3033; x_wconf 89' lang='lat' dir='ltr'>Secundum</span> 
     </span>
     <span class='ocr_line' id='line_1_29' title="bbox 198 3051 1263 3119; baseline 0.005 -18"><span class='ocrx_word' id='word_1_175' title='bbox 198 3051 642 3118; x_wconf 80' lang='lat' dir='ltr'>Chrysostomum</span> <span class='ocrx_word' id='word_1_176' title='bbox 655 3090 675 3115; x_wconf 91' lang='lat'><em>‚</em></span> <span class='ocrx_word' id='word_1_177' title='bbox 721 3053 934 3119; x_wconf 84' lang='lat' dir='ltr'>navigio</span> <span class='ocrx_word' id='word_1_178' title='bbox 979 3056 1263 3106; x_wconf 88' lang='lat' dir='ltr'>transierat</span> 
     </span>
     <span class='ocr_line' id='line_1_30' title="bbox 194 3122 1260 3191; baseline 0.007 -21"><span class='ocrx_word' id='word_1_179' title='bbox 194 3122 291 3189; x_wconf 89' lang='lat' dir='ltr'>qui</span> <span class='ocrx_word' id='word_1_180' title='bbox 336 3133 542 3187; x_wconf 80' lang='lat' dir='ltr'>poterat</span> <span class='ocrx_word' id='word_1_181' title='bbox 581 3125 713 3189; x_wconf 89' lang='lat' dir='ltr'>pede</span> <span class='ocrx_word' id='word_1_182' title='bbox 751 3126 1099 3191; x_wconf 81' lang='lat' dir='ltr'>pertransire3</span> <span class='ocrx_word' id='word_1_183' title='bbox 1149 3144 1260 3177; x_wconf 91' lang='lat' dir='ltr'>non</span> 
     </span>
     <span class='ocr_line' id='line_1_31' title="bbox 195 3194 1262 3261; baseline 0.003 -18"><span class='ocrx_word' id='word_1_184' title='bbox 195 3207 409 3258; x_wconf 83' lang='lat' dir='ltr'>semper</span> <span class='ocrx_word' id='word_1_185' title='bbox 428 3194 570 3243; x_wconf 88' lang='lat' dir='ltr'>enim</span> <span class='ocrx_word' id='word_1_186' title='bbox 589 3195 763 3244; x_wconf 88' lang='lat' dir='ltr'>voluit</span> <span class='ocrx_word' id='word_1_187' title='bbox 783 3197 1074 3261; x_wconf 87' lang='lat' dir='ltr'>potentiam</span> <span class='ocrx_word' id='word_1_188' title='bbox 1088 3208 1262 3247; x_wconf 89' lang='lat' dir='ltr'>osten-</span> 
     </span>
     <span class='ocr_line' id='line_1_32' title="bbox 195 3262 1261 3326; baseline 0.005 -15"><span class='ocrx_word' id='word_1_189' title='bbox 195 3262 321 3312; x_wconf 89' lang='lat' dir='ltr'>dere</span> <span class='ocrx_word' id='word_1_190' title='bbox 351 3263 408 3312; x_wconf 91' lang='lat' dir='ltr'>in</span> <span class='ocrx_word' id='word_1_191' title='bbox 432 3263 801 3326; x_wconf 82' lang='lat' dir='ltr'>mirabilibus,</span> <span class='ocrx_word' id='word_1_192' title='bbox 832 3269 901 3316; x_wconf 86' lang='lat' dir='ltr'>n&#39;e</span> <span class='ocrx_word' id='word_1_193' title='bbox 930 3267 1261 3317; x_wconf 85' lang='lat' dir='ltr'>Incarnatio-</span> 
     </span>
     <span class='ocr_line' id='line_1_33' title="bbox 197 3333 1262 3401; baseline 0.006 -19"><span class='ocrx_word' id='word_1_194' title='bbox 197 3333 287 3383; x_wconf 90' lang='lat' dir='ltr'>nis</span> <span class='ocrx_word' id='word_1_195' title='bbox 314 3345 526 3384; x_wconf 88' lang='lat' dir='ltr'>noceret</span> <span class='ocrx_word' id='word_1_196' title='bbox 550 3336 830 3401; x_wconf 85' lang='lat' dir='ltr'>mysterio.</span> <span class='ocrx_word' id='word_1_197' title='bbox 844 3338 916 3387; x_wconf 85' lang='lat' dir='ltr'>At</span> <span class='ocrx_word' id='word_1_198' title='bbox 941 3349 1146 3396; x_wconf 87' lang='lat' dir='ltr'>contra,</span> <span class='ocrx_word' id='word_1_199' title='bbox 1169 3338 1262 3388; x_wconf 88' lang='lat' dir='ltr'>ho-</span> 
     </span>
     <span class='ocr_line' id='line_1_34' title="bbox 197 3406 1262 3470; baseline 0.006 -16"><span class='ocrx_word' id='word_1_200' title='bbox 197 3406 376 3455; x_wconf 90' lang='lat' dir='ltr'>mines</span> <span class='ocrx_word' id='word_1_201' title='bbox 399 3406 560 3470; x_wconf 90' lang='lat' dir='ltr'>hujus</span> <span class='ocrx_word' id='word_1_202' title='bbox 591 3408 780 3459; x_wconf 91' lang='lat' dir='ltr'>mundi</span> <span class='ocrx_word' id='word_1_203' title='bbox 804 3409 848 3459; x_wconf 92' lang='lat' dir='ltr'>si</span> <span class='ocrx_word' id='word_1_204' title='bbox 870 3411 1037 3459; x_wconf 87' lang='lat' dir='ltr'>ullam</span> <span class='ocrx_word' id='word_1_205' title='bbox 1062 3410 1262 3460; x_wconf 89' lang='lat' dir='ltr'>habent</span> 
     </span>
     <span class='ocr_line' id='line_1_35' title="bbox 196 3476 1262 3543; baseline 0.003 -17"><span class='ocrx_word' id='word_1_206' title='bbox 196 3476 494 3542; x_wconf 87' lang='lat' dir='ltr'>potentiam</span> <span class='ocrx_word' id='word_1_207' title='bbox 517 3515 531 3535; x_wconf 92' lang='lat'><strong>‚</strong></span> <span class='ocrx_word' id='word_1_208' title='bbox 585 3493 796 3543; x_wconf 88' lang='lat' dir='ltr'>semper</span> <span class='ocrx_word' id='word_1_209' title='bbox 842 3481 1032 3530; x_wconf 86' lang='lat' dir='ltr'>volunt</span> <span class='ocrx_word' id='word_1_210' title='bbox 1073 3496 1135 3530; x_wconf 90' lang='lat' dir='ltr'>ea</span> <span class='ocrx_word' id='word_1_211' title='bbox 1187 3482 1262 3531; x_wconf 89' lang='lat' dir='ltr'>uti</span> 
     </span>
     <span class='ocr_line' id='line_1_36' title="bbox 195 3545 1262 3612; baseline 0.005 -17"><span class='ocrx_word' id='word_1_212' title='bbox 195 3545 373 3611; x_wconf 89' lang='lat' dir='ltr'>magis</span> <span class='ocrx_word' id='word_1_213' title='bbox 400 3562 562 3611; x_wconf 88' lang='lat' dir='ltr'>quam</span> <span class='ocrx_word' id='word_1_214' title='bbox 606 3548 826 3599; x_wconf 84' lang='lat' dir='ltr'>veritate</span> <span class='ocrx_word' id='word_1_215' title='bbox 869 3550 1104 3612; x_wconf 82' lang='lat' dir='ltr'>iustitiae.</span> <span class='ocrx_word' id='word_1_216' title='bbox 1137 3550 1262 3600; x_wconf 88' lang='lat' dir='ltr'>Ideo</span> 
     </span>
     <span class='ocr_line' id='line_1_37' title="bbox 194 3615 1259 3680; baseline 0.006 -15"><span class='ocrx_word' id='word_1_217' title='bbox 194 3615 358 3665; x_wconf 88' lang='lat' dir='ltr'>etiam</span> <span class='ocrx_word' id='word_1_218' title='bbox 381 3617 629 3666; x_wconf 89' lang='lat' dir='ltr'>vehiculo</span> <span class='ocrx_word' id='word_1_219' title='bbox 646 3618 796 3668; x_wconf 88' lang='lat' dir='ltr'>navis</span> <span class='ocrx_word' id='word_1_220' title='bbox 819 3620 1049 3671; x_wconf 88' lang='lat' dir='ltr'>transire</span> <span class='ocrx_word' id='word_1_221' title='bbox 1068 3621 1259 3680; x_wconf 83' lang='lat' dir='ltr'>voluit,</span> 
     </span>
     <span class='ocr_line' id='line_1_38' title="bbox 195 3687 1261 3756; baseline 0.008 -21"><span class='ocrx_word' id='word_1_222' title='bbox 195 3695 259 3736; x_wconf 85' lang='lat' dir='ltr'>ut</span> <span class='ocrx_word' id='word_1_223' title='bbox 273 3702 373 3736; x_wconf 89' lang='lat' dir='ltr'>nos</span> <span class='ocrx_word' id='word_1_224' title='bbox 405 3687 615 3737; x_wconf 89' lang='lat' dir='ltr'>doceret</span> <span class='ocrx_word' id='word_1_225' title='bbox 639 3688 760 3737; x_wconf 86' lang='lat' dir='ltr'>navi</span> <span class='ocrx_word' id='word_1_226' title='bbox 781 3699 834 3739; x_wconf 92' lang='lat' dir='ltr'>et</span> <span class='ocrx_word' id='word_1_227' title='bbox 866 3690 1119 3756; x_wconf 88' lang='lat' dir='ltr'>suffragio</span> <span class='ocrx_word' id='word_1_228' title='bbox 1146 3707 1261 3756; x_wconf 88' lang='lat' dir='ltr'>poe-</span> 
     </span>
     <span class='ocr_line' id='line_1_39' title="bbox 197 3756 1259 3828; baseline 0.007 -22"><span class='ocrx_word' id='word_1_229' title='bbox 197 3756 443 3808; x_wconf 84' lang='lat' dir='ltr'>nitentiae</span> <span class='ocrx_word' id='word_1_230' title='bbox 471 3758 551 3808; x_wconf 89' lang='lat' dir='ltr'>uti</span> <span class='ocrx_word' id='word_1_231' title='bbox 599 3759 657 3808; x_wconf 92' lang='lat' dir='ltr'>in</span> <span class='ocrx_word' id='word_1_232' title='bbox 703 3759 838 3810; x_wconf 91' lang='lat' dir='ltr'>mari</span> <span class='ocrx_word' id='word_1_233' title='bbox 886 3762 1048 3812; x_wconf 62' lang='lat' dir='ltr'>s‘eculi</span> <span class='ocrx_word' id='word_1_234' title='bbox 1079 3764 1259 3828; x_wconf 85' lang='lat' dir='ltr'>hujus,</span> 
     </span>
     <span class='ocr_line' id='line_1_40' title="bbox 196 3830 1262 3900; baseline 0.005 -20"><span class='ocrx_word' id='word_1_235' title='bbox 196 3840 259 3881; x_wconf 90' lang='lat' dir='ltr'>ut</span> <span class='ocrx_word' id='word_1_236' title='bbox 304 3830 362 3880; x_wconf 94' lang='lat' dir='ltr'>in</span> <span class='ocrx_word' id='word_1_237' title='bbox 389 3831 658 3883; x_wconf 87' lang='lat' dir='ltr'>civitatem</span> <span class='ocrx_word' id='word_1_238' title='bbox 682 3834 950 3884; x_wconf 81' lang='lat' dir='ltr'>coelestem</span> <span class='ocrx_word' id='word_1_239' title='bbox 979 3836 1262 3900; x_wconf 87' lang='lat' dir='ltr'>pervenia-</span> 
     </span>
     <span class='ocr_line' id='line_1_41' title="bbox 195 3902 1261 3971; baseline 0.005 -21"><span class='ocrx_word' id='word_1_240' title='bbox 195 3917 350 3964; x_wconf 90' lang='lat' dir='ltr'>mus;</span> <span class='ocrx_word' id='word_1_241' title='bbox 407 3902 523 3952; x_wconf 88' lang='lat' dir='ltr'>haec</span> <span class='ocrx_word' id='word_1_242' title='bbox 571 3902 722 3952; x_wconf 91' lang='lat' dir='ltr'>enim</span> <span class='ocrx_word' id='word_1_243' title='bbox 795 3903 947 3954; x_wconf 89' lang='lat' dir='ltr'>navis</span> <span class='ocrx_word' id='word_1_244' title='bbox 993 3906 1261 3971; x_wconf 84' lang='lat' dir='ltr'>poeniten-</span> 
     </span>
     <span class='ocr_line' id='line_1_42' title="bbox 195 3972 1259 4026; baseline 0.005 -5"><span class='ocrx_word' id='word_1_245' title='bbox 195 3972 285 4023; x_wconf 86' lang='lat' dir='ltr'>tiae</span> <span class='ocrx_word' id='word_1_246' title='bbox 314 3973 368 4021; x_wconf 86' lang='lat' dir='ltr'>in</span> <span class='ocrx_word' id='word_1_247' title='bbox 413 3972 679 4023; x_wconf 80' lang='lat' dir='ltr'>civitatem</span> <span class='ocrx_word' id='word_1_248' title='bbox 717 3974 983 4025; x_wconf 86' lang='lat' dir='ltr'>coelestem</span> <span class='ocrx_word' id='word_1_249' title='bbox 1028 3975 1259 4026; x_wconf 87' lang='lat' dir='ltr'>deducit.</span> 
     </span>
    </p>
   </div>
   <div class='ocr_carea' id='block_1_12' title="bbox 1367 2696 2508 3832">
    <p class='ocr_par' dir='ltr' id='par_1_12' title="bbox 1367 2696 2508 3832">
     <span class='ocr_line' id='line_1_43' title="bbox 1371 2696 2433 2766; baseline -0.004 -15"><span class='ocrx_word' id='word_1_250' title='bbox 1371 2702 1499 2752; x_wconf 88' lang='lat' dir='ltr'>Ideo</span> <span class='ocrx_word' id='word_1_251' title='bbox 1524 2698 1803 2766; x_wconf 86' lang='lat' dir='ltr'>sequitur:</span> <span class='ocrx_word' id='word_1_252' title='bbox 1826 2698 1903 2748; x_wconf 79' lang='lat' dir='ltr'>Et</span> <span class='ocrx_word' id='word_1_253' title='bbox 1929 2696 2069 2747; x_wconf 75' lang='lat' dir='ltr'>venit</span> <span class='ocrx_word' id='word_1_254' title='bbox 2090 2696 2144 2747; x_wconf 88' lang='lat' dir='ltr'>in</span> <span class='ocrx_word' id='word_1_255' title='bbox 2167 2696 2433 2748; x_wconf 83' lang='lat' dir='ltr'>civitatem</span> 
     </span>
     <span class='ocr_line' id='line_1_44' title="bbox 1369 2768 2435 2834; baseline -0.003 -13"><span class='ocrx_word' id='word_1_256' title='bbox 1369 2786 1543 2834; x_wconf 82' lang='lat' dir='ltr'>suam,</span> <span class='ocrx_word' id='word_1_257' title='bbox 1573 2770 1774 2820; x_wconf 87' lang='lat' dir='ltr'>scilicet</span> <span class='ocrx_word' id='word_1_258' title='bbox 1816 2768 2210 2834; x_wconf 87' lang='lat' dir='ltr'>Capharnaum‚</span> <span class='ocrx_word' id='word_1_259' title='bbox 2246 2768 2303 2818; x_wconf 91' lang='lat' dir='ltr'>in</span> <span class='ocrx_word' id='word_1_260' title='bbox 2327 2784 2435 2834; x_wconf 88' lang='lat' dir='ltr'>qua</span> 
     </span>
     <span class='ocr_line' id='line_1_45' title="bbox 1368 2839 2436 2907; baseline -0.003 -16"><span class='ocrx_word' id='word_1_261' title='bbox 1368 2840 1744 2907; x_wconf 85' lang='lat' dir='ltr'>frequentibus</span> <span class='ocrx_word' id='word_1_262' title='bbox 1786 2839 2086 2890; x_wconf 87' lang='lat' dir='ltr'>conversari</span> <span class='ocrx_word' id='word_1_263' title='bbox 2135 2840 2338 2889; x_wconf 91' lang='lat' dir='ltr'>solebat</span> <span class='ocrx_word' id='word_1_264' title='bbox 2383 2849 2436 2889; x_wconf 91' lang='lat' dir='ltr'>et</span> 
     </span>
     <span class='ocr_line' id='line_1_46' title="bbox 1369 2911 2432 2977; baseline -0.003 -14"><span class='ocrx_word' id='word_1_265' title='bbox 1369 2914 1630 2963; x_wconf 88' lang='lat' dir='ltr'>miracula</span> <span class='ocrx_word' id='word_1_266' title='bbox 1660 2912 1889 2977; x_wconf 86' lang='lat' dir='ltr'>operari.</span> <span class='ocrx_word' id='word_1_267' title='bbox 1933 2911 2240 2961; x_wconf 86' lang='lat' dir='ltr'>Secundum</span> <span class='ocrx_word' id='word_1_268' title='bbox 2271 2926 2432 2961; x_wconf 90' lang='lat' dir='ltr'>eum-</span> 
     </span>
     <span class='ocr_line' id='line_1_47' title="bbox 1367 2984 2432 3048; baseline -0.002 -13"><span class='ocrx_word' id='word_1_269' title='bbox 1367 2987 1492 3036; x_wconf 88' lang='lat' dir='ltr'>dem</span> <span class='ocrx_word' id='word_1_270' title='bbox 1509 2985 1971 3048; x_wconf 80' lang='lat' dir='ltr'>Chrrsostomum‚</span> <span class='ocrx_word' id='word_1_271' title='bbox 1987 2984 2253 3035; x_wconf 78' lang='lat' dir='ltr'>civitatem</span> <span class='ocrx_word' id='word_1_272' title='bbox 2279 2998 2432 3034; x_wconf 77' lang='lat' dir='ltr'>suam</span> 
     </span>
     <span class='ocr_line' id='line_1_48' title="bbox 1367 3055 2433 3121; baseline -0.003 -15"><span class='ocrx_word' id='word_1_273' title='bbox 1367 3058 1458 3107; x_wconf 82' lang='lat' dir='ltr'>hic</span> <span class='ocrx_word' id='word_1_274' title='bbox 1501 3056 1633 3106; x_wconf 88' lang='lat' dir='ltr'>dicit</span> <span class='ocrx_word' id='word_1_275' title='bbox 1668 3055 2065 3121; x_wconf 80' lang='lat' dir='ltr'>Capharnaum,</span> <span class='ocrx_word' id='word_1_276' title='bbox 2108 3070 2293 3120; x_wconf 90' lang='lat' dir='ltr'>quam,</span> <span class='ocrx_word' id='word_1_277' title='bbox 2321 3070 2433 3104; x_wconf 87' lang='lat' dir='ltr'>non</span> 
     </span>
     <span class='ocr_line' id='line_1_49' title="bbox 1369 3126 2427 3185; baseline -0.002 -8"><span class='ocrx_word' id='word_1_278' title='bbox 1369 3126 1656 3185; x_wconf 83' lang='lat' dir='ltr'>nascendO,</span> <span class='ocrx_word' id='word_1_279' title='bbox 1678 3126 1770 3175; x_wconf 90' lang='lat' dir='ltr'>sed</span> <span class='ocrx_word' id='word_1_280' title='bbox 1791 3126 2062 3176; x_wconf 85' lang='lat' dir='ltr'>miraculis</span> <span class='ocrx_word' id='word_1_281' title='bbox 2091 3126 2427 3184; x_wconf 84' lang='lat' dir='ltr'>illustrandO,</span> 
     </span>
     <span class='ocr_line' id='line_1_50' title="bbox 1368 3194 2431 3262; baseline -0.004 -15"><span class='ocrx_word' id='word_1_282' title='bbox 1368 3212 1523 3248; x_wconf 81' lang='lat' dir='ltr'>suam</span> <span class='ocrx_word' id='word_1_283' title='bbox 1550 3196 1664 3262; x_wconf 84' lang='lat' dir='ltr'>ipse</span> <span class='ocrx_word' id='word_1_284' title='bbox 1685 3194 1896 3246; x_wconf 88' lang='lat' dir='ltr'>fecerat.</span> <span class='ocrx_word' id='word_1_285' title='bbox 1920 3196 2042 3246; x_wconf 83' lang='lat' dir='ltr'>Alia</span> <span class='ocrx_word' id='word_1_286' title='bbox 2064 3194 2286 3260; x_wconf 88' lang='lat' dir='ltr'>quidem</span> <span class='ocrx_word' id='word_1_287' title='bbox 2303 3209 2431 3244; x_wconf 91' lang='lat' dir='ltr'>eum</span> 
     </span>
     <span class='ocr_line' id='line_1_51' title="bbox 1367 3265 2426 3327; baseline -0.002 -9"><span class='ocrx_word' id='word_1_288' title='bbox 1367 3267 1574 3327; x_wconf 87' lang='lat' dir='ltr'>extulit,</span> <span class='ocrx_word' id='word_1_289' title='bbox 1598 3267 1654 3316; x_wconf 89' lang='lat' dir='ltr'>id</span> <span class='ocrx_word' id='word_1_290' title='bbox 1682 3277 1763 3317; x_wconf 89' lang='lat' dir='ltr'>est</span> <span class='ocrx_word' id='word_1_291' title='bbox 1784 3277 1932 3317; x_wconf 87' lang='lat' dir='ltr'>extra</span> <span class='ocrx_word' id='word_1_292' title='bbox 1957 3266 2012 3315; x_wconf 89' lang='lat' dir='ltr'>in</span> <span class='ocrx_word' id='word_1_293' title='bbox 2049 3266 2224 3315; x_wconf 90' lang='lat' dir='ltr'>lucem</span> <span class='ocrx_word' id='word_1_294' title='bbox 2252 3265 2426 3324; x_wconf 84' lang='lat' dir='ltr'>duxit,</span> 
     </span>
     <span class='ocr_line' id='line_1_52' title="bbox 1368 3336 2429 3402; baseline 0 -15"><span class='ocrx_word' id='word_1_295' title='bbox 1368 3348 1431 3388; x_wconf 91' lang='lat' dir='ltr'>ut</span> <span class='ocrx_word' id='word_1_296' title='bbox 1456 3338 1805 3402; x_wconf 78' lang='lat' dir='ltr'>Bethlehem3</span> <span class='ocrx_word' id='word_1_297' title='bbox 1833 3338 1937 3387; x_wconf 91' lang='lat' dir='ltr'>alia</span> <span class='ocrx_word' id='word_1_298' title='bbox 1976 3347 2156 3387; x_wconf 89' lang='lat' dir='ltr'>autem</span> <span class='ocrx_word' id='word_1_299' title='bbox 2187 3336 2429 3396; x_wconf 88' lang='lat' dir='ltr'>nutrivit,</span> 
     </span>
     <span class='ocr_line' id='line_1_53' title="bbox 1369 3409 2428 3474; baseline 0 -13"><span class='ocrx_word' id='word_1_300' title='bbox 1369 3422 1429 3461; x_wconf 89' lang='lat' dir='ltr'>ut</span> <span class='ocrx_word' id='word_1_301' title='bbox 1467 3411 1761 3474; x_wconf 82' lang='lat' dir='ltr'>Nazareth3</span> <span class='ocrx_word' id='word_1_302' title='bbox 1805 3409 1909 3461; x_wconf 84' lang='lat' dir='ltr'>alia</span> <span class='ocrx_word' id='word_1_303' title='bbox 1937 3420 2116 3460; x_wconf 89' lang='lat' dir='ltr'>autem</span> <span class='ocrx_word' id='word_1_304' title='bbox 2139 3410 2235 3460; x_wconf 92' lang='lat' dir='ltr'>diu</span> <span class='ocrx_word' id='word_1_305' title='bbox 2265 3410 2428 3461; x_wconf 87' lang='lat' dir='ltr'>inha-</span> 
     </span>
     <span class='ocr_line' id='line_1_54' title="bbox 1367 3480 2430 3546; baseline -0.001 -15"><span class='ocrx_word' id='word_1_306' title='bbox 1367 3481 1632 3532; x_wconf 87' lang='lat' dir='ltr'>bitantem</span> <span class='ocrx_word' id='word_1_307' title='bbox 1673 3481 1881 3539; x_wconf 88' lang='lat' dir='ltr'>habuit,</span> <span class='ocrx_word' id='word_1_308' title='bbox 1929 3490 1990 3529; x_wconf 89' lang='lat' dir='ltr'>ut</span> <span class='ocrx_word' id='word_1_309' title='bbox 2035 3480 2430 3546; x_wconf 82' lang='lat' dir='ltr'>Capharnaum.</span> 
     </span>
     <span class='ocr_line' id='line_1_55' title="bbox 1367 3550 2433 3617; baseline 0.001 -16"><span class='ocrx_word' id='word_1_310' title='bbox 1367 3552 1520 3601; x_wconf 89' lang='lat' dir='ltr'>Hanc</span> <span class='ocrx_word' id='word_1_311' title='bbox 1542 3552 1691 3602; x_wconf 90' lang='lat' dir='ltr'>enim</span> <span class='ocrx_word' id='word_1_312' title='bbox 1708 3551 1978 3601; x_wconf 80' lang='lat' dir='ltr'>civitatem</span> <span class='ocrx_word' id='word_1_313' title='bbox 1994 3551 2168 3616; x_wconf 87' lang='lat' dir='ltr'>magis</span> <span class='ocrx_word' id='word_1_314' title='bbox 2188 3550 2433 3617; x_wconf 88' lang='lat' dir='ltr'>frequen-</span> 
     </span>
     <span class='ocr_line' id='line_1_56' title="bbox 1367 3623 2441 3683; baseline 0 -9"><span class='ocrx_word' id='word_1_315' title='bbox 1367 3625 1500 3674; x_wconf 89' lang='lat' dir='ltr'>tavit</span> <span class='ocrx_word' id='word_1_316' title='bbox 1521 3624 1943 3683; x_wconf 82' lang='lat' dir='ltr'>conversatione,</span> <span class='ocrx_word' id='word_1_317' title='bbox 1967 3633 2019 3673; x_wconf 90' lang='lat' dir='ltr'>et</span> <span class='ocrx_word' id='word_1_318' title='bbox 2046 3623 2101 3673; x_wconf 92' lang='lat' dir='ltr'>in</span> <span class='ocrx_word' id='word_1_319' title='bbox 2140 3624 2441 3674; x_wconf 91' lang='lat' dir='ltr'>miraculo--</span> 
     </span>
     <span class='ocr_line' id='line_1_57' title="bbox 1367 3694 2508 3761; baseline 0 -16"><span class='ocrx_word' id='word_1_320' title='bbox 1367 3711 1494 3745; x_wconf 90' lang='lat' dir='ltr'>rum</span> <span class='ocrx_word' id='word_1_321' title='bbox 1533 3694 1844 3761; x_wconf 86' lang='lat' dir='ltr'>operatione</span> <span class='ocrx_word' id='word_1_322' title='bbox 1870 3733 1888 3758; x_wconf 87' lang='lat'>,</span> <span class='ocrx_word' id='word_1_323' title='bbox 1945 3695 2090 3761; x_wconf 90' lang='lat' dir='ltr'>quia,</span> <span class='ocrx_word' id='word_1_324' title='bbox 2134 3696 2438 3746; x_wconf 85' lang='lat' dir='ltr'>secundum·</span> <span class='ocrx_word' id='word_1_325' title='bbox 2502 3705 2508 3710; x_wconf 86' lang='grc'><em>’</em></span> 
     </span>
     <span class='ocr_line' id='line_1_58' title="bbox 1367 3765 2444 3832; baseline -0.001 -15"><span class='ocrx_word' id='word_1_326' title='bbox 1367 3766 1749 3831; x_wconf 83' lang='lat' dir='ltr'>Augustinum,</span> <span class='ocrx_word' id='word_1_327' title='bbox 1785 3774 1895 3815; x_wconf 86' lang='lat' dir='ltr'>erat</span> <span class='ocrx_word' id='word_1_328' title='bbox 1937 3765 2091 3832; x_wconf 91' lang='lat' dir='ltr'>quasi</span> <span class='ocrx_word' id='word_1_329' title='bbox 2122 3767 2444 3832; x_wconf 85' lang='lat' dir='ltr'>metropolis.</span> 
     </span>
    </p>
   </div>
   <div class='ocr_carea' id='block_1_13' title="bbox 1330 3835 2433 3902">
    <p class='ocr_par' dir='ltr' id='par_1_13' title="bbox 1330 3835 2433 3902">
     <span class='ocr_line' id='line_1_59' title="bbox 1330 3835 2433 3902; baseline -0.001 -14"><span class='ocrx_word' id='word_1_330' title='bbox 1330 3848 1420 3888; x_wconf 88' lang='lat' dir='ltr'>·et</span> <span class='ocrx_word' id='word_1_331' title='bbox 1475 3835 1743 3902; x_wconf 90' lang='lat' dir='ltr'>insignior</span> <span class='ocrx_word' id='word_1_332' title='bbox 1787 3837 1971 3889; x_wconf 88' lang='lat' dir='ltr'>civitas</span> <span class='ocrx_word' id='word_1_333' title='bbox 2014 3838 2247 3889; x_wconf 83' lang='lat' dir='ltr'>Galilaeae</span> <span class='ocrx_word' id='word_1_334' title='bbox 2271 3876 2287 3897; x_wconf 86' lang='lat'>,</span> <span class='ocrx_word' id='word_1_335' title='bbox 2338 3838 2433 3888; x_wconf 91' lang='lat' dir='ltr'>ubi</span> 
     </span>
    </p>
   </div>
   <div class='ocr_carea' id='block_1_14' title="bbox 1369 3908 2440 4046">
    <p class='ocr_par' dir='ltr' id='par_1_14' title="bbox 1369 3908 2440 4046">
     <span class='ocr_line' id='line_1_60' title="bbox 1369 3908 2435 3974; baseline 0.003 -17"><span class='ocrx_word' id='word_1_336' title='bbox 1369 3908 1728 3974; x_wconf 90' lang='lat' dir='ltr'>plurimorum</span> <span class='ocrx_word' id='word_1_337' title='bbox 1764 3925 2027 3960; x_wconf 83' lang='lat' dir='ltr'>concursu</span> <span class='ocrx_word' id='word_1_338' title='bbox 2068 3909 2200 3961; x_wconf 87' lang='lat' dir='ltr'>fides</span> <span class='ocrx_word' id='word_1_339' title='bbox 2240 3921 2294 3962; x_wconf 91' lang='lat' dir='ltr'>et</span> <span class='ocrx_word' id='word_1_340' title='bbox 2331 3911 2435 3960; x_wconf 89' lang='lat' dir='ltr'>do·-</span> 
     </span>
     <span class='ocr_line' id='line_1_61' title="bbox 1369 3978 2440 4046; baseline 0.003 -18"><span class='ocrx_word' id='word_1_341' title='bbox 1369 3978 1544 4029; x_wconf 90' lang='lat' dir='ltr'>ctrina</span> <span class='ocrx_word' id='word_1_342' title='bbox 1575 3979 1688 4043; x_wconf 85' lang='lat' dir='ltr'>ejus</span> <span class='ocrx_word' id='word_1_343' title='bbox 1716 3979 1910 4031; x_wconf 89' lang='lat' dir='ltr'>clarius</span> <span class='ocrx_word' id='word_1_344' title='bbox 1941 3991 2158 4046; x_wconf 89' lang='lat' dir='ltr'>pateret,</span> <span class='ocrx_word' id='word_1_345' title='bbox 2184 3990 2237 4031; x_wconf 91' lang='lat' dir='ltr'>et</span> <span class='ocrx_word' id='word_1_346' title='bbox 2266 3981 2440 4031; x_wconf 88' lang='lat' dir='ltr'>mira-</span> 
     </span>
    </p>
   </div>
  </div>
 </body>
</html>
