2784 4452
319 335 419 386 326

315 451 734 502 satisfactionem
779 453 906 501 laeso
943 451 1237 501 faciendam
1271 450 1381 500 im-

320 523 487 588 ponit.
518 523 806 572 Sciendum
838 533 917 572 est
946 523 1126 581 etiarn,
1166 521 1310 587 quod
1337 520 1382 571 si

320 595 516 646 offensa
549 607 675 646 nota
718 607 801 646 est
848 595 1013 655 fratri,
1068 594 1386 660 postulanda

320 677 399 717 est
456 667 857 728 reconciliatio;
917 666 963 715 si
1005 682 1132 716 vero
1169 667 1387 715 abscon·—

322 738 450 798 dita,
499 754 609 787 non
652 748 837 787 teneor
879 735 982 786 sibi
1025 736 1385 795 manifestare,

323 824 390 857 ne
443 809 736 858 concitetur
764 809 829 857 ad
862 807 1014 867 iram,
1062 807 1152 856 sed
1196 817 1388 872 postu-

322 879 481 928 landa
530 889 613 928 est
657 894 686 927 a
736 879 864 937 Dee,
908 887 963 927 et
1001 878 1390 927 manifestanda

324 951 600 1001 sacerdoti.
631 952 714 1010 Et,
749 952 1039 1001 secundum
1069 951 1394 1019 Chrysosto-

325 1037 482 1085 mum,
526 1020 572 1070 si
609 1020 845 1085 cogitatu
882 1020 1173 1080 offendisti,
1201 1036 1390 1070 recon-

326 1092 511 1141 ciliare
529 1092 760 1157 cogitatu
785 1108 798 1154 ;
831 1093 874 1142 si
901 1094 1079 1143 verbis
1104 1092 1390 1153 offendisti,

326 1163 669 1212 reconciliare
737 1164 950 1227 verbis;
1031 1164 1075 1214 si
1140 1164 1395 1230 operibus

327 1232 595 1283 offendisti
622 1273 635 1292 ,
714 1235 1053 1285 reconciliare
1124 1235 1395 1300 operibus,

329 1306 512 1358 Omne
550 1308 696 1357 enim
737 1319 1029 1374 peccatum,
1084 1326 1192 1375 quo
1233 1308 1395 1359 modo

329 1376 703 1439 committitur,
748 1380 936 1429 eodem
982 1381 1143 1430 modo
1183 1380 1248 1429 de
1278 1378 1396 1444 ipso

331 1447 639 1511 poenitentia
692 1451 887 1516 agitur.
952 1453 1019 1502 Et
1074 1452 1117 1501 si
1175 1450 1399 1501 offendit

330 1516 456 1583 quis
509 1520 674 1569 verbo
712 1522 1060 1580 detrahendO,
1107 1522 1264 1572 debet
1307 1536 1398 1570 re·-

332 1591 613 1641 conciliare
668 1592 864 1643 famam
902 1595 1249 1644 restituendo,
1297 1594 1399 1643 At-

333 1662 494 1711 tende
533 1663 669 1714 bene
720 1665 838 1724 ista,
892 1666 1021 1730 quia
1068 1667 1268 1716 relucet
1312 1665 1401 1714 hic

334 1734 472 1784 circa
521 1752 620 1786 nos
655 1754 847 1803 magna
886 1739 984 1788 Dei
1016 1738 1400 1797 misericordia,

336 1806 550 1869 quando
615 1808 905 1858 hominum
971 1808 1225 1859 utilitates
1282 1809 1404 1873 plus

337 1877 530 1941 aspicit
553 1895 716 1944 quam
749 1897 877 1931 suos
909 1882 1161 1938 honoreS.
1194 1891 1247 1932 et
1284 1882 1405 1947 plus

338 1948 515 2014 diligit
567 1950 810 2002 fidelium
856 1954 1192 2004 concordiam
1240 1969 1404 2020 quam

339 2034 566 2071 munera
589 2022 693 2071 sibi
719 2023 911 2074 oblata.
945 2025 1099 2075 Unde
1124 2025 1405 2092 Chryses-

340 2096 514 2141 tomus
537 2109 556 2141 .·
588 2110 615 2138 «
654 2093 706 2143 O
742 2094 1119 2144 admirabilem
1169 2093 1408 2159 benigni·

338 2161 521 2221 tatem,
560 2173 721 2230 atque
768 2164 1091 2215 ineffabilem
1133 2180 1258 2231 erga
1301 2165 1409 2213 ho-

341 2233 517 2285 mines
542 2252 781 2287 amorem
802 2239 926 2289 Dei!
955 2241 1227 2288 Honorem
1248 2253 1409 2287 suum

342 2308 586 2373 despicit,
633 2311 764 2360 dum
803 2311 858 2360 in
892 2312 1140 2377 proximo
1177 2310 1412 2361 charita—

344 2391 454 2431 tem
483 2384 725 2449 requirit.
766 2385 917 2435 Nihil
948 2387 1095 2435 enim
1130 2386 1204 2435 ita
1237 2385 1414 2434 studet

345 2452 506 2513 DeuS,
547 2465 607 2503 ut
643 2470 741 2504 nos
772 2456 978 2505 mutuis
1006 2455 1165 2505 nobis
1194 2454 1416 2505 charita-

346 2525 417 2573 tis
448 2525 677 2577 nexibus
725 2528 1017 2594 colligare:
1057 2537 1271 2593 propter
1314 2527 1417 2576 hoc

350 2598 496 2646 enim
542 2598 677 2649 facta
719 2611 847 2650 sunt
888 2601 1086 2660 omnia,
1126 2600 1322 2650 idcirco
1366 2610 1418 2649 et

350 2667 492 2717 Deus
517 2668 681 2719 homo
704 2669 874 2720 factus
898 2680 1004 2730 est,
1046 2681 1204 2736 atque
1233 2670 1419 2719 omnia

352 2738 443 2788 illa
470 2742 651 2805 gessit,
684 2752 742 2792 ut
775 2760 876 2793 nos
915 2743 967 2792 in
992 2759 1161 2792 unum
1190 2757 1419 2807 congre·-

351 2822 534 2876 garet:
573 2833 601 2861 1>
633 2815 745 2865 haec
778 2816 1220 2882 chrysostomus.
1254 2815 1421 2863 Relu-

353 2893 438 2932 cet
467 2893 520 2934 et
548 2885 637 2935 hic
660 2886 1015 2937 nihilominus
1048 2886 1299 2937 severitas
1323 2884 1421 2934 Dei

354 2969 568 3021 magna,
601 2959 815 3023 quando
851 2958 1270 3009 discordantium
1300 2968 1423 3008 vota

356 3036 562 3076 recusat
616 3037 669 3077 et
714 3045 954 3079 munera.
999 3029 1155 3079 Unde
1200 3028 1422 3093 Grego-

356 3095 474 3145 rius
494 3113 511 3146 .·
541 3115 568 3142 «
594 3098 730 3147 Ecce
758 3114 784 3147 a
808 3097 1244 3148 discordantibus
1281 3096 1425 3146 acci-

287 3208 292 3213 .
358 3182 481 3231 pere
530 3184 640 3218 non
686 3170 800 3219 vult
846 3168 1204 3229 sacrificium,
1261 3169 1423 3219 holo-

357 3248 601 3290 caustum
658 3240 926 3306 suscipere
994 3252 1217 3291 recusat.
1286 3241 1427 3291 Hinc

359 3323 487 3374 ergo
543 3310 852 3376 perpendite
902 3320 1167 3376 quantum
1208 3310 1281 3361 sit
1318 3326 1428 3360 ma-

359 3379 474 3428 lum
529 3381 824 3441 discordiae,
896 3390 1113 3446 propter
1168 3381 1314 3446 quod
1376 3391 1429 3431 et

361 3447 494 3498 illud
522 3450 785 3516 abjicitur,
822 3466 914 3516 per
944 3449 1089 3515 quod
1133 3451 1287 3515 culpa
1329 3466 1422 3500 re-

360 3520 583 3571 laxatur.
620 3541 647 3569 »
703 3524 780 3572 De
817 3522 919 3572 hoc
959 3520 1102 3570 malo
1147 3520 1430 3570 discordiae

364 3588 446 3639 sic
475 3590 606 3640 dicit
638 3592 953 3659 Cyprianus
976 3607 994 3641 .·
1035 3608 1063 3636 ει
1104 3590 1431 3640 Discordans

361 3670 419 3710 et
459 3661 744 3724 dissidenS,
781 3674 832 3714 et
870 3678 1054 3729 pacem
1087 3678 1213 3712 cum
1249 3662 1432 3712 fratri-

369 3734 473 3782 bus
511 3749 621 3783 non
659 3735 879 3795 habens,
921 3750 1017 3785 nec
1074 3734 1120 3784 si
1186 3750 1283 3800 pro
1330 3751 1434 3784 no-

373 3803 521 3853 mine
544 3805 747 3856 Christi
771 3809 977 3857 occisus
1007 3805 1184 3866 fuerit,
1210 3806 1436 3856 crimine

375 3873 727 3926 dissensionis
770 3877 1015 3928 fraternae
1062 3880 1256 3943 poterit
1308 3893 1435 3927 eva-

376 3942 517 3993 dere.
550 3945 718 4003 Quale
744 3946 998 3997 delictum
1032 3958 1112 3998 est
1148 3947 1296 4013 quod
1344 3961 1441 3996 nec

896 336 1134 386 PRIMAE
1171 333 1422 384 PARTIS
1451 334 1684 384 CAPUT
1715 336 1950 386 XXXIV.

1492 450 1761 516 baptismo
1814 449 2091 517 sanguinis
2143 445 2318 516 potest
2375 443 2567 501 ablui?

1492 524 1663 583 Quale
1704 524 1909 573 crimen
1962 533 2059 583 est,
2110 525 2256 589 quod
2302 522 2567 589 martyrio

1491 609 1602 642 non
1632 604 1806 659 potest
1828 593 2027 659 expiari
2051 594 2070 643 ἲ
2092 613 2117 640 n
2148 595 2215 643 Et
2238 593 2377 652 ideo,
2402 604 2464 643 ut
2491 593 2571 643 ait

1494 664 1915 730 chrysostomus
1932 682 1949 713 .-
1965 683 1992 709 ‹<
2009 665 2232 713 Munera
2250 664 2383 714 Abel
2397 678 2574 714 susce-

1493 744 1582 799 pta
1606 745 1733 784 sunt
1757 751 1786 785 a
1808 736 1937 795 De0,
1965 734 2097 784 Cain
2120 737 2417 800 reprobata,
2441 735 2574 801 quia

1494 809 1627 858 Abel
1676 824 1808 873 pura
1849 825 1908 858 ac
1952 809 2188 874 simplici
2240 819 2424 859 mente
2454 810 2573 859 Do·

1496 879 1648 928 mino
1677 894 1902 929 munera
1937 879 2225 942 offerebat;
2273 879 2406 929 Cain
2443 894 2576 929 vero

1498 951 1632 1001 iram
1709 951 1962 1001 adversus
2033 951 2251 1001 fratrem
2316 952 2573 1015 tenebat;

1497 1032 1549 1072 et
1606 1023 1725 1072 ideo
1779 1022 1871 1072 ille
1921 1022 2123 1088 placuit
2187 1023 2242 1072 in
2310 1037 2576 1075 munere,

1498 1095 1592 1161 qui
1645 1096 1881 1160 placebat
1935 1095 1992 1145 in
2043 1096 2217 1146 corde.
2265 1096 2388 1155 Sed,
2431 1094 2575 1146 heu!

1500 1168 1662 1217 hodie
1723 1168 1880 1217 multi
1936 1168 2064 1218 huic
2115 1168 2257 1218 ⁴Cain
2329 1177 2459 1218 sunt
2500 1169 2580 1219 si·-

1500 1238 1673 1297 mileS,
1720 1254 1844 1287 cum
1883 1238 2168 1287 discordiis
2210 1248 2261 1288 et
2319 1238 2460 1288 dolis
2509 1238 2580 1289 ad

1499 1311 1663 1359 altare
1729 1311 2047 1360 accedentes
2111 1329 2138 1356 n
2201 1310 2359 1361 Unde
2428 1310 2579 1361 idem

1503 1382 1927 1449 chrysostomus
1953 1400 1970 1432 .-
2003 1400 2031 1427 ct
2070 1382 2208 1432 Cum
2269 1383 2412 1433 Deus
2465 1393 2583 1433 tan-

1501 1462 1617 1502 tum
1633 1468 1770 1501 curae
1799 1451 2245 1501 reconciliationis
2268 1461 2467 1503 nostrae
2494 1453 2585 1503 ha—

1504 1525 1640 1587 beat,
1686 1534 1751 1573 ut
1788 1524 2019 1589 patiatur
2061 1524 2379 1589 interrumpi
2410 1524 2582 1574 mini-

1503 1596 1662 1645 steria
1690 1612 1804 1655 sua,
1835 1597 2003 1645 donec
2045 1606 2103 1645 tu
2142 1604 2230 1645 ea‘s
2270 1606 2321 1646 et
2348 1593 2582 1645 resolvas

1506 1666 1851 1716 inimicitiam
1921 1682 2043 1715 cum
2096 1665 2254 1715 fratre
2301 1675 2429 1729 tuo;
2489 1681 2583 1715 nec

1507 1753 1607 1787 nos
1660 1738 1763 1787 hoc
1804 1738 1986 1802 ipsum
2053 1735 2440 1795 erubescimus,
2495 1736 2583 1786 sed

1509 1810 1710 1858 multos
1739 1808 1853 1858 dies
1878 1809 2114 1873 patimur
2147 1823 2362 1858 manere
2391 1807 2583 1856 inimi-

1508 1881 1675 1941 citias,
1708 1891 1760 1930 et
1787 1881 2054 1930 trahimus
2079 1880 2220 1929 sicut
2243 1879 2430 1930 funem
2461 1880 2584 1929 lon-

1509 1968 1639 2017 gum
1678 1950 2003 2013 discordiaS,
2076 1950 2383 2015 ignorantes
2435 1949 2582 2016 quod

1510 2032 1657 2072 tanto
1722 2020 1937 2086 longior
2000 2020 2101 2069 erit
2176 2019 2335 2070 nobis
2395 2035 2586 2085 poena,

1513 2101 1718 2159 quanto
1747 2101 1797 2141 et
1822 2090 2105 2140 discordia.
2142 2110 2169 2137 n

1575 2181 1608 2233 9
1643 2166 1892 2214 Dra-nunus
1917 2180 2062 2221 QUAM
2107 2179 2229 2212 erro
2266 2179 2591 2214 consum-nu:

1514 2251 1840 2287 ADVERSARIO
1892 2251 2098 2284 nosrno
2120 2274 2132 2295 ,
2178 2251 2294 2284 swr:
2339 2251 2423 2284 srr
2456 2251 2590 2285 pno-

1515 2323 1673 2357 xnms
1706 2322 1901 2365 LAESUS,
1928 2322 2043 2355 ειη-3
2077 2321 2436 2364 εοΝεεῐΕΝτῐΑ,
2478 2321 2591 2355 snm

1517 2381 1663 2429 Deus
1706 2394 1806 2427 PER
1847 2394 2133 2427 PEccAruit.
2165 2384 2224 2414 —‘
2252 2377 2316 2426 Et
2347 2377 2479 2442 quia
2505 2377 2591 2426 di-

1519 2463 1667 2502 ctum
1716 2461 1795 2501 est
1835 2452 1902 2500 de
1950 2451 2232 2500 concordia
2274 2466 2399 2500 cum
2433 2449 2593 2500 fratre

1520 2523 1723 2572 offenso
1764 2521 2026 2579 habenda,
2072 2519 2280 2570 inducit
2328 2519 2595 2586 generali-

1521 2603 1602 2644 ter
1624 2632 1637 2653 ,
1698 2601 1758 2642 ut
1815 2591 2219 2641 consentiamus
2290 2590 2595 2640 adversario

1522 2673 1722 2722 nostre,
1753 2671 1805 2711 et
1833 2663 2221 2728 concordemus
2246 2677 2370 2710 cum
2399 2676 2463 2710 eo
2497 2660 2600 2710 cito

1525 2738 1656 2787 durn
1704 2735 1878 2786 simus
1914 2736 1970 2785 in
2006 2736 2093 2785 via
2126 2746 2179 2797 et
2215 2735 2270 2784 in
2312 2735 2417 2784 hac
2456 2748 2596 2800 prae-

1524 2808 1660 2859 senti
1688 2808 1813 2870 vita,
1854 2808 1949 2857 ubi
2003 2817 2083 2857 est
2128 2808 2277 2857 locus
2307 2816 2358 2856 et
2385 2818 2601 2873 tempus

1528 2879 1822 2948 poenitendi
1843 2890 1894 2930 et
1918 2879 2199 2941 moerendi,
2223 2888 2274 2928 et
2301 2879 2450 2955 qqod
2484 2890 2605 2945 pos-

1528 2968 1719 3003 sumus
1766 2951 1964 3011 hodie,
2016 2967 2123 3000 non
2175 2950 2491 3000 differamus
2550 2949 2604 2999 in

1529 3023 1839 3081 crastinum,
1890 3021 2018 3086 quia
2048 3036 2199 3070 mora
2226 3019 2395 3070 trahit
2427 3021 2495 3069 ad
2550 3035 2607 3070 se

1530 3094 1849 3159 periculum,
1892 3103 1943 3142 et
1996 3108 2156 3142 nemo
2199 3091 2299 3142 scit
2331 3091 2458 3141 vitae
2501 3105 2608 3141 suae

1528 3164 1843 3214 terminum.
1874 3163 1947 3213 Ut
1987 3162 2116 3212 alibi
2146 3162 2288 3212 idem
2333 3161 2609 3229 Chryses·

1532 3241 1750 3285 tomus.-
1792 3251 1819 3279 α
1857 3232 2008 3282 Nihil
2064 3232 2269 3297 quippe
2322 3241 2404 3281 est
2460 3231 2609 3298 quod

1532 3305 1603 3356 ita
1649 3305 1813 3354 vitam
1862 3313 2095 3354 nostram
2140 3306 2310 3353 valeat
2354 3314 2609 3363 evertere,

1532 3386 1594 3428 ut
1621 3393 1843 3442 operum
1881 3377 2148 3426 actionem
2196 3376 2467 3425 bonorum
2495 3375 2607 3425 dis-

1533 3449 1789 3500 simulare
1813 3464 2040 3514 semper,
2075 3462 2397 3514 semperque
2425 3446 2610 3497 differ-

1534 3534 1608 3569 re.
1651 3519 1801 3584 Saepe
1841 3519 1988 3568 enim
2040 3517 2183 3567 istud
2239 3532 2301 3566 ex
2353 3515 2612 3566 omnibus

1538 3604 1639 3641 nos
1659 3589 1821 3639 bonis
1847 3589 1972 3638 fecit
2002 3588 2261 3638 excidere.
2292 3606 2319 3634 n
2342 3586 2484 3647 Cito,
2523 3586 2612 3636 in-

1538 3675 1721 3726 quam,
1779 3660 2166 3709 concordemus
2212 3673 2335 3706 cum
2373 3657 2614 3707 adversa-

1540 3730 1641 3794 ri0,
1677 3745 1742 3780 ne
1771 3730 1888 3796 ipse
1907 3728 2261 3780 adversarius
2289 3727 2479 3776 tradat
2495 3740 2612 3788 nos,

1542 3804 1597 3854 id
1627 3815 1708 3855 est
1739 3820 1895 3854 causa
1921 3804 1990 3853 sit
2030 3814 2091 3853 ut
2128 3803 2404 3852 tradamur
2414 3799 2611 3868 judici,

1544 3876 1601 3926 in
1630 3876 1825 3926 ultimo
1858 3874 2131 3935 examine3
2156 3879 2208 3922 et
2221 3873 2407 3939 judex
2429 3871 2613 3921 tradat

1545 3963 1641 3999 nos
1663 3949 1925 4012 ministro,
1958 3957 2009 3996 et
2033 3945 2282 4009 exactori,
2304 3944 2360 3994 id
2384 3954 2466 3994 est
2495 3957 2610 3993 ma·-
