<?xml version="1.0" encoding="UTF-8"?>
<!DOCTYPE html PUBLIC "-//W3C//DTD XHTML 1.0 Transitional//EN"
    "http://www.w3.org/TR/xhtml1/DTD/xhtml1-transitional.dtd">
<html xmlns="http://www.w3.org/1999/xhtml" xml:lang="en" lang="en">
 <head>
  <title>
</title>
<meta http-equiv="Content-Type" content="text/html;charset=utf-8" />
  <meta name='ocr-system' content='tesseract 3.04.00' />
  <meta name='ocr-capabilities' content='ocr_page ocr_carea ocr_par ocr_line ocrx_word'/>
</head>
<body>
  <div class='ocr_page' id='page_1' title='image "./vitajesuchristi00sachgoog_0360.png"; bbox 0 0 2784 4452; ppageno 0'>
   <div class='ocr_carea' id='block_1_1' title="bbox 368 341 476 408">
    <p class='ocr_par' dir='ltr' id='par_1_1' title="bbox 368 341 476 408">
     <span class='ocr_line' id='line_1_1' title="bbox 368 341 476 408; baseline 0 0"><span class='ocrx_word' id='word_1_1' title='bbox 368 341 476 408; x_wconf 83' lang='lat'>344</span> 
     </span>
    </p>
   </div>
   <div class='ocr_carea' id='block_1_2' title="bbox 360 452 1438 2441">
    <p class='ocr_par' dir='ltr' id='par_1_2' title="bbox 360 452 1438 2441">
     <span class='ocr_line' id='line_1_2' title="bbox 361 452 1422 519; baseline -0.004 -12"><span class='ocrx_word' id='word_1_2' title='bbox 361 455 564 508; x_wconf 84' lang='lat' dir='ltr'>scilicet</span> <span class='ocrx_word' id='word_1_3' title='bbox 607 463 790 505; x_wconf 89' lang='lat' dir='ltr'>contra</span> <span class='ocrx_word' id='word_1_4' title='bbox 851 452 1073 504; x_wconf 78' lang='lat' dir='ltr'>insidias</span> <span class='ocrx_word' id='word_1_5' title='bbox 1131 453 1422 519; x_wconf 80' lang='lat' dir='ltr'>superbiae3</span> 
     </span>
     <span class='ocr_line' id='line_1_3' title="bbox 364 524 1426 594; baseline -0.006 -15"><span class='ocrx_word' id='word_1_6' title='bbox 364 527 493 594; x_wconf 90' lang='lat' dir='ltr'>quia</span> <span class='ocrx_word' id='word_1_7' title='bbox 504 526 664 576; x_wconf 89' lang='lat' dir='ltr'>etiam</span> <span class='ocrx_word' id='word_1_8' title='bbox 681 524 838 575; x_wconf 92' lang='lat' dir='ltr'>bonis</span> <span class='ocrx_word' id='word_1_9' title='bbox 855 524 1107 590; x_wconf 84' lang='lat' dir='ltr'>operibus</span> <span class='ocrx_word' id='word_1_10' title='bbox 1121 524 1426 587; x_wconf 89' lang='lat' dir='ltr'>insidiatur,</span> 
     </span>
     <span class='ocr_line' id='line_1_4' title="bbox 363 598 1428 666; baseline -0.004 -14"><span class='ocrx_word' id='word_1_11' title='bbox 363 612 424 652; x_wconf 87' lang='lat' dir='ltr'>ut</span> <span class='ocrx_word' id='word_1_12' title='bbox 447 600 602 651; x_wconf 81' lang='lat' dir='ltr'>faciat</span> <span class='ocrx_word' id='word_1_13' title='bbox 630 615 690 650; x_wconf 89' lang='lat' dir='ltr'>ea</span> <span class='ocrx_word' id='word_1_14' title='bbox 717 598 908 665; x_wconf 87' lang='lat' dir='ltr'>perire,</span> <span class='ocrx_word' id='word_1_15' title='bbox 953 612 1018 648; x_wconf 84' lang='lat' dir='ltr'>ne</span> <span class='ocrx_word' id='word_1_16' title='bbox 1046 598 1318 666; x_wconf 81' lang='lat' dir='ltr'>justitiam</span> <span class='ocrx_word' id='word_1_17' title='bbox 1343 612 1428 649; x_wconf 79' lang='lat' dir='ltr'>ve-</span> 
     </span>
     <span class='ocr_line' id='line_1_5' title="bbox 360 669 1428 737; baseline -0.006 -13"><span class='ocrx_word' id='word_1_18' title='bbox 360 680 548 734; x_wconf 77' lang='lat' dir='ltr'>stram,</span> <span class='ocrx_word' id='word_1_19' title='bbox 582 673 636 722; x_wconf 90' lang='lat' dir='ltr'>id</span> <span class='ocrx_word' id='word_1_20' title='bbox 669 682 749 722; x_wconf 88' lang='lat' dir='ltr'>est</span> <span class='ocrx_word' id='word_1_21' title='bbox 776 686 936 737; x_wconf 89' lang='lat' dir='ltr'>opera</span> <span class='ocrx_word' id='word_1_22' title='bbox 965 669 1202 735; x_wconf 84' lang='lat' dir='ltr'>justitiae‚</span> <span class='ocrx_word' id='word_1_23' title='bbox 1228 669 1428 719; x_wconf 89' lang='lat' dir='ltr'>scilicet</span> 
     </span>
     <span class='ocr_line' id='line_1_6' title="bbox 362 743 1428 811; baseline -0.006 -15"><span class='ocrx_word' id='word_1_24' title='bbox 362 760 524 811; x_wconf 88' lang='lat' dir='ltr'>opera</span> <span class='ocrx_word' id='word_1_25' title='bbox 560 743 700 793; x_wconf 89' lang='lat' dir='ltr'>bona</span> <span class='ocrx_word' id='word_1_26' title='bbox 737 743 802 792; x_wconf 89' lang='lat' dir='ltr'>de</span> <span class='ocrx_word' id='word_1_27' title='bbox 847 757 1058 809; x_wconf 85' lang='lat' dir='ltr'>genere,</span> <span class='ocrx_word' id='word_1_28' title='bbox 1091 755 1428 808; x_wconf 84' lang='lat' dir='ltr'>quaecunque</span> 
     </span>
     <span class='ocr_line' id='line_1_7' title="bbox 364 811 1429 880; baseline -0.005 -13"><span class='ocrx_word' id='word_1_29' title='bbox 364 813 569 868; x_wconf 85' lang='lat' dir='ltr'>fuerint</span> <span class='ocrx_word' id='word_1_30' title='bbox 597 813 704 878; x_wconf 86' lang='lat' dir='ltr'>illa,</span> <span class='ocrx_word' id='word_1_31' title='bbox 729 814 855 880; x_wconf 90' lang='lat' dir='ltr'>quia</span> <span class='ocrx_word' id='word_1_32' title='bbox 872 811 1058 863; x_wconf 87' lang='lat' dir='ltr'>omnia</span> <span class='ocrx_word' id='word_1_33' title='bbox 1080 812 1429 862; x_wconf 88' lang='lat' dir='ltr'>continentur</span> 
     </span>
     <span class='ocr_line' id='line_1_8' title="bbox 369 883 1427 950; baseline -0.006 -12"><span class='ocrx_word' id='word_1_34' title='bbox 369 887 473 938; x_wconf 83' lang='lat' dir='ltr'>sub</span> <span class='ocrx_word' id='word_1_35' title='bbox 501 885 720 936; x_wconf 90' lang='lat' dir='ltr'>nomine</span> <span class='ocrx_word' id='word_1_36' title='bbox 748 884 965 950; x_wconf 82' lang='lat' dir='ltr'>justitiae</span> <span class='ocrx_word' id='word_1_37' title='bbox 994 883 1309 950; x_wconf 86' lang='lat' dir='ltr'>generaliter</span> <span class='ocrx_word' id='word_1_38' title='bbox 1341 883 1427 933; x_wconf 90' lang='lat' dir='ltr'>di-</span> 
     </span>
     <span class='ocr_line' id='line_1_9' title="bbox 370 953 1426 1023; baseline -0.006 -14"><span class='ocrx_word' id='word_1_39' title='bbox 370 968 487 1017; x_wconf 73' lang='lat' dir='ltr'>ctae,</span> <span class='ocrx_word' id='word_1_40' title='bbox 524 957 758 1023; x_wconf 84' lang='lat' dir='ltr'>faciatis</span> <span class='ocrx_word' id='word_1_41' title='bbox 798 970 977 1006; x_wconf 84' lang='lat' dir='ltr'>coram</span> <span class='ocrx_word' id='word_1_42' title='bbox 1016 953 1330 1015; x_wconf 82' lang='lat' dir='ltr'>hominibus,</span> <span class='ocrx_word' id='word_1_43' title='bbox 1363 969 1426 1003; x_wconf 92' lang='lat' dir='ltr'>eo</span> 
     </span>
     <span class='ocr_line' id='line_1_10' title="bbox 369 1025 1424 1090; baseline -0.004 -12"><span class='ocrx_word' id='word_1_44' title='bbox 369 1026 582 1078; x_wconf 84' lang='lat' dir='ltr'>scilicet</span> <span class='ocrx_word' id='word_1_45' title='bbox 609 1027 735 1090; x_wconf 89' lang='lat' dir='ltr'>fine,</span> <span class='ocrx_word' id='word_1_46' title='bbox 775 1033 831 1076; x_wconf 79' lang='lat' dir='ltr'>ut</span> <span class='ocrx_word' id='word_1_47' title='bbox 877 1025 1165 1077; x_wconf 82' lang='lat' dir='ltr'>videamini</span> <span class='ocrx_word' id='word_1_48' title='bbox 1215 1026 1284 1076; x_wconf 85' lang='lat' dir='ltr'>ab</span> <span class='ocrx_word' id='word_1_49' title='bbox 1327 1025 1424 1086; x_wconf 72' lang='grc' dir='ltr'>εἰς,</span> 
     </span>
     <span class='ocr_line' id='line_1_11' title="bbox 366 1098 1427 1166; baseline -0.005 -15"><span class='ocrx_word' id='word_1_50' title='bbox 366 1098 424 1151; x_wconf 85' lang='lat' dir='ltr'>id</span> <span class='ocrx_word' id='word_1_51' title='bbox 472 1109 553 1150; x_wconf 88' lang='lat' dir='ltr'>est</span> <span class='ocrx_word' id='word_1_52' title='bbox 605 1109 819 1166; x_wconf 87' lang='lat' dir='ltr'>propter</span> <span class='ocrx_word' id='word_1_53' title='bbox 869 1098 1079 1149; x_wconf 89' lang='lat' dir='ltr'>laudem</span> <span class='ocrx_word' id='word_1_54' title='bbox 1132 1098 1427 1148; x_wconf 86' lang='lat' dir='ltr'>humanam</span> 
     </span>
     <span class='ocr_line' id='line_1_12' title="bbox 367 1170 1430 1234; baseline -0.005 -13"><span class='ocrx_word' id='word_1_55' title='bbox 367 1180 421 1222; x_wconf 87' lang='lat' dir='ltr'>et</span> <span class='ocrx_word' id='word_1_56' title='bbox 484 1170 719 1221; x_wconf 83' lang='lat' dir='ltr'>favorem</span> <span class='ocrx_word' id='word_1_57' title='bbox 782 1170 994 1230; x_wconf 88' lang='lat' dir='ltr'>mundi,</span> <span class='ocrx_word' id='word_1_58' title='bbox 1046 1184 1156 1218; x_wconf 87' lang='lat' dir='ltr'>non</span> <span class='ocrx_word' id='word_1_59' title='bbox 1214 1179 1430 1234; x_wconf 89' lang='lat' dir='ltr'>propter</span> 
     </span>
     <span class='ocr_line' id='line_1_13' title="bbox 367 1238 1429 1308; baseline -0.003 -18"><span class='ocrx_word' id='word_1_60' title='bbox 367 1241 594 1308; x_wconf 82' lang='lat' dir='ltr'><strong>gloriam</strong></span> <span class='ocrx_word' id='word_1_61' title='bbox 630 1241 746 1301; x_wconf 89' lang='lat' dir='ltr'>Dei,</span> <span class='ocrx_word' id='word_1_62' title='bbox 797 1257 893 1291; x_wconf 90' lang='lat' dir='ltr'>nec</span> <span class='ocrx_word' id='word_1_63' title='bbox 934 1249 1151 1307; x_wconf 89' lang='lat' dir='ltr'>propter</span> <span class='ocrx_word' id='word_1_64' title='bbox 1192 1238 1429 1289; x_wconf 88' lang='lat' dir='ltr'>aedifica-</span> 
     </span>
     <span class='ocr_line' id='line_1_14' title="bbox 366 1313 1430 1383; baseline -0.004 -17"><span class='ocrx_word' id='word_1_65' title='bbox 366 1316 572 1367; x_wconf 82' lang='lat' dir='ltr'>tionem</span> <span class='ocrx_word' id='word_1_66' title='bbox 597 1314 849 1382; x_wconf 83' lang='lat' dir='ltr'>proximi3</span> <span class='ocrx_word' id='word_1_67' title='bbox 883 1315 1119 1383; x_wconf 83' lang='lat' dir='ltr'>alioquin</span> <span class='ocrx_word' id='word_1_68' title='bbox 1140 1313 1430 1365; x_wconf 82' lang='lat' dir='ltr'>mercedem</span> 
     </span>
     <span class='ocr_line' id='line_1_15' title="bbox 364 1385 1432 1452; baseline -0.005 -14"><span class='ocrx_word' id='word_1_69' title='bbox 364 1402 469 1438; x_wconf 83' lang='lat' dir='ltr'>non</span> <span class='ocrx_word' id='word_1_70' title='bbox 519 1388 776 1438; x_wconf 85' lang='lat' dir='ltr'>habebitis</span> <span class='ocrx_word' id='word_1_71' title='bbox 829 1387 975 1452; x_wconf 81' lang='lat' dir='ltr'>apud</span> <span class='ocrx_word' id='word_1_72' title='bbox 1024 1387 1221 1448; x_wconf 88' lang='lat' dir='ltr'>Deum,</span> <span class='ocrx_word' id='word_1_73' title='bbox 1278 1385 1432 1450; x_wconf 87' lang='lat' dir='ltr'>cujus</span> 
     </span>
     <span class='ocr_line' id='line_1_16' title="bbox 366 1455 1432 1509; baseline -0.005 0"><span class='ocrx_word' id='word_1_74' title='bbox 366 1473 549 1509; x_wconf 87' lang='lat' dir='ltr'>amore</span> <span class='ocrx_word' id='word_1_75' title='bbox 575 1474 634 1508; x_wconf 88' lang='lat' dir='ltr'>ea</span> <span class='ocrx_word' id='word_1_76' title='bbox 666 1474 774 1508; x_wconf 91' lang='lat' dir='ltr'>non</span> <span class='ocrx_word' id='word_1_77' title='bbox 798 1457 1013 1508; x_wconf 80' lang='lat' dir='ltr'>fecistis,</span> <span class='ocrx_word' id='word_1_78' title='bbox 1043 1458 1136 1507; x_wconf 91' lang='lat' dir='ltr'>Ille</span> <span class='ocrx_word' id='word_1_79' title='bbox 1163 1455 1306 1506; x_wconf 89' lang='lat' dir='ltr'>enim</span> <span class='ocrx_word' id='word_1_80' title='bbox 1336 1456 1432 1504; x_wconf 88' lang='lat' dir='ltr'>de-</span> 
     </span>
     <span class='ocr_line' id='line_1_17' title="bbox 366 1528 1433 1594; baseline -0.006 -12"><span class='ocrx_word' id='word_1_81' title='bbox 366 1531 457 1582; x_wconf 91' lang='lat' dir='ltr'>bet</span> <span class='ocrx_word' id='word_1_82' title='bbox 495 1531 791 1582; x_wconf 88' lang='lat' dir='ltr'>mercedem</span> <span class='ocrx_word' id='word_1_83' title='bbox 827 1531 968 1590; x_wconf 87' lang='lat' dir='ltr'>dare,</span> <span class='ocrx_word' id='word_1_84' title='bbox 994 1530 1145 1594; x_wconf 81' lang='lat' dir='ltr'>cujus</span> <span class='ocrx_word' id='word_1_85' title='bbox 1183 1528 1433 1578; x_wconf 88' lang='lat' dir='ltr'>mandato</span> 
     </span>
     <span class='ocr_line' id='line_1_18' title="bbox 365 1599 1433 1666; baseline -0.007 -11"><span class='ocrx_word' id='word_1_86' title='bbox 365 1604 450 1655; x_wconf 82' lang='lat' dir='ltr'>vel</span> <span class='ocrx_word' id='word_1_87' title='bbox 484 1619 667 1654; x_wconf 88' lang='lat' dir='ltr'>amore</span> <span class='ocrx_word' id='word_1_88' title='bbox 698 1613 944 1652; x_wconf 84' lang='lat' dir='ltr'>movetur</span> <span class='ocrx_word' id='word_1_89' title='bbox 984 1600 1279 1666; x_wconf 89' lang='lat' dir='ltr'>operarius.</span> <span class='ocrx_word' id='word_1_90' title='bbox 1314 1599 1433 1649; x_wconf 90' lang='lat' dir='ltr'>Nisi</span> 
     </span>
     <span class='ocr_line' id='line_1_19' title="bbox 364 1669 1433 1740; baseline -0.007 -14"><span class='ocrx_word' id='word_1_91' title='bbox 364 1690 491 1740; x_wconf 86' lang='lat' dir='ltr'>ergo</span> <span class='ocrx_word' id='word_1_92' title='bbox 521 1674 665 1724; x_wconf 86' lang='lat' dir='ltr'>Deus</span> <span class='ocrx_word' id='word_1_93' title='bbox 687 1671 1027 1738; x_wconf 82' lang='lat' dir='ltr'>sin&#39;gulariter</span> <span class='ocrx_word' id='word_1_94' title='bbox 1058 1670 1128 1720; x_wconf 91' lang='lat' dir='ltr'>sit</span> <span class='ocrx_word' id='word_1_95' title='bbox 1168 1669 1225 1720; x_wconf 90' lang='lat' dir='ltr'>in</span> <span class='ocrx_word' id='word_1_96' title='bbox 1255 1684 1433 1728; x_wconf 89' lang='lat' dir='ltr'>causa,</span> 
     </span>
     <span class='ocr_line' id='line_1_20' title="bbox 367 1739 1434 1809; baseline -0.006 -14"><span class='ocrx_word' id='word_1_97' title='bbox 367 1759 480 1795; x_wconf 87' lang='lat' dir='ltr'>non</span> <span class='ocrx_word' id='word_1_98' title='bbox 515 1743 692 1809; x_wconf 88' lang='lat' dir='ltr'>operis</span> <span class='ocrx_word' id='word_1_99' title='bbox 735 1742 1050 1801; x_wconf 90' lang='lat' dir='ltr'>mercedem,</span> <span class='ocrx_word' id='word_1_100' title='bbox 1088 1740 1180 1791; x_wconf 90' lang='lat' dir='ltr'>sed</span> <span class='ocrx_word' id='word_1_101' title='bbox 1217 1739 1434 1789; x_wconf 77' lang='lat' dir='ltr'>fallaciae</span> 
     </span>
     <span class='ocr_line' id='line_1_21' title="bbox 370 1810 1432 1879; baseline -0.006 -14"><span class='ocrx_word' id='word_1_102' title='bbox 370 1813 700 1879; x_wconf 86' lang='lat' dir='ltr'>supplicium</span> <span class='ocrx_word' id='word_1_103' title='bbox 738 1812 877 1878; x_wconf 91' lang='lat' dir='ltr'>apud</span> <span class='ocrx_word' id='word_1_104' title='bbox 915 1812 1087 1862; x_wconf 89' lang='lat' dir='ltr'>Deum</span> <span class='ocrx_word' id='word_1_105' title='bbox 1129 1810 1432 1871; x_wconf 87' lang='lat' dir='ltr'>habebunt;</span> 
     </span>
     <span class='ocr_line' id='line_1_22' title="bbox 367 1881 1434 1950; baseline -0.005 -15"><span class='ocrx_word' id='word_1_106' title='bbox 367 1885 496 1950; x_wconf 88' lang='lat' dir='ltr'>quia</span> <span class='ocrx_word' id='word_1_107' title='bbox 528 1884 618 1935; x_wconf 92' lang='lat' dir='ltr'>hic</span> <span class='ocrx_word' id='word_1_108' title='bbox 644 1884 710 1934; x_wconf 89' lang='lat' dir='ltr'>ab</span> <span class='ocrx_word' id='word_1_109' title='bbox 733 1884 970 1933; x_wconf 90' lang='lat' dir='ltr'>humano</span> <span class='ocrx_word' id='word_1_110' title='bbox 993 1897 1085 1931; x_wconf 93' lang='lat' dir='ltr'>ore</span> <span class='ocrx_word' id='word_1_111' title='bbox 1115 1881 1434 1940; x_wconf 84' lang='lat' dir='ltr'>mercedem,</span> 
     </span>
     <span class='ocr_line' id='line_1_23' title="bbox 366 1952 1437 2017; baseline -0.004 -12"><span class='ocrx_word' id='word_1_112' title='bbox 366 1955 568 2006; x_wconf 85' lang='lat' dir='ltr'>scilicet</span> <span class='ocrx_word' id='word_1_113' title='bbox 591 1956 760 2006; x_wconf 89' lang='lat' dir='ltr'>levem</span> <span class='ocrx_word' id='word_1_114' title='bbox 785 1970 967 2005; x_wconf 89' lang='lat' dir='ltr'>auram</span> <span class='ocrx_word' id='word_1_115' title='bbox 990 1952 1186 2003; x_wconf 86' lang='lat' dir='ltr'>favoris</span> <span class='ocrx_word' id='word_1_116' title='bbox 1205 1952 1437 2017; x_wconf 86' lang='lat' dir='ltr'>recipere</span> 
     </span>
     <span class='ocr_line' id='line_1_24' title="bbox 366 2025 1437 2076; baseline -0.004 -1"><span class='ocrx_word' id='word_1_117' title='bbox 366 2025 669 2076; x_wconf 84' lang='lat' dir='ltr'>voluerunt.</span> <span class='ocrx_word' id='word_1_118' title='bbox 707 2026 790 2075; x_wconf 89' lang='lat' dir='ltr'>Ab</span> <span class='ocrx_word' id='word_1_119' title='bbox 836 2025 924 2074; x_wconf 90' lang='lat' dir='ltr'>his</span> <span class='ocrx_word' id='word_1_120' title='bbox 963 2033 1141 2074; x_wconf 88' lang='lat' dir='ltr'>tamen</span> <span class='ocrx_word' id='word_1_121' title='bbox 1180 2025 1437 2073; x_wconf 86' lang='lat' dir='ltr'>duntaxat</span> 
     </span>
     <span class='ocr_line' id='line_1_25' title="bbox 365 2093 1436 2163; baseline -0.004 -16"><span class='ocrx_word' id='word_1_122' title='bbox 365 2106 700 2163; x_wconf 87' lang='lat' dir='ltr'>acceperunt,</span> <span class='ocrx_word' id='word_1_123' title='bbox 719 2111 750 2147; x_wconf 90' lang='lat' dir='ltr'>a</span> <span class='ocrx_word' id='word_1_124' title='bbox 776 2095 978 2163; x_wconf 87' lang='lat' dir='ltr'>quibus</span> <span class='ocrx_word' id='word_1_125' title='bbox 1004 2110 1119 2145; x_wconf 84' lang='lat' dir='ltr'>eam</span> <span class='ocrx_word' id='word_1_126' title='bbox 1144 2093 1436 2159; x_wconf 86' lang='lat' dir='ltr'>concupie-</span> 
     </span>
     <span class='ocr_line' id='line_1_26' title="bbox 367 2164 1437 2234; baseline -0.007 -15"><span class='ocrx_word' id='word_1_127' title='bbox 367 2177 509 2218; x_wconf 86' lang='lat' dir='ltr'>runt.</span> <span class='ocrx_word' id='word_1_128' title='bbox 545 2168 623 2218; x_wconf 85' lang='lat' dir='ltr'>Ex</span> <span class='ocrx_word' id='word_1_129' title='bbox 661 2183 771 2234; x_wconf 89' lang='lat' dir='ltr'>quo</span> <span class='ocrx_word' id='word_1_130' title='bbox 812 2165 958 2217; x_wconf 86' lang='lat' dir='ltr'>enim</span> <span class='ocrx_word' id='word_1_131' title='bbox 1003 2164 1229 2215; x_wconf 89' lang='lat' dir='ltr'>intentio</span> <span class='ocrx_word' id='word_1_132' title='bbox 1270 2164 1437 2215; x_wconf 89' lang='lat' dir='ltr'>fertur</span> 
     </span>
     <span class='ocr_line' id='line_1_27' title="bbox 367 2237 1437 2302; baseline -0.006 -11"><span class='ocrx_word' id='word_1_133' title='bbox 367 2240 433 2290; x_wconf 80' lang='lat' dir='ltr'>ad</span> <span class='ocrx_word' id='word_1_134' title='bbox 466 2241 715 2291; x_wconf 88' lang='lat' dir='ltr'>homines</span> <span class='ocrx_word' id='word_1_135' title='bbox 739 2249 965 2301; x_wconf 89' lang='lat' dir='ltr'>tantum,</span> <span class='ocrx_word' id='word_1_136' title='bbox 990 2253 1101 2289; x_wconf 91' lang='lat' dir='ltr'>non</span> <span class='ocrx_word' id='word_1_137' title='bbox 1126 2248 1205 2288; x_wconf 87' lang='lat' dir='ltr'>est</span> <span class='ocrx_word' id='word_1_138' title='bbox 1232 2237 1437 2302; x_wconf 91' lang='lat' dir='ltr'>aliquid</span> 
     </span>
     <span class='ocr_line' id='line_1_28' title="bbox 366 2310 1436 2378; baseline -0.005 -15"><span class='ocrx_word' id='word_1_139' title='bbox 366 2327 398 2362; x_wconf 84' lang='lat' dir='ltr'>a</span> <span class='ocrx_word' id='word_1_140' title='bbox 426 2312 538 2363; x_wconf 93' lang='lat' dir='ltr'>Deo</span> <span class='ocrx_word' id='word_1_141' title='bbox 565 2314 700 2378; x_wconf 86' lang='lat' dir='ltr'>juste</span> <span class='ocrx_word' id='word_1_142' title='bbox 717 2310 1150 2377; x_wconf 82' lang='lat' dir='ltr'>exspectandum,</span> <span class='ocrx_word' id='word_1_143' title='bbox 1172 2310 1301 2376; x_wconf 89' lang='lat' dir='ltr'>quia</span> <span class='ocrx_word' id='word_1_144' title='bbox 1327 2325 1436 2358; x_wconf 90' lang='lat' dir='ltr'>non</span> 
     </span>
     <span class='ocr_line' id='line_1_29' title="bbox 366 2381 1438 2441; baseline -0.007 -6"><span class='ocrx_word' id='word_1_145' title='bbox 366 2383 539 2435; x_wconf 87' lang='lat' dir='ltr'>virtus</span> <span class='ocrx_word' id='word_1_146' title='bbox 567 2385 658 2433; x_wconf 89' lang='lat' dir='ltr'>sed</span> <span class='ocrx_word' id='word_1_147' title='bbox 692 2398 849 2433; x_wconf 88' lang='lat' dir='ltr'>causa</span> <span class='ocrx_word' id='word_1_148' title='bbox 876 2381 1109 2441; x_wconf 84' lang='lat' dir='ltr'>virtutis,</span> <span class='ocrx_word' id='word_1_149' title='bbox 1140 2381 1438 2432; x_wconf 87' lang='lat' dir='ltr'>mercedem</span> 
     </span>
    </p>
   </div>
   <div class='ocr_carea' id='block_1_3' title="bbox 369 2454 1452 2522">
    <p class='ocr_par' dir='ltr' id='par_1_3' title="bbox 369 2454 1452 2522">
     <span class='ocr_line' id='line_1_30' title="bbox 369 2454 1452 2522; baseline -0.002 -16"><span class='ocrx_word' id='word_1_150' title='bbox 369 2456 532 2506; x_wconf 87' lang='lat' dir='ltr'>habet</span> <span class='ocrx_word' id='word_1_151' title='bbox 554 2457 694 2522; x_wconf 90' lang='lat' dir='ltr'>apud</span> <span class='ocrx_word' id='word_1_152' title='bbox 721 2456 912 2506; x_wconf 89' lang='lat' dir='ltr'>Deum.</span> <span class='ocrx_word' id='word_1_153' title='bbox 944 2456 1058 2506; x_wconf 87' lang='lat' dir='ltr'>Hoc</span> <span class='ocrx_word' id='word_1_154' title='bbox 1082 2454 1248 2520; x_wconf 87' lang='lat' dir='ltr'>igitur</span> <span class='ocrx_word' id='word_1_155' title='bbox 1265 2454 1452 2518; x_wconf 84' lang='lat' dir='ltr'>depu-.</span> 
     </span>
    </p>
   </div>
   <div class='ocr_carea' id='block_1_4' title="bbox 369 2525 1449 3940">
    <p class='ocr_par' dir='ltr' id='par_1_4' title="bbox 369 2525 1449 3940">
     <span class='ocr_line' id='line_1_31' title="bbox 369 2525 1441 2591; baseline -0.005 -15"><span class='ocrx_word' id='word_1_156' title='bbox 369 2536 512 2576; x_wconf 90' lang='lat' dir='ltr'>tatur</span> <span class='ocrx_word' id='word_1_157' title='bbox 553 2526 629 2576; x_wconf 89' lang='lat' dir='ltr'>eis</span> <span class='ocrx_word' id='word_1_158' title='bbox 661 2541 759 2591; x_wconf 88' lang='lat' dir='ltr'>pro</span> <span class='ocrx_word' id='word_1_159' title='bbox 787 2526 1047 2585; x_wconf 85' lang='lat' dir='ltr'>mercede,</span> <span class='ocrx_word' id='word_1_160' title='bbox 1077 2525 1227 2588; x_wconf 78' lang='lat' dir='ltr'>cujus</span> <span class='ocrx_word' id='word_1_161' title='bbox 1258 2538 1441 2574; x_wconf 89' lang='lat' dir='ltr'>amore</span> 
     </span>
     <span class='ocr_line' id='line_1_32' title="bbox 371 2594 1440 2659; baseline -0.004 -14"><span class='ocrx_word' id='word_1_162' title='bbox 371 2595 623 2659; x_wconf 88' lang='lat' dir='ltr'>fecerunt,</span> <span class='ocrx_word' id='word_1_163' title='bbox 643 2595 845 2646; x_wconf 88' lang='lat' dir='ltr'>scilicet</span> <span class='ocrx_word' id='word_1_164' title='bbox 863 2596 977 2645; x_wconf 84' lang='lat' dir='ltr'>laus</span> <span class='ocrx_word' id='word_1_165' title='bbox 999 2594 1254 2652; x_wconf 85' lang='lat' dir='ltr'>humana,</span> <span class='ocrx_word' id='word_1_166' title='bbox 1275 2608 1440 2658; x_wconf 90' lang='lat' dir='ltr'>quam</span> 
     </span>
     <span class='ocr_line' id='line_1_33' title="bbox 377 2669 1445 2734; baseline -0.005 -15"><span class='ocrx_word' id='word_1_167' title='bbox 377 2669 721 2734; x_wconf 88' lang='lat' dir='ltr'>quaesierunt.</span> <span class='ocrx_word' id='word_1_168' title='bbox 745 2670 811 2720; x_wconf 90' lang='lat' dir='ltr'>Et</span> <span class='ocrx_word' id='word_1_169' title='bbox 835 2684 941 2718; x_wconf 88' lang='lat' dir='ltr'>non</span> <span class='ocrx_word' id='word_1_170' title='bbox 971 2669 1148 2718; x_wconf 89' lang='lat' dir='ltr'>solum</span> <span class='ocrx_word' id='word_1_171' title='bbox 1169 2681 1291 2716; x_wconf 85' lang='lat' dir='ltr'>vera</span> <span class='ocrx_word' id='word_1_172' title='bbox 1311 2679 1445 2714; x_wconf 90' lang='lat' dir='ltr'>mer-</span> 
     </span>
     <span class='ocr_line' id='line_1_34' title="bbox 371 2737 1444 2806; baseline -0.004 -17"><span class='ocrx_word' id='word_1_173' title='bbox 371 2738 519 2799; x_wconf 85' lang='lat' dir='ltr'>cede,</span> <span class='ocrx_word' id='word_1_174' title='bbox 557 2739 628 2789; x_wconf 94' lang='lat' dir='ltr'>ob</span> <span class='ocrx_word' id='word_1_175' title='bbox 673 2754 889 2806; x_wconf 88' lang='lat' dir='ltr'>pravam</span> <span class='ocrx_word' id='word_1_176' title='bbox 929 2737 1283 2788; x_wconf 88' lang='lat' dir='ltr'>intentionem</span> <span class='ocrx_word' id='word_1_177' title='bbox 1313 2750 1444 2785; x_wconf 89' lang='lat' dir='ltr'>eva-</span> 
     </span>
     <span class='ocr_line' id='line_1_35' title="bbox 373 2807 1444 2872; baseline -0.004 -14"><span class='ocrx_word' id='word_1_178' title='bbox 373 2818 626 2872; x_wconf 87' lang='lat' dir='ltr'>cuantur,</span> <span class='ocrx_word' id='word_1_179' title='bbox 673 2811 765 2859; x_wconf 90' lang='lat' dir='ltr'>sed</span> <span class='ocrx_word' id='word_1_180' title='bbox 814 2820 867 2859; x_wconf 90' lang='lat' dir='ltr'>et</span> <span class='ocrx_word' id='word_1_181' title='bbox 922 2807 1282 2858; x_wconf 87' lang='lat' dir='ltr'>nihilominus</span> <span class='ocrx_word' id='word_1_182' title='bbox 1345 2821 1444 2871; x_wconf 92' lang='lat' dir='ltr'>pro</span> 
     </span>
     <span class='ocr_line' id='line_1_36' title="bbox 372 2877 1445 2945; baseline -0.003 -17"><span class='ocrx_word' id='word_1_183' title='bbox 372 2877 521 2929; x_wconf 86' lang='lat' dir='ltr'>inani</span> <span class='ocrx_word' id='word_1_184' title='bbox 575 2879 745 2944; x_wconf 86' lang='lat' dir='ltr'>gloria</span> <span class='ocrx_word' id='word_1_185' title='bbox 769 2918 783 2940; x_wconf 89' lang='lat'>,</span> <span class='ocrx_word' id='word_1_186' title='bbox 841 2894 964 2945; x_wconf 86' lang='lat' dir='ltr'>quae</span> <span class='ocrx_word' id='word_1_187' title='bbox 1018 2878 1131 2927; x_wconf 89' lang='lat' dir='ltr'>sive</span> <span class='ocrx_word' id='word_1_188' title='bbox 1185 2878 1445 2943; x_wconf 87' lang='lat' dir='ltr'>praecedat</span> 
     </span>
     <span class='ocr_line' id='line_1_37' title="bbox 373 2948 1445 3018; baseline -0.003 -20"><span class='ocrx_word' id='word_1_189' title='bbox 373 2964 530 3015; x_wconf 78' lang='lat' dir='ltr'>opuS,</span> <span class='ocrx_word' id='word_1_190' title='bbox 556 2950 667 3000; x_wconf 90' lang='lat' dir='ltr'>sive</span> <span class='ocrx_word' id='word_1_191' title='bbox 687 2962 964 3018; x_wconf 88' lang='lat' dir='ltr'>sequatur,</span> <span class='ocrx_word' id='word_1_192' title='bbox 992 2963 1202 3016; x_wconf 87' lang='lat' dir='ltr'>semper</span> <span class='ocrx_word' id='word_1_193' title='bbox 1222 2948 1445 2997; x_wconf 89' lang='lat' dir='ltr'>mortale</span> 
     </span>
     <span class='ocr_line' id='line_1_38' title="bbox 373 3031 1446 3088; baseline -0.004 -17"><span class='ocrx_word' id='word_1_194' title='bbox 373 3031 649 3087; x_wconf 87' lang='lat' dir='ltr'>peccatum</span> <span class='ocrx_word' id='word_1_195' title='bbox 687 3033 782 3083; x_wconf 91' lang='lat' dir='ltr'>est,</span> <span class='ocrx_word' id='word_1_196' title='bbox 816 3038 1030 3088; x_wconf 85' lang='lat' dir='ltr'>poenam</span> <span class='ocrx_word' id='word_1_197' title='bbox 1058 3032 1308 3071; x_wconf 86' lang='lat' dir='ltr'>aeternam</span> <span class='ocrx_word' id='word_1_198' title='bbox 1339 3033 1446 3068; x_wconf 90' lang='lat' dir='ltr'>me-</span> 
     </span>
     <span class='ocr_line' id='line_1_39' title="bbox 376 3087 1446 3155; baseline -0.003 -15"><span class='ocrx_word' id='word_1_199' title='bbox 376 3100 576 3141; x_wconf 87' lang='lat' dir='ltr'>rentur.</span> <span class='ocrx_word' id='word_1_200' title='bbox 651 3090 916 3142; x_wconf 84' lang='lat' dir='ltr'>Minuitur</span> <span class='ocrx_word' id='word_1_201' title='bbox 979 3091 1137 3142; x_wconf 87' lang='lat' dir='ltr'>etiam</span> <span class='ocrx_word' id='word_1_202' title='bbox 1207 3087 1446 3155; x_wconf 86' lang='lat' dir='ltr'>probitas</span> 
     </span>
     <span class='ocr_line' id='line_1_40' title="bbox 372 3160 1447 3222; baseline -0.004 -10"><span class='ocrx_word' id='word_1_203' title='bbox 372 3162 725 3222; x_wconf 87' lang='lat' dir='ltr'>conscientiae,</span> <span class='ocrx_word' id='word_1_204' title='bbox 750 3179 813 3213; x_wconf 84' lang='lat' dir='ltr'>ex</span> <span class='ocrx_word' id='word_1_205' title='bbox 831 3164 985 3214; x_wconf 80' lang='lat' dir='ltr'>famae</span> <span class='ocrx_word' id='word_1_206' title='bbox 1012 3162 1268 3213; x_wconf 89' lang='lat' dir='ltr'>mercede.</span> <span class='ocrx_word' id='word_1_207' title='bbox 1290 3160 1447 3211; x_wconf 90' lang='lat' dir='ltr'>Unde</span> 
     </span>
     <span class='ocr_line' id='line_1_41' title="bbox 374 3231 1445 3299; baseline -0.004 -17"><span class='ocrx_word' id='word_1_208' title='bbox 374 3232 626 3284; x_wconf 78' lang='lat' dir='ltr'>Boetius:</span> <span class='ocrx_word' id='word_1_209' title='bbox 644 3251 671 3279; x_wconf 76' lang='grc' dir='ltr'>α</span> <span class='ocrx_word' id='word_1_210' title='bbox 689 3232 889 3285; x_wconf 88' lang='lat' dir='ltr'>Minuit</span> <span class='ocrx_word' id='word_1_211' title='bbox 921 3249 976 3284; x_wconf 91' lang='lat' dir='ltr'>se</span> <span class='ocrx_word' id='word_1_212' title='bbox 1009 3231 1287 3299; x_wconf 86' lang='lat' dir='ltr'>probitatis</span> <span class='ocrx_word' id='word_1_213' title='bbox 1311 3245 1445 3279; x_wconf 89' lang='lat' dir='ltr'>con-</span> 
     </span>
     <span class='ocr_line' id='line_1_42' title="bbox 373 3301 1445 3370; baseline -0.008 -13"><span class='ocrx_word' id='word_1_214' title='bbox 373 3302 612 3357; x_wconf 85' lang='lat' dir='ltr'>scientiae</span> <span class='ocrx_word' id='word_1_215' title='bbox 672 3312 952 3368; x_wconf 85' lang='lat' dir='ltr'>secretum,</span> <span class='ocrx_word' id='word_1_216' title='bbox 995 3301 1206 3370; x_wconf 88' lang='lat' dir='ltr'>quoties</span> <span class='ocrx_word' id='word_1_217' title='bbox 1257 3311 1445 3350; x_wconf 89' lang='lat' dir='ltr'>osten-</span> 
     </span>
     <span class='ocr_line' id='line_1_43' title="bbox 378 3371 1446 3443; baseline -0.003 -20"><span class='ocrx_word' id='word_1_218' title='bbox 378 3374 552 3425; x_wconf 91' lang='lat' dir='ltr'>dendo</span> <span class='ocrx_word' id='word_1_219' title='bbox 605 3375 730 3443; x_wconf 89' lang='lat' dir='ltr'>quis</span> <span class='ocrx_word' id='word_1_220' title='bbox 784 3374 1014 3426; x_wconf 88' lang='lat' dir='ltr'>fructum</span> <span class='ocrx_word' id='word_1_221' title='bbox 1062 3373 1248 3439; x_wconf 87' lang='lat' dir='ltr'>recipit</span> <span class='ocrx_word' id='word_1_222' title='bbox 1291 3371 1446 3421; x_wconf 89' lang='lat' dir='ltr'>famae</span> 
     </span>
     <span class='ocr_line' id='line_1_44' title="bbox 376 3441 1446 3509; baseline -0.002 -17"><span class='ocrx_word' id='word_1_223' title='bbox 376 3445 628 3509; x_wconf 89' lang='lat' dir='ltr'>pretium.</span> <span class='ocrx_word' id='word_1_224' title='bbox 654 3465 681 3492; x_wconf 71' lang='lat' dir='ltr'>n</span> <span class='ocrx_word' id='word_1_225' title='bbox 706 3446 777 3497; x_wconf 91' lang='lat' dir='ltr'>Et</span> <span class='ocrx_word' id='word_1_226' title='bbox 804 3445 943 3502; x_wconf 81' lang='lat' dir='ltr'>ideo,</span> <span class='ocrx_word' id='word_1_227' title='bbox 969 3455 1029 3495; x_wconf 91' lang='lat' dir='ltr'>ut</span> <span class='ocrx_word' id='word_1_228' title='bbox 1056 3444 1199 3495; x_wconf 89' lang='lat' dir='ltr'>idem</span> <span class='ocrx_word' id='word_1_229' title='bbox 1223 3441 1446 3492; x_wconf 83' lang='lat' dir='ltr'>Boetius</span> 
     </span>
     <span class='ocr_line' id='line_1_45' title="bbox 386 3514 1446 3583; baseline -0.005 -18"><span class='ocrx_word' id='word_1_230' title='bbox 386 3514 553 3566; x_wconf 87' lang='lat' dir='ltr'>dicit:</span> <span class='ocrx_word' id='word_1_231' title='bbox 589 3536 617 3563; x_wconf 74' lang='grc' dir='ltr'>ιι</span> <span class='ocrx_word' id='word_1_232' title='bbox 649 3517 870 3583; x_wconf 88' lang='lat' dir='ltr'>Sapiens</span> <span class='ocrx_word' id='word_1_233' title='bbox 895 3517 1099 3567; x_wconf 87' lang='lat' dir='ltr'>bonum</span> <span class='ocrx_word' id='word_1_234' title='bbox 1132 3530 1312 3573; x_wconf 89' lang='lat' dir='ltr'>suum,</span> <span class='ocrx_word' id='word_1_235' title='bbox 1336 3528 1446 3562; x_wconf 92' lang='lat' dir='ltr'>non</span> 
     </span>
     <span class='ocr_line' id='line_1_46' title="bbox 374 3583 1449 3651; baseline -0.004 -16"><span class='ocrx_word' id='word_1_236' title='bbox 374 3585 619 3650; x_wconf 89' lang='lat' dir='ltr'>populari</span> <span class='ocrx_word' id='word_1_237' title='bbox 640 3592 873 3651; x_wconf 86' lang='lat' dir='ltr'>rumore,</span> <span class='ocrx_word' id='word_1_238' title='bbox 898 3587 988 3637; x_wconf 90' lang='lat' dir='ltr'>sed</span> <span class='ocrx_word' id='word_1_239' title='bbox 1015 3583 1343 3636; x_wconf 84' lang='lat' dir='ltr'>conscientiae</span> <span class='ocrx_word' id='word_1_240' title='bbox 1366 3596 1449 3632; x_wconf 84' lang='lat' dir='ltr'>ve·</span> 
     </span>
     <span class='ocr_line' id='line_1_47' title="bbox 372 3652 1445 3719; baseline -0.008 -10"><span class='ocrx_word' id='word_1_241' title='bbox 372 3657 548 3719; x_wconf 87' lang='lat' dir='ltr'>ritate,</span> <span class='ocrx_word' id='word_1_242' title='bbox 589 3658 823 3709; x_wconf 88' lang='lat' dir='ltr'>metitur.</span> <span class='ocrx_word' id='word_1_243' title='bbox 844 3677 871 3705; x_wconf 73' lang='lat' dir='ltr'>n</span> <span class='ocrx_word' id='word_1_244' title='bbox 894 3657 965 3707; x_wconf 94' lang='lat' dir='ltr'>Et</span> <span class='ocrx_word' id='word_1_245' title='bbox 986 3655 1260 3706; x_wconf 88' lang='lat' dir='ltr'>considera</span> <span class='ocrx_word' id='word_1_246' title='bbox 1278 3652 1445 3718; x_wconf 87' lang='lat' dir='ltr'>quod,</span> 
     </span>
     <span class='ocr_line' id='line_1_48' title="bbox 377 3724 1445 3798; baseline -0.007 -17"><span class='ocrx_word' id='word_1_247' title='bbox 377 3741 438 3781; x_wconf 92' lang='lat' dir='ltr'>ut</span> <span class='ocrx_word' id='word_1_248' title='bbox 476 3731 550 3781; x_wconf 88' lang='lat' dir='ltr'>ait</span> <span class='ocrx_word' id='word_1_249' title='bbox 597 3731 1018 3798; x_wconf 78' lang='lat' dir='ltr'>Chrysostomus</span> <span class='ocrx_word' id='word_1_250' title='bbox 1037 3766 1055 3791; x_wconf 89' lang='lat'>,</span> <span class='ocrx_word' id='word_1_251' title='bbox 1107 3744 1215 3778; x_wconf 90' lang='lat' dir='ltr'>non</span> <span class='ocrx_word' id='word_1_252' title='bbox 1266 3724 1445 3776; x_wconf 86' lang='lat' dir='ltr'>solum</span> 
     </span>
     <span class='ocr_line' id='line_1_49' title="bbox 379 3798 1445 3869; baseline -0.006 -15"><span class='ocrx_word' id='word_1_253' title='bbox 379 3819 488 3854; x_wconf 87' lang='lat' dir='ltr'>non</span> <span class='ocrx_word' id='word_1_254' title='bbox 512 3804 718 3853; x_wconf 91' lang='lat' dir='ltr'>ostendi</span> <span class='ocrx_word' id='word_1_255' title='bbox 752 3804 916 3869; x_wconf 84' lang='lat' dir='ltr'>jubet,</span> <span class='ocrx_word' id='word_1_256' title='bbox 942 3804 1034 3854; x_wconf 88' lang='lat' dir='ltr'>sed</span> <span class='ocrx_word' id='word_1_257' title='bbox 1056 3812 1108 3853; x_wconf 91' lang='lat' dir='ltr'>et</span> <span class='ocrx_word' id='word_1_258' title='bbox 1126 3801 1336 3851; x_wconf 85' lang='lat' dir='ltr'>studere</span> <span class='ocrx_word' id='word_1_259' title='bbox 1360 3798 1445 3848; x_wconf 89' lang='lat' dir='ltr'>la-</span> 
     </span>
     <span class='ocr_line' id='line_1_50' title="bbox 381 3871 1444 3940; baseline -0.008 -16"><span class='ocrx_word' id='word_1_260' title='bbox 381 3883 509 3924; x_wconf 88' lang='lat' dir='ltr'>tere.</span> <span class='ocrx_word' id='word_1_261' title='bbox 545 3875 731 3940; x_wconf 89' lang='lat' dir='ltr'>Neque</span> <span class='ocrx_word' id='word_1_262' title='bbox 764 3876 908 3925; x_wconf 89' lang='lat' dir='ltr'>enim</span> <span class='ocrx_word' id='word_1_263' title='bbox 951 3884 1030 3925; x_wconf 86' lang='lat' dir='ltr'>est</span> <span class='ocrx_word' id='word_1_264' title='bbox 1080 3871 1283 3937; x_wconf 86' lang='lat' dir='ltr'>aequale</span> <span class='ocrx_word' id='word_1_265' title='bbox 1333 3883 1444 3917; x_wconf 88' lang='lat' dir='ltr'>non</span> 
     </span>
    </p>
   </div>
   <div class='ocr_carea' id='block_1_5' title="bbox 384 3944 1442 4013">
    <p class='ocr_par' dir='ltr' id='par_1_5' title="bbox 384 3944 1442 4013">
     <span class='ocr_line' id='line_1_51' title="bbox 384 3944 1442 4013; baseline -0.006 -16"><span class='ocrx_word' id='word_1_266' title='bbox 384 3948 597 3998; x_wconf 88' lang='lat' dir='ltr'>studere</span> <span class='ocrx_word' id='word_1_267' title='bbox 635 3963 904 4013; x_wconf 86' lang='lat' dir='ltr'>apparere,</span> <span class='ocrx_word' id='word_1_268' title='bbox 937 3959 988 4000; x_wconf 91' lang='lat' dir='ltr'>et</span> <span class='ocrx_word' id='word_1_269' title='bbox 1021 3947 1235 4000; x_wconf 88' lang='lat' dir='ltr'>studere</span> <span class='ocrx_word' id='word_1_270' title='bbox 1263 3944 1442 3994; x_wconf 86' lang='lat' dir='ltr'>latere.</span> 
     </span>
    </p>
   </div>
   <div class='ocr_carea' id='block_1_6' title="bbox 941 335 1983 394">
    <p class='ocr_par' dir='ltr' id='par_1_6' title="bbox 941 335 1983 394">
     <span class='ocr_line' id='line_1_52' title="bbox 941 335 1983 394; baseline 0.008 -8"><span class='ocrx_word' id='word_1_271' title='bbox 941 335 1178 388; x_wconf 87' lang='lat' dir='ltr'>PRIMAE</span> <span class='ocrx_word' id='word_1_272' title='bbox 1209 338 1455 388; x_wconf 80' lang='lat' dir='ltr'>PARTIS</span> <span class='ocrx_word' id='word_1_273' title='bbox 1488 337 1722 389; x_wconf 85' lang='lat' dir='ltr'>CAPUT</span> <span class='ocrx_word' id='word_1_274' title='bbox 1752 341 1983 394; x_wconf 78' lang='lat' dir='ltr'><strong>xxxvl.</strong></span> 
     </span>
    </p>
   </div>
   <div class='ocr_carea' id='block_1_7' title="bbox 1529 454 2631 4008">
    <p class='ocr_par' dir='ltr' id='par_1_7' title="bbox 1529 454 2606 1362">
     <span class='ocr_line' id='line_1_53' title="bbox 1534 454 2596 523; baseline 0.006 -20"><span class='ocrx_word' id='word_1_275' title='bbox 1534 454 1634 504; x_wconf 86' lang='lat' dir='ltr'>Per</span> <span class='ocrx_word' id='word_1_276' title='bbox 1687 454 1803 505; x_wconf 87' lang='lat' dir='ltr'>hoc</span> <span class='ocrx_word' id='word_1_277' title='bbox 1855 465 2033 507; x_wconf 88' lang='lat' dir='ltr'>tamen</span> <span class='ocrx_word' id='word_1_278' title='bbox 2091 473 2201 508; x_wconf 90' lang='lat' dir='ltr'>non</span> <span class='ocrx_word' id='word_1_279' title='bbox 2250 456 2596 523; x_wconf 89' lang='lat' dir='ltr'>prohibentur</span> 
     </span>
     <span class='ocr_line' id='line_1_54' title="bbox 1532 527 2597 596; baseline 0.005 -20"><span class='ocrx_word' id='word_1_280' title='bbox 1532 542 1690 592; x_wconf 89' lang='lat' dir='ltr'>opera</span> <span class='ocrx_word' id='word_1_281' title='bbox 1717 527 1858 578; x_wconf 92' lang='lat' dir='ltr'>bona</span> <span class='ocrx_word' id='word_1_282' title='bbox 1897 528 2013 579; x_wconf 90' lang='lat' dir='ltr'>fieri</span> <span class='ocrx_word' id='word_1_283' title='bbox 2051 545 2231 581; x_wconf 88' lang='lat' dir='ltr'>coram</span> <span class='ocrx_word' id='word_1_284' title='bbox 2265 530 2597 596; x_wconf 85' lang='lat' dir='ltr'>hominibus,</span> 
     </span>
     <span class='ocr_line' id='line_1_55' title="bbox 1529 597 2601 666; baseline 0.004 -20"><span class='ocrx_word' id='word_1_285' title='bbox 1529 597 1597 647; x_wconf 91' lang='lat' dir='ltr'>ad</span> <span class='ocrx_word' id='word_1_286' title='bbox 1629 597 1726 647; x_wconf 90' lang='lat' dir='ltr'>Dei</span> <span class='ocrx_word' id='word_1_287' title='bbox 1763 598 1988 665; x_wconf 83' lang='lat' dir='ltr'>gloriam</span> <span class='ocrx_word' id='word_1_288' title='bbox 2031 608 2082 650; x_wconf 89' lang='lat' dir='ltr'>et</span> <span class='ocrx_word' id='word_1_289' title='bbox 2120 600 2354 666; x_wconf 86' lang='lat' dir='ltr'>proximi</span> <span class='ocrx_word' id='word_1_290' title='bbox 2386 600 2601 652; x_wconf 86' lang='lat' dir='ltr'>aedifica-</span> 
     </span>
     <span class='ocr_line' id='line_1_56' title="bbox 1531 668 2602 737; baseline 0.003 -18"><span class='ocrx_word' id='word_1_291' title='bbox 1531 668 1755 729; x_wconf 88' lang='lat' dir='ltr'>tionem,</span> <span class='ocrx_word' id='word_1_292' title='bbox 1782 669 1911 737; x_wconf 88' lang='lat' dir='ltr'>quia</span> <span class='ocrx_word' id='word_1_293' title='bbox 1937 670 2040 721; x_wconf 90' lang='lat' dir='ltr'>hoc</span> <span class='ocrx_word' id='word_1_294' title='bbox 2069 681 2149 721; x_wconf 87' lang='lat' dir='ltr'>est</span> <span class='ocrx_word' id='word_1_295' title='bbox 2187 671 2390 722; x_wconf 89' lang='lat' dir='ltr'>bonum</span> <span class='ocrx_word' id='word_1_296' title='bbox 2421 681 2473 721; x_wconf 88' lang='lat' dir='ltr'>et</span> <span class='ocrx_word' id='word_1_297' title='bbox 2501 687 2602 722; x_wconf 89' lang='lat' dir='ltr'>me·</span> 
     </span>
     <span class='ocr_line' id='line_1_57' title="bbox 1532 739 2603 810; baseline 0.002 -20"><span class='ocrx_word' id='word_1_298' title='bbox 1532 739 1778 791; x_wconf 89' lang='lat' dir='ltr'>ritorium</span> <span class='ocrx_word' id='word_1_299' title='bbox 1811 742 1951 807; x_wconf 90' lang='lat' dir='ltr'>apud</span> <span class='ocrx_word' id='word_1_300' title='bbox 1988 743 2181 792; x_wconf 87' lang='lat' dir='ltr'>Deum.</span> <span class='ocrx_word' id='word_1_301' title='bbox 2222 742 2346 802; x_wconf 88' lang='lat' dir='ltr'>Sed,</span> <span class='ocrx_word' id='word_1_302' title='bbox 2380 741 2441 792; x_wconf 85' lang='lat' dir='ltr'>ut</span> <span class='ocrx_word' id='word_1_303' title='bbox 2479 742 2603 810; x_wconf 83' lang='lat' dir='ltr'>dicit</span> 
     </span>
     <span class='ocr_line' id='line_1_58' title="bbox 1535 811 2601 880; baseline 0.002 -19"><span class='ocrx_word' id='word_1_304' title='bbox 1535 811 1839 878; x_wconf 82' lang='lat' dir='ltr'>Gregorius</span> <span class='ocrx_word' id='word_1_305' title='bbox 1846 850 1863 875; x_wconf 88' lang='lat'>,</span> <span class='ocrx_word' id='word_1_306' title='bbox 1911 814 2064 864; x_wconf 84' lang='lat' dir='ltr'>valde</span> <span class='ocrx_word' id='word_1_307' title='bbox 2103 813 2467 880; x_wconf 88' lang='lat' dir='ltr'>perfectorum</span> <span class='ocrx_word' id='word_1_308' title='bbox 2506 824 2601 875; x_wconf 91' lang='lat' dir='ltr'>est,</span> 
     </span>
     <span class='ocr_line' id='line_1_59' title="bbox 1530 884 2603 952; baseline 0.003 -18"><span class='ocrx_word' id='word_1_309' title='bbox 1530 884 1607 935; x_wconf 88' lang='lat' dir='ltr'>sic</span> <span class='ocrx_word' id='word_1_310' title='bbox 1634 894 1849 935; x_wconf 88' lang='lat' dir='ltr'>ostenso</span> <span class='ocrx_word' id='word_1_311' title='bbox 1882 901 2071 951; x_wconf 61' lang='lat' dir='ltr'>opere„</span> <span class='ocrx_word' id='word_1_312' title='bbox 2097 886 2324 952; x_wconf 87' lang='lat' dir='ltr'>gloriam</span> <span class='ocrx_word' id='word_1_313' title='bbox 2355 887 2603 937; x_wconf 84' lang='lat' dir='ltr'>Auctoris</span> 
     </span>
     <span class='ocr_line' id='line_1_60' title="bbox 1531 957 2604 1021; baseline 0.002 -16"><span class='ocrx_word' id='word_1_314' title='bbox 1531 969 1785 1021; x_wconf 87' lang='lat' dir='ltr'>quaerere,</span> <span class='ocrx_word' id='word_1_315' title='bbox 1812 965 1872 1005; x_wconf 89' lang='lat' dir='ltr'>ut</span> <span class='ocrx_word' id='word_1_316' title='bbox 1906 957 1973 1007; x_wconf 92' lang='lat' dir='ltr'>de</span> <span class='ocrx_word' id='word_1_317' title='bbox 2010 957 2156 1008; x_wconf 83' lang='lat' dir='ltr'>illata</span> <span class='ocrx_word' id='word_1_318' title='bbox 2202 958 2357 1007; x_wconf 90' lang='lat' dir='ltr'>laude</span> <span class='ocrx_word' id='word_1_319' title='bbox 2405 957 2604 1007; x_wconf 87' lang='lat' dir='ltr'>nesciat</span> 
     </span>
     <span class='ocr_line' id='line_1_61' title="bbox 1532 1025 2605 1094; baseline 0.002 -19"><span class='ocrx_word' id='word_1_320' title='bbox 1532 1025 1734 1092; x_wconf 86' lang='lat' dir='ltr'>privata</span> <span class='ocrx_word' id='word_1_321' title='bbox 1764 1026 2119 1078; x_wconf 84' lang='lat' dir='ltr'>exsultatione</span> <span class='ocrx_word' id='word_1_322' title='bbox 2163 1029 2418 1094; x_wconf 80' lang='lat' dir='ltr'>gaudere3</span> <span class='ocrx_word' id='word_1_323' title='bbox 2464 1044 2605 1093; x_wconf 90' lang='lat' dir='ltr'>quo-</span> 
     </span>
     <span class='ocr_line' id='line_1_62' title="bbox 1534 1096 2605 1166; baseline 0.004 -20"><span class='ocrx_word' id='word_1_324' title='bbox 1534 1096 1679 1147; x_wconf 88' lang='lat' dir='ltr'>niam</span> <span class='ocrx_word' id='word_1_325' title='bbox 1707 1097 1926 1158; x_wconf 89' lang='lat' dir='ltr'>infirmi,</span> <span class='ocrx_word' id='word_1_326' title='bbox 1947 1099 2078 1165; x_wconf 89' lang='lat' dir='ltr'>quia</span> <span class='ocrx_word' id='word_1_327' title='bbox 2110 1099 2339 1166; x_wconf 89' lang='lat' dir='ltr'>perfecte</span> <span class='ocrx_word' id='word_1_328' title='bbox 2358 1108 2605 1150; x_wconf 86' lang='lat' dir='ltr'>contem-</span> 
     </span>
     <span class='ocr_line' id='line_1_63' title="bbox 1533 1168 2606 1235; baseline 0.003 -18"><span class='ocrx_word' id='word_1_329' title='bbox 1533 1168 1706 1218; x_wconf 91' lang='lat' dir='ltr'>nendo</span> <span class='ocrx_word' id='word_1_330' title='bbox 1741 1184 1848 1218; x_wconf 92' lang='lat' dir='ltr'>non</span> <span class='ocrx_word' id='word_1_331' title='bbox 1888 1179 2162 1235; x_wconf 84' lang='lat' dir='ltr'>superant,</span> <span class='ocrx_word' id='word_1_332' title='bbox 2197 1179 2359 1220; x_wconf 85' lang='lat' dir='ltr'>restat</span> <span class='ocrx_word' id='word_1_333' title='bbox 2371 1184 2606 1227; x_wconf 60' lang='lat' dir='ltr'>„necesse</span> 
     </span>
     <span class='ocr_line' id='line_1_64' title="bbox 1533 1239 2605 1306; baseline 0.003 -18"><span class='ocrx_word' id='word_1_334' title='bbox 1533 1248 1630 1298; x_wconf 87' lang='lat' dir='ltr'>est,</span> <span class='ocrx_word' id='word_1_335' title='bbox 1656 1248 1716 1289; x_wconf 90' lang='lat' dir='ltr'>ut</span> <span class='ocrx_word' id='word_1_336' title='bbox 1753 1239 1957 1289; x_wconf 89' lang='lat' dir='ltr'>bonum</span> <span class='ocrx_word' id='word_1_337' title='bbox 1981 1240 2129 1306; x_wconf 89' lang='lat' dir='ltr'>quod</span> <span class='ocrx_word' id='word_1_338' title='bbox 2156 1250 2463 1306; x_wconf 91' lang='lat' dir='ltr'>operantur,</span> <span class='ocrx_word' id='word_1_339' title='bbox 2493 1240 2605 1291; x_wconf 79' lang='lat' dir='ltr'>abs-</span> 
     </span>
     <span class='ocr_line' id='line_1_65' title="bbox 1534 1311 1788 1362; baseline 0 -1"><span class='ocrx_word' id='word_1_340' title='bbox 1534 1311 1788 1362; x_wconf 87' lang='lat' dir='ltr'>condant.</span> 
     </span>
    </p>

    <p class='ocr_par' dir='ltr' id='par_1_8' title="bbox 1536 1383 2631 2796">
     <span class='ocr_line' id='line_1_66' title="bbox 1599 1383 2608 1436; baseline 0.004 -4"><span class='ocrx_word' id='word_1_341' title='bbox 1599 1398 1629 1432; x_wconf 86' lang='lat'><em>2</em></span> <span class='ocrx_word' id='word_1_342' title='bbox 1659 1383 1933 1434; x_wconf 73' lang='lat' dir='ltr'>Tmmcxs</span> <span class='ocrx_word' id='word_1_343' title='bbox 1977 1399 2199 1434; x_wconf 68' lang='lat' dir='ltr'>cennius</span> <span class='ocrx_word' id='word_1_344' title='bbox 2245 1400 2384 1435; x_wconf 72' lang='lat' dir='ltr'>sun-r</span> <span class='ocrx_word' id='word_1_345' title='bbox 2437 1401 2608 1436; x_wconf 63' lang='lat' dir='ltr'>omem</span> 
     </span>
     <span class='ocr_line' id='line_1_67' title="bbox 1536 1453 2604 1520; baseline 0.006 -19"><span class='ocrx_word' id='word_1_346' title='bbox 1536 1468 1688 1504; x_wconf 72' lang='lat' dir='ltr'>nom.</span> <span class='ocrx_word' id='word_1_347' title='bbox 1722 1481 1785 1491; x_wconf 91' lang='lat'>—-</span> <span class='ocrx_word' id='word_1_348' title='bbox 1811 1453 2014 1504; x_wconf 91' lang='lat' dir='ltr'>Deinde</span> <span class='ocrx_word' id='word_1_349' title='bbox 2034 1463 2323 1519; x_wconf 87' lang='lat' dir='ltr'>postquam</span> <span class='ocrx_word' id='word_1_350' title='bbox 2347 1457 2604 1520; x_wconf 86' lang='lat' dir='ltr'>generali-</span> 
     </span>
     <span class='ocr_line' id='line_1_68' title="bbox 1536 1524 2608 1589; baseline 0.004 -15"><span class='ocrx_word' id='word_1_351' title='bbox 1536 1534 1616 1574; x_wconf 92' lang='lat' dir='ltr'>ter</span> <span class='ocrx_word' id='word_1_352' title='bbox 1652 1524 1911 1589; x_wconf 83' lang='lat' dir='ltr'>justitiam</span> <span class='ocrx_word' id='word_1_353' title='bbox 1944 1525 2261 1586; x_wconf 86' lang='lat' dir='ltr'>nominavit,</span> <span class='ocrx_word' id='word_1_354' title='bbox 2295 1542 2440 1576; x_wconf 89' lang='lat' dir='ltr'>nunc</span> <span class='ocrx_word' id='word_1_355' title='bbox 2474 1543 2608 1578; x_wconf 87' lang='lat' dir='ltr'>con-</span> 
     </span>
     <span class='ocr_line' id='line_1_69' title="bbox 1538 1597 2610 1663; baseline 0.004 -17"><span class='ocrx_word' id='word_1_356' title='bbox 1538 1605 1822 1662; x_wconf 90' lang='lat' dir='ltr'>sequenter</span> <span class='ocrx_word' id='word_1_357' title='bbox 1849 1610 1943 1661; x_wconf 88' lang='lat' dir='ltr'>per</span> <span class='ocrx_word' id='word_1_358' title='bbox 1980 1607 2156 1661; x_wconf 87' lang='lat' dir='ltr'>partes</span> <span class='ocrx_word' id='word_1_359' title='bbox 2188 1597 2520 1663; x_wconf 83' lang='lat' dir='ltr'>exsequitur,</span> <span class='ocrx_word' id='word_1_360' title='bbox 2557 1609 2610 1651; x_wconf 90' lang='lat' dir='ltr'>et</span> 
     </span>
     <span class='ocr_line' id='line_1_70' title="bbox 1539 1668 2609 1736; baseline 0.004 -19"><span class='ocrx_word' id='word_1_361' title='bbox 1539 1668 1838 1733; x_wconf 88' lang='lat' dir='ltr'>specialiter</span> <span class='ocrx_word' id='word_1_362' title='bbox 1877 1668 2126 1734; x_wconf 87' lang='lat' dir='ltr'>prohibet</span> <span class='ocrx_word' id='word_1_363' title='bbox 2167 1668 2219 1718; x_wconf 90' lang='lat' dir='ltr'>in</span> <span class='ocrx_word' id='word_1_364' title='bbox 2252 1670 2609 1736; x_wconf 80' lang='lat' dir='ltr'>eleemosyna,</span> 
     </span>
     <span class='ocr_line' id='line_1_71' title="bbox 1539 1738 2611 1807; baseline 0.003 -19"><span class='ocrx_word' id='word_1_365' title='bbox 1539 1747 1592 1788; x_wconf 93' lang='lat' dir='ltr'>et</span> <span class='ocrx_word' id='word_1_366' title='bbox 1621 1738 1878 1801; x_wconf 90' lang='lat' dir='ltr'>oratione,</span> <span class='ocrx_word' id='word_1_367' title='bbox 1908 1753 1968 1788; x_wconf 90' lang='lat' dir='ltr'>ac</span> <span class='ocrx_word' id='word_1_368' title='bbox 2007 1738 2225 1803; x_wconf 76' lang='lat' dir='ltr'>jejuni0,</span> <span class='ocrx_word' id='word_1_369' title='bbox 2256 1755 2450 1790; x_wconf 88' lang='lat' dir='ltr'>vanam</span> <span class='ocrx_word' id='word_1_370' title='bbox 2489 1742 2611 1807; x_wconf 88' lang='lat' dir='ltr'>glo-</span> 
     </span>
     <span class='ocr_line' id='line_1_72' title="bbox 1540 1807 2611 1877; baseline 0.004 -20"><span class='ocrx_word' id='word_1_371' title='bbox 1540 1808 1675 1858; x_wconf 88' lang='lat' dir='ltr'>riam</span> <span class='ocrx_word' id='word_1_372' title='bbox 1699 1808 1884 1873; x_wconf 81' lang='lat' dir='ltr'>quaeri,</span> <span class='ocrx_word' id='word_1_373' title='bbox 1911 1807 2038 1874; x_wconf 88' lang='lat' dir='ltr'>quia</span> <span class='ocrx_word' id='word_1_374' title='bbox 2057 1808 2173 1864; x_wconf 79' lang='lat' dir='ltr'>haec</span> <span class='ocrx_word' id='word_1_375' title='bbox 2209 1809 2312 1860; x_wconf 90' lang='lat' dir='ltr'>tria</span> <span class='ocrx_word' id='word_1_376' title='bbox 2349 1811 2611 1877; x_wconf 72' lang='lat' dir='ltr'>praecipue</span> 
     </span>
     <span class='ocr_line' id='line_1_73' title="bbox 1540 1878 2610 1945; baseline 0.004 -18"><span class='ocrx_word' id='word_1_377' title='bbox 1540 1879 1814 1928; x_wconf 89' lang='lat' dir='ltr'>consuevit</span> <span class='ocrx_word' id='word_1_378' title='bbox 1873 1878 2052 1930; x_wconf 83' lang='lat' dir='ltr'>inanis</span> <span class='ocrx_word' id='word_1_379' title='bbox 2117 1879 2287 1945; x_wconf 86' lang='lat' dir='ltr'>gloria</span> <span class='ocrx_word' id='word_1_380' title='bbox 2346 1881 2610 1931; x_wconf 89' lang='lat' dir='ltr'>comitari.</span> 
     </span>
     <span class='ocr_line' id='line_1_74' title="bbox 1543 1948 2612 2017; baseline 0.003 -19"><span class='ocrx_word' id='word_1_381' title='bbox 1543 1949 1667 1999; x_wconf 88' lang='lat' dir='ltr'>Haec</span> <span class='ocrx_word' id='word_1_382' title='bbox 1707 1959 1835 1999; x_wconf 91' lang='lat' dir='ltr'>sunt</span> <span class='ocrx_word' id='word_1_383' title='bbox 1872 1948 1975 1999; x_wconf 89' lang='lat' dir='ltr'>tria</span> <span class='ocrx_word' id='word_1_384' title='bbox 2011 1948 2391 2000; x_wconf 87' lang='lat' dir='ltr'>satisfactionis</span> <span class='ocrx_word' id='word_1_385' title='bbox 2433 1966 2612 2017; x_wconf 89' lang='lat' dir='ltr'>opera,</span> 
     </span>
     <span class='ocr_line' id='line_1_75' title="bbox 1541 2018 2614 2085; baseline 0.003 -17"><span class='ocrx_word' id='word_1_386' title='bbox 1541 2018 1747 2069; x_wconf 88' lang='lat' dir='ltr'>scilicet</span> <span class='ocrx_word' id='word_1_387' title='bbox 1777 2020 2113 2084; x_wconf 81' lang='lat' dir='ltr'>eleemosyna</span> <span class='ocrx_word' id='word_1_388' title='bbox 2133 2030 2314 2069; x_wconf 88' lang='lat' dir='ltr'>contra</span> <span class='ocrx_word' id='word_1_389' title='bbox 2330 2031 2614 2085; x_wconf 45' lang='lat' dir='ltr'>¹peccatum</span> 
     </span>
     <span class='ocr_line' id='line_1_76' title="bbox 1543 2089 2615 2157; baseline 0.002 -17"><span class='ocrx_word' id='word_1_390' title='bbox 1543 2089 1600 2140; x_wconf 89' lang='lat' dir='ltr'>in</span> <span class='ocrx_word' id='word_1_391' title='bbox 1638 2089 1966 2155; x_wconf 87' lang='lat' dir='ltr'>proximum,</span> <span class='ocrx_word' id='word_1_392' title='bbox 2002 2089 2171 2140; x_wconf 88' lang='lat' dir='ltr'>oratio</span> <span class='ocrx_word' id='word_1_393' title='bbox 2209 2100 2389 2141; x_wconf 87' lang='lat' dir='ltr'>contra</span> <span class='ocrx_word' id='word_1_394' title='bbox 2428 2106 2615 2157; x_wconf 83' lang='lat' dir='ltr'>pecca-</span> 
     </span>
     <span class='ocr_line' id='line_1_77' title="bbox 1543 2159 2616 2228; baseline 0.001 -18"><span class='ocrx_word' id='word_1_395' title='bbox 1543 2170 1659 2210; x_wconf 89' lang='lat' dir='ltr'>tum</span> <span class='ocrx_word' id='word_1_396' title='bbox 1690 2160 1747 2210; x_wconf 87' lang='lat' dir='ltr'>in</span> <span class='ocrx_word' id='word_1_397' title='bbox 1776 2160 1968 2220; x_wconf 91' lang='lat' dir='ltr'>Deum,</span> <span class='ocrx_word' id='word_1_398' title='bbox 1992 2159 2254 2224; x_wconf 83' lang='lat' dir='ltr'>jejunium</span> <span class='ocrx_word' id='word_1_399' title='bbox 2277 2169 2465 2210; x_wconf 89' lang='lat' dir='ltr'>contra</span> <span class='ocrx_word' id='word_1_400' title='bbox 2490 2176 2616 2228; x_wconf 90' lang='lat' dir='ltr'>pec·-</span> 
     </span>
     <span class='ocr_line' id='line_1_78' title="bbox 1543 2231 2631 2298; baseline 0 -15"><span class='ocrx_word' id='word_1_401' title='bbox 1543 2243 1719 2283; x_wconf 89' lang='lat' dir='ltr'>catum</span> <span class='ocrx_word' id='word_1_402' title='bbox 1763 2232 1818 2282; x_wconf 90' lang='lat' dir='ltr'>in</span> <span class='ocrx_word' id='word_1_403' title='bbox 1868 2231 2239 2298; x_wconf 86' lang='lat' dir='ltr'>semetipsum.</span> <span class='ocrx_word' id='word_1_404' title='bbox 2280 2233 2404 2282; x_wconf 87' lang='lat' dir='ltr'>Haec</span> <span class='ocrx_word' id='word_1_405' title='bbox 2454 2234 2631 2293; x_wconf 74' lang='lat' dir='ltr'>etiam,</span> 
     </span>
     <span class='ocr_line' id='line_1_79' title="bbox 1544 2305 2619 2371; baseline 0.002 -16"><span class='ocrx_word' id='word_1_406' title='bbox 1544 2305 1645 2356; x_wconf 91' lang='lat' dir='ltr'>tria</span> <span class='ocrx_word' id='word_1_407' title='bbox 1678 2306 1857 2355; x_wconf 85' lang='lat' dir='ltr'>valent</span> <span class='ocrx_word' id='word_1_408' title='bbox 1903 2314 2089 2355; x_wconf 87' lang='lat' dir='ltr'>contra</span> <span class='ocrx_word' id='word_1_409' title='bbox 2117 2315 2223 2356; x_wconf 89' lang='lat' dir='ltr'>tres</span> <span class='ocrx_word' id='word_1_410' title='bbox 2260 2305 2464 2356; x_wconf 84' lang='lat' dir='ltr'>radices</span> <span class='ocrx_word' id='word_1_411' title='bbox 2492 2322 2619 2371; x_wconf 90' lang='lat' dir='ltr'>pec-</span> 
     </span>
     <span class='ocr_line' id='line_1_80' title="bbox 1544 2374 2620 2439; baseline 0.001 -14"><span class='ocrx_word' id='word_1_412' title='bbox 1544 2384 1805 2439; x_wconf 88' lang='lat' dir='ltr'>catorum,</span> <span class='ocrx_word' id='word_1_413' title='bbox 1846 2374 2048 2426; x_wconf 88' lang='lat' dir='ltr'>scilicet</span> <span class='ocrx_word' id='word_1_414' title='bbox 2093 2385 2275 2425; x_wconf 88' lang='lat' dir='ltr'>contra</span> <span class='ocrx_word' id='word_1_415' title='bbox 2328 2375 2431 2426; x_wconf 89' lang='lat' dir='ltr'>tria</span> <span class='ocrx_word' id='word_1_416' title='bbox 2481 2377 2620 2426; x_wconf 77' lang='lat' dir='ltr'>mala</span> 
     </span>
     <span class='ocr_line' id='line_1_81' title="bbox 1544 2446 2621 2512; baseline 0.002 -16"><span class='ocrx_word' id='word_1_417' title='bbox 1544 2462 1665 2512; x_wconf 86' lang='lat' dir='ltr'>quae</span> <span class='ocrx_word' id='word_1_418' title='bbox 1710 2446 1768 2496; x_wconf 89' lang='lat' dir='ltr'>in</span> <span class='ocrx_word' id='word_1_419' title='bbox 1808 2447 2011 2497; x_wconf 89' lang='lat' dir='ltr'>mundo</span> <span class='ocrx_word' id='word_1_420' title='bbox 2040 2454 2168 2496; x_wconf 89' lang='lat' dir='ltr'>sunt</span> <span class='ocrx_word' id='word_1_421' title='bbox 2217 2462 2231 2495; x_wconf 92' lang='lat'><strong>:</strong></span> <span class='ocrx_word' id='word_1_422' title='bbox 2278 2447 2621 2512; x_wconf 86' lang='lat' dir='ltr'>eleemosyna</span> 
     </span>
     <span class='ocr_line' id='line_1_82' title="bbox 1546 2515 2621 2582; baseline 0.001 -16"><span class='ocrx_word' id='word_1_423' title='bbox 1546 2516 1691 2566; x_wconf 89' lang='lat' dir='ltr'>enim</span> <span class='ocrx_word' id='word_1_424' title='bbox 1731 2526 1810 2567; x_wconf 86' lang='lat' dir='ltr'>est</span> <span class='ocrx_word' id='word_1_425' title='bbox 1858 2515 2077 2581; x_wconf 86' lang='lat' dir='ltr'>justitia,</span> <span class='ocrx_word' id='word_1_426' title='bbox 2125 2525 2305 2566; x_wconf 89' lang='lat' dir='ltr'>contra</span> <span class='ocrx_word' id='word_1_427' title='bbox 2356 2517 2621 2582; x_wconf 83' lang='lat' dir='ltr'>concupi·</span> 
     </span>
     <span class='ocr_line' id='line_1_83' title="bbox 1547 2587 2623 2651; baseline 0 -13"><span class='ocrx_word' id='word_1_428' title='bbox 1547 2588 1803 2638; x_wconf 89' lang='lat' dir='ltr'>scentiam</span> <span class='ocrx_word' id='word_1_429' title='bbox 1851 2589 2160 2650; x_wconf 81' lang='lat' dir='ltr'>oculorum3</span> <span class='ocrx_word' id='word_1_430' title='bbox 2201 2587 2393 2651; x_wconf 85' lang='lat' dir='ltr'>oratio,</span> <span class='ocrx_word' id='word_1_431' title='bbox 2436 2598 2623 2639; x_wconf 89' lang='lat' dir='ltr'>contra</span> 
     </span>
     <span class='ocr_line' id='line_1_84' title="bbox 1546 2660 2624 2726; baseline 0 -15"><span class='ocrx_word' id='word_1_432' title='bbox 1546 2661 1850 2726; x_wconf 88' lang='lat' dir='ltr'>superbiam</span> <span class='ocrx_word' id='word_1_433' title='bbox 1894 2661 2044 2724; x_wconf 84' lang='lat' dir='ltr'>vitae;</span> <span class='ocrx_word' id='word_1_434' title='bbox 2085 2660 2383 2725; x_wconf 87' lang='lat' dir='ltr'>jejunium,</span> <span class='ocrx_word' id='word_1_435' title='bbox 2432 2672 2624 2712; x_wconf 87' lang='lat' dir='ltr'>contra</span> 
     </span>
     <span class='ocr_line' id='line_1_85' title="bbox 1546 2730 2243 2796; baseline 0.001 -16"><span class='ocrx_word' id='word_1_436' title='bbox 1546 2730 2032 2796; x_wconf 87' lang='lat' dir='ltr'>concupiscentiam</span> <span class='ocrx_word' id='word_1_437' title='bbox 2054 2730 2243 2781; x_wconf 75' lang='lat' dir='ltr'>carnis·</span> 
     </span>
    </p>

    <p class='ocr_par' dir='ltr' id='par_1_9' title="bbox 1548 2800 2631 4008">
     <span class='ocr_line' id='line_1_86' title="bbox 1613 2800 2626 2858; baseline -0.001 -7"><span class='ocrx_word' id='word_1_438' title='bbox 1613 2800 1640 2851; x_wconf 85' lang='lat'><em>3</em></span> <span class='ocrx_word' id='word_1_439' title='bbox 1674 2802 1753 2851; x_wconf 74' lang='lat' dir='ltr'>De</span> <span class='ocrx_word' id='word_1_440' title='bbox 1786 2817 2121 2851; x_wconf 65' lang='lat' dir='ltr'>enai-:uosrm</span> <span class='ocrx_word' id='word_1_441' title='bbox 2150 2816 2215 2850; x_wconf 72' lang='grc' dir='ltr'>ΕΤ</span> <span class='ocrx_word' id='word_1_442' title='bbox 2246 2816 2509 2858; x_wconf 72' lang='lat' dir='ltr'>Quouono</span> <span class='ocrx_word' id='word_1_443' title='bbox 2540 2816 2626 2850; x_wconf 78' lang='lat' dir='ltr'>FA-</span> 
     </span>
     <span class='ocr_line' id='line_1_87' title="bbox 1550 2871 2627 2938; baseline 0 -18"><span class='ocrx_word' id='word_1_444' title='bbox 1550 2887 1753 2935; x_wconf 68' lang='lat' dir='ltr'>cusnm.</span> <span class='ocrx_word' id='word_1_445' title='bbox 1804 2900 1864 2910; x_wconf 88' lang='lat'>—</span> <span class='ocrx_word' id='word_1_446' title='bbox 1914 2872 2006 2922; x_wconf 84' lang='lat' dir='ltr'>Ait</span> <span class='ocrx_word' id='word_1_447' title='bbox 2053 2887 2180 2938; x_wconf 89' lang='lat' dir='ltr'>ergo</span> <span class='ocrx_word' id='word_1_448' title='bbox 2233 2888 2246 2921; x_wconf 73' lang='grc' dir='ltr'><strong><em>ε</em></strong></span> <span class='ocrx_word' id='word_1_449' title='bbox 2292 2872 2428 2921; x_wconf 86' lang='lat' dir='ltr'>Cum</span> <span class='ocrx_word' id='word_1_450' title='bbox 2466 2871 2627 2936; x_wconf 75' lang='lat' dir='ltr'>sacis</span> 
     </span>
     <span class='ocr_line' id='line_1_88' title="bbox 1549 2943 2630 3013; baseline -0.001 -19"><span class='ocrx_word' id='word_1_451' title='bbox 1549 2945 1970 3013; x_wconf 78' lang='lat' dir='ltr'>eleemosynam,</span> <span class='ocrx_word' id='word_1_452' title='bbox 2018 2944 2347 3010; x_wconf 76' lang='lat' dir='ltr'>corporalem</span> <span class='ocrx_word' id='word_1_453' title='bbox 2415 2943 2630 2993; x_wconf 89' lang='lat' dir='ltr'>scilicet</span> 
     </span>
     <span class='ocr_line' id='line_1_89' title="bbox 1549 3017 2627 3084; baseline -0.002 -17"><span class='ocrx_word' id='word_1_454' title='bbox 1549 3018 1631 3068; x_wconf 86' lang='lat' dir='ltr'>vel</span> <span class='ocrx_word' id='word_1_455' title='bbox 1687 3018 2047 3084; x_wconf 88' lang='lat' dir='ltr'>spiritualem,</span> <span class='ocrx_word' id='word_1_456' title='bbox 2093 3017 2204 3069; x_wconf 88' lang='lat' dir='ltr'>noli</span> <span class='ocrx_word' id='word_1_457' title='bbox 2255 3017 2379 3066; x_wconf 82' lang='lat' dir='ltr'>tuba</span> <span class='ocrx_word' id='word_1_458' title='bbox 2429 3029 2627 3066; x_wconf 78' lang='lat' dir='ltr'>canere</span> 
     </span>
     <span class='ocr_line' id='line_1_90' title="bbox 1548 3085 2628 3155; baseline -0.006 -15"><span class='ocrx_word' id='word_1_459' title='bbox 1548 3096 1674 3140; x_wconf 85' lang='lat' dir='ltr'>ante</span> <span class='ocrx_word' id='word_1_460' title='bbox 1702 3096 1766 3152; x_wconf 81' lang='lat' dir='ltr'>te,</span> <span class='ocrx_word' id='word_1_461' title='bbox 1804 3089 1942 3140; x_wconf 83' lang='lat' dir='ltr'>sicut</span> <span class='ocrx_word' id='word_1_462' title='bbox 1969 3089 2190 3155; x_wconf 84' lang='lat' dir='ltr'>faciunt</span> <span class='ocrx_word' id='word_1_463' title='bbox 2216 3087 2545 3155; x_wconf 79' lang='lat' dir='ltr'>hypocritae,</span> <span class='ocrx_word' id='word_1_464' title='bbox 2573 3085 2628 3135; x_wconf 90' lang='lat' dir='ltr'>id</span> 
     </span>
     <span class='ocr_line' id='line_1_91' title="bbox 1550 3158 2630 3213; baseline -0.005 -1"><span class='ocrx_word' id='word_1_465' title='bbox 1550 3173 1630 3213; x_wconf 92' lang='lat' dir='ltr'>est</span> <span class='ocrx_word' id='word_1_466' title='bbox 1678 3161 1789 3212; x_wconf 90' lang='lat' dir='ltr'>noli</span> <span class='ocrx_word' id='word_1_467' title='bbox 1836 3177 1953 3212; x_wconf 87' lang='lat' dir='ltr'>earn</span> <span class='ocrx_word' id='word_1_468' title='bbox 1993 3160 2162 3211; x_wconf 84' lang='lat' dir='ltr'>facere</span> <span class='ocrx_word' id='word_1_469' title='bbox 2202 3160 2260 3210; x_wconf 91' lang='lat' dir='ltr'>in</span> <span class='ocrx_word' id='word_1_470' title='bbox 2304 3158 2630 3209; x_wconf 85' lang='lat' dir='ltr'>manifesta-—</span> 
     </span>
     <span class='ocr_line' id='line_1_92' title="bbox 1550 3229 2631 3295; baseline -0.004 -13"><span class='ocrx_word' id='word_1_471' title='bbox 1550 3231 1716 3292; x_wconf 89' lang='lat' dir='ltr'>tione,</span> <span class='ocrx_word' id='word_1_472' title='bbox 1739 3240 1792 3282; x_wconf 89' lang='lat' dir='ltr'>et</span> <span class='ocrx_word' id='word_1_473' title='bbox 1827 3232 1961 3282; x_wconf 92' lang='lat' dir='ltr'>velle</span> <span class='ocrx_word' id='word_1_474' title='bbox 1995 3231 2359 3293; x_wconf 87' lang='lat' dir='ltr'>innotescere,</span> <span class='ocrx_word' id='word_1_475' title='bbox 2399 3239 2461 3280; x_wconf 89' lang='lat' dir='ltr'>ut</span> <span class='ocrx_word' id='word_1_476' title='bbox 2507 3229 2631 3295; x_wconf 87' lang='lat' dir='ltr'>glo-</span> 
     </span>
     <span class='ocr_line' id='line_1_93' title="bbox 1553 3301 2630 3366; baseline -0.004 -13"><span class='ocrx_word' id='word_1_477' title='bbox 1553 3302 1707 3353; x_wconf 86' lang='lat' dir='ltr'>rieris</span> <span class='ocrx_word' id='word_1_478' title='bbox 1748 3302 1805 3352; x_wconf 91' lang='lat' dir='ltr'>in</span> <span class='ocrx_word' id='word_1_479' title='bbox 1844 3302 1999 3354; x_wconf 88' lang='lat' dir='ltr'>laude</span> <span class='ocrx_word' id='word_1_480' title='bbox 2038 3312 2147 3362; x_wconf 89' lang='lat' dir='ltr'>tua,</span> <span class='ocrx_word' id='word_1_481' title='bbox 2178 3302 2315 3352; x_wconf 88' lang='lat' dir='ltr'>sicut</span> <span class='ocrx_word' id='word_1_482' title='bbox 2344 3301 2436 3361; x_wconf 85' lang='lat' dir='ltr'>ille</span> <span class='ocrx_word' id='word_1_483' title='bbox 2463 3315 2630 3366; x_wconf 84' lang='lat' dir='ltr'>aper-</span> 
     </span>
     <span class='ocr_line' id='line_1_94' title="bbox 1551 3371 2623 3439; baseline -0.003 -17"><span class='ocrx_word' id='word_1_484' title='bbox 1551 3383 1670 3423; x_wconf 90' lang='lat' dir='ltr'>tum</span> <span class='ocrx_word' id='word_1_485' title='bbox 1710 3372 1800 3423; x_wconf 89' lang='lat' dir='ltr'>dat</span> <span class='ocrx_word' id='word_1_486' title='bbox 1841 3373 2057 3439; x_wconf 87' lang='lat' dir='ltr'>signum</span> <span class='ocrx_word' id='word_1_487' title='bbox 2082 3411 2096 3436; x_wconf 91' lang='lat'>,</span> <span class='ocrx_word' id='word_1_488' title='bbox 2142 3372 2237 3438; x_wconf 90' lang='lat' dir='ltr'>qui</span> <span class='ocrx_word' id='word_1_489' title='bbox 2277 3371 2424 3422; x_wconf 88' lang='lat' dir='ltr'>canit</span> <span class='ocrx_word' id='word_1_490' title='bbox 2465 3371 2623 3421; x_wconf 86' lang='lat' dir='ltr'>tuba.</span> 
     </span>
     <span class='ocr_line' id='line_1_95' title="bbox 1554 3442 2629 3509; baseline -0.003 -17"><span class='ocrx_word' id='word_1_491' title='bbox 1554 3443 1674 3492; x_wconf 92' lang='lat' dir='ltr'>Non</span> <span class='ocrx_word' id='word_1_492' title='bbox 1726 3450 1807 3492; x_wconf 88' lang='lat' dir='ltr'>est</span> <span class='ocrx_word' id='word_1_493' title='bbox 1861 3442 2063 3509; x_wconf 89' lang='lat' dir='ltr'>ingrata</span> <span class='ocrx_word' id='word_1_494' title='bbox 2116 3444 2228 3493; x_wconf 92' lang='lat' dir='ltr'>Deo</span> <span class='ocrx_word' id='word_1_495' title='bbox 2280 3443 2629 3506; x_wconf 86' lang='lat' dir='ltr'>eleemosyna</span> 
     </span>
     <span class='ocr_line' id='line_1_96' title="bbox 1551 3509 2630 3579; baseline -0.003 -18"><span class='ocrx_word' id='word_1_496' title='bbox 1551 3527 1672 3578; x_wconf 87' lang='lat' dir='ltr'>quae</span> <span class='ocrx_word' id='word_1_497' title='bbox 1696 3511 1926 3576; x_wconf 87' lang='lat' dir='ltr'>videtur,</span> <span class='ocrx_word' id='word_1_498' title='bbox 1951 3513 2042 3563; x_wconf 87' lang='lat' dir='ltr'>sed</span> <span class='ocrx_word' id='word_1_499' title='bbox 2073 3529 2193 3579; x_wconf 85' lang='lat' dir='ltr'>quae</span> <span class='ocrx_word' id='word_1_500' title='bbox 2222 3512 2343 3562; x_wconf 90' lang='lat' dir='ltr'>ideo</span> <span class='ocrx_word' id='word_1_501' title='bbox 2371 3510 2433 3562; x_wconf 89' lang='lat' dir='ltr'>fit</span> <span class='ocrx_word' id='word_1_502' title='bbox 2462 3522 2526 3561; x_wconf 91' lang='lat' dir='ltr'>ut</span> <span class='ocrx_word' id='word_1_503' title='bbox 2554 3509 2630 3559; x_wconf 79' lang='lat' dir='ltr'>vi·</span> 
     </span>
     <span class='ocr_line' id='line_1_97' title="bbox 1550 3579 2629 3649; baseline -0.003 -18"><span class='ocrx_word' id='word_1_504' title='bbox 1550 3583 1755 3633; x_wconf 88' lang='lat' dir='ltr'>deatur.</span> <span class='ocrx_word' id='word_1_505' title='bbox 1795 3582 1860 3633; x_wconf 89' lang='lat' dir='ltr'>Et</span> <span class='ocrx_word' id='word_1_506' title='bbox 1904 3583 2033 3649; x_wconf 90' lang='lat' dir='ltr'>quia</span> <span class='ocrx_word' id='word_1_507' title='bbox 2080 3585 2210 3634; x_wconf 89' lang='lat' dir='ltr'>tales</span> <span class='ocrx_word' id='word_1_508' title='bbox 2255 3579 2629 3649; x_wconf 89' lang='lat' dir='ltr'>principaliter</span> 
     </span>
     <span class='ocr_line' id='line_1_98' title="bbox 1550 3651 2628 3704; baseline -0.005 -1"><span class='ocrx_word' id='word_1_509' title='bbox 1550 3651 1835 3703; x_wconf 88' lang='lat' dir='ltr'>intendunt</span> <span class='ocrx_word' id='word_1_510' title='bbox 1862 3652 2123 3704; x_wconf 89' lang='lat' dir='ltr'>honorem</span> <span class='ocrx_word' id='word_1_511' title='bbox 2142 3668 2341 3703; x_wconf 80' lang='lat' dir='ltr'>vanum</span> <span class='ocrx_word' id='word_1_512' title='bbox 2365 3662 2419 3701; x_wconf 93' lang='lat' dir='ltr'>et</span> <span class='ocrx_word' id='word_1_513' title='bbox 2458 3660 2628 3700; x_wconf 86' lang='lat' dir='ltr'>trans·</span> 
     </span>
     <span class='ocr_line' id='line_1_99' title="bbox 1554 3725 2627 3787; baseline -0.006 -12"><span class='ocrx_word' id='word_1_514' title='bbox 1554 3725 1806 3787; x_wconf 88' lang='lat' dir='ltr'>itorium,</span> <span class='ocrx_word' id='word_1_515' title='bbox 1860 3725 1980 3778; x_wconf 88' lang='lat' dir='ltr'>ideo</span> <span class='ocrx_word' id='word_1_516' title='bbox 2034 3727 2294 3777; x_wconf 88' lang='lat' dir='ltr'>amittunt</span> <span class='ocrx_word' id='word_1_517' title='bbox 2339 3739 2529 3775; x_wconf 85' lang='lat' dir='ltr'>verum</span> <span class='ocrx_word' id='word_1_518' title='bbox 2571 3729 2627 3770; x_wconf 91' lang='lat' dir='ltr'>et</span> 
     </span>
     <span class='ocr_line' id='line_1_100' title="bbox 1549 3796 2624 3863; baseline -0.005 -17"><span class='ocrx_word' id='word_1_519' title='bbox 1549 3808 1827 3847; x_wconf 87' lang='lat' dir='ltr'>aeternum.</span> <span class='ocrx_word' id='word_1_520' title='bbox 1888 3798 2039 3849; x_wconf 88' lang='lat' dir='ltr'>Unde</span> <span class='ocrx_word' id='word_1_521' title='bbox 2088 3797 2335 3863; x_wconf 89' lang='lat' dir='ltr'>sequitur</span> <span class='ocrx_word' id='word_1_522' title='bbox 2389 3813 2404 3846; x_wconf 71' lang='grc' dir='ltr'>ε</span> <span class='ocrx_word' id='word_1_523' title='bbox 2451 3796 2624 3844; x_wconf 72' lang='lat' dir='ltr'>Amen</span> 
     </span>
     <span class='ocr_line' id='line_1_101' title="bbox 1552 3863 2622 3934; baseline -0.006 -16"><span class='ocrx_word' id='word_1_524' title='bbox 1552 3868 1671 3918; x_wconf 85' lang='lat' dir='ltr'>dico</span> <span class='ocrx_word' id='word_1_525' title='bbox 1725 3867 1910 3932; x_wconf 75' lang='lat' dir='ltr'>vobiS,</span> <span class='ocrx_word' id='word_1_526' title='bbox 1960 3874 2270 3934; x_wconf 81' lang='lat' dir='ltr'>receperunt</span> <span class='ocrx_word' id='word_1_527' title='bbox 2326 3863 2622 3917; x_wconf 85' lang='lat' dir='ltr'>mercedem</span> 
     </span>
     <span class='ocr_line' id='line_1_102' title="bbox 1552 3939 2622 4008; baseline -0.007 -14"><span class='ocrx_word' id='word_1_528' title='bbox 1552 3954 1733 4000; x_wconf 81' lang='lat' dir='ltr'>suam,</span> <span class='ocrx_word' id='word_1_529' title='bbox 1776 3941 1978 3994; x_wconf 89' lang='lat' dir='ltr'>scilicet</span> <span class='ocrx_word' id='word_1_530' title='bbox 2023 3939 2252 4008; x_wconf 88' lang='lat' dir='ltr'>gloriam</span> <span class='ocrx_word' id='word_1_531' title='bbox 2304 3939 2622 3996; x_wconf 86' lang='lat' dir='ltr'>humanam,</span> 
     </span>
    </p>
   </div>
  </div>
 </body>
</html>
