2784 4452
903 246 1143 298 PRIMAE
1177 245 1425 297 PARTIS
1456 246 1690 298 CAPUT
1720 249 1933 301 XXVII.

293 363 412 415 cula
435 371 487 413 et
508 361 608 413 tibi
637 361 988 429 displicentia,
1013 359 1276 413 mundans
1295 377 1381 412 me
1400 362 1467 413 ab
1486 363 1745 416 omnibus
1759 363 2206 430 inquinamentis,
2227 375 2279 416 et
2296 366 2522 419 maculis

294 433 491 484 mentis
522 443 575 484 et
602 433 858 499 corporiS,
885 443 936 484 et
968 433 1048 484 fac
1076 434 1142 483 de
1169 448 1256 482 me
1277 432 1377 483 tibi
1409 434 1671 499 ternplum
1701 444 1911 500 gratum
1948 445 2001 486 et
2028 436 2300 497 idoneum,
2329 436 2388 487 in
2410 453 2522 503 quo

295 504 536 555 habitare
562 504 837 554 delecteris
871 514 949 568 tu,
978 505 1130 570 cujus
1153 502 1358 554 deliciae
1389 514 1514 554 sunt
1542 519 1657 554 esse
1681 520 1806 555 cum
1836 504 1964 555 filiis
1993 506 2301 575 hominum.
2340 506 2388 557 O
2418 507 2531 561 Sa·-⁴

294 575 512 641 pientia,
541 591 662 642 quae
694 590 757 625 ex
776 591 868 626 ore
890 573 1155 626 Altissimi
1183 574 1452 639 prodiisti,
1484 585 1535 625 et
1560 574 1811 642 Magister
1832 575 1925 642 qui
1949 592 1979 627 a
2004 578 2116 627 Deo
2143 577 2356 637 venisti,
2387 577 2523 629 doce

294 666 399 714 me,
443 665 646 716 quaes0,
689 664 720 700 a
748 650 889 699 malo
926 649 1195 700 declinare
1223 658 1275 698 et
1302 649 1508 699 bonum
1549 648 1735 710 facere,
1773 660 1985 701 terrena
2009 652 2276 717 despicere
2315 662 2368 702 et
2409 668 2519 703 coe-

293 723 447 774 lestia
471 737 667 782 amare,
709 732 769 773 ut
793 731 1025 773 veterem
1065 721 1344 772 hominem
1368 736 1496 771 eum
1524 721 1647 772 suis·
1664 722 1871 772 actibus
1898 738 2097 774 exuens
2124 731 2176 775 et
2203 740 2403 775 novum
2432 724 2518 774 in-

293 797 484 861 duens,
530 795 681 864 quasi
732 796 799 846 de
848 811 989 847 novo
1029 805 1187 847 natus
1231 810 1460 860 regnum
1497 804 1653 846 tuum
1691 795 1919 847 introire
1962 812 2181 861 merear,
2226 807 2278 848 et
2316 797 2514 851 videre.

294 871 483 922 Amen.

300 262 402 312 272

1069 1193 1404 1264 CAPUT
1470 1193 1747 1263 XXVII

670 1469 775 1537 De
821 1466 1373 1538 incarceratione
1416 1468 1714 1537 Joannz’s
1759 1469 2120 1562 Baptistae.
2153 1504 2157 1506 -

813 1740 1081 1805 Joannis
1125 1760 1259 1825 cap.
1301 1744 1333 1805 3
1379 1755 1440 1806 et
1485 1742 1684 1805 Marci
1725 1761 1858 1826 cap.
1910 1746 1970 1807 6.

351 1997 371 2033 1
407 1983 677 2034 Cuius-rus
702 1998 771 2032 ετ
808 1996 1071 2032 msctrum
1093 1996 1215 2033 1²:1th
1240 1997 1339 2031 ΒΛ-

278 2068 519 2105 ΡτιΖΑΝτ.
545 2082 606 2092 -
633 2054 755 2104 Post
782 2053 926 2115 haec,
956 2053 1157 2104 scilicet
1183 2069 1340 2104 com-

280 2125 441 2192 pletis
478 2125 669 2176 diebus
719 2124 865 2176 festis
918 2123 977 2174 in
1014 2125 1337 2187 Jerusalem,

280 2211 402 2263 quae
439 2206 520 2247 est
555 2196 613 2246 in
645 2210 755 2247 una
781 2204 928 2262 parte
957 2196 1172 2258 Judaeae,
1201 2196 1343 2248 venit

277 2267 440 2318 Jesus
459 2281 576 2317 cum
601 2267 883 2332 discipulis
901 2267 1036 2331 suis,
1056 2277 1108 2317 et
1129 2268 1342 2318 creden-

278 2341 444 2404 tibus,
475 2341 532 2391 in
560 2341 720 2392 aliam
750 2351 954 2407 partem
986 2342 1199 2402 Judaeae,
1229 2342 1339 2393 sci-

211 2474 215 2480 ·
275 2412 399 2463 licet
422 2412 479 2463 in
497 2413 526 2463 J
530 2411 803 2471 omanem,
820 2427 939 2478 quae
956 2427 987 2463 a
1011 2423 1153 2463 sorte
1169 2414 1336 2475 Judae,

276 2488 360 2538 vel
387 2502 418 2538 a
444 2501 606 2552 regno
632 2487 860 2536 duarum
876 2486 1140 2547 tribuum,
1158 2488 1339 2540 Judaea

276 2556 566 2607 dicebatur.
595 2556 641 2606 Α
669 2555 815 2606 tribu
844 2556 993 2606 enim
1022 2557 1188 2617 Judae,
1219 2574 1339 2624 quae

274 2636 387 2678 erat
406 2625 713 2692 principalis
730 2636 782 2676 et
802 2626 947 2692 regia
963 2635 1121 2688 terra,
1134 2627 1229 2678 ubi
1249 2629 1339 2679 ha-

274 2698 579 2748 bitaverunt
612 2698 711 2749 filii
744 2699 921 2758 Israel,
952 2699 1225 2750 nominata
1256 2711 1337 2753 est

270 2769 453 2820 Judaea
482 2786 497 2820 z
525 2776 578 2820 et
605 2769 717 2820 illic
743 2769 1139 2832 demorabatur,
1167 2779 1221 2820 et
1243 2787 1337 2836 per

270 2854 400 2890 suos
418 2839 711 2906 discipulos
730 2840 1053 2908 baptizabat,
1070 2841 1337 2908 multique

270 2908 472 2960 fiebant
516 2911 790 2962 credentes
834 2920 887 2961 et
922 2909 1172 2976 discipuli
1199 2912 1333 2978 ejuS.

268 2980 451 3031 Judaea
481 2979 858 3046 interpretatur
907 2983 1175 3051 confessio
1193 3020 1212 3045 ,
1266 2984 1332 3035 ad

271 3065 436 3116 quam
480 3050 627 3102 venit
669 3052 823 3103 Jesus
844 3090 858 3113 ,
901 3053 1030 3120 quia
1083 3053 1335 3106 Christus

270 3121 619 3183 confitentes,
670 3124 755 3173 vel
808 3139 905 3175 sua
958 3135 1167 3191 peccata
1190 3163 1205 3188 ,
1247 3126 1331 3177 vel

267 3191 510 3244 divinam
567 3192 780 3243 laudem
795 3231 811 3259 ,
857 3194 1065 3259 visitat3
1119 3201 1174 3248 et
1220 3196 1334 3248 illic

268 3262 595 3327 demoratur,
624 3263 754 3330 quia
778 3263 911 3315 tales
939 3281 1048 3316 non
1071 3266 1332 3318 transito-

266 3332 348 3384 rie
374 3333 574 3396 visitat,
606 3340 658 3385 et
684 3334 801 3386 illic
829 3334 1087 3404 baptizat,
1113 3337 1166 3387 id
1194 3346 1275 3388 est
1299 3353 1332 3389 a

267 3403 495 3470 peccatis
545 3414 754 3471 purgat.
811 3405 966 3456 Unde
1016 3406 1282 3459 Alcuinus
1310 3425 1331 3460 .-

264 3494 294 3524 α
325 3477 421 3528 Per
438 3479 465 3529 J
469 3478 674 3529 udaeam
693 3478 894 3544 quippe
910 3479 1191 3545 signantur
1205 3496 1332 3532 con·

263 3547 494 3612 fitentes,
522 3567 661 3619 quos
690 3551 873 3603 visitat
909 3552 1189 3618 Christus;
1232 3554 1326 3605 ubi

264 3619 414 3671 enim
442 3631 523 3673 est
556 3631 891 3688 peccatorum
920 3622 1214 3686 confessio,
1242 3625 1329 3676 vel

263 3690 571 3757 divinarum
592 3694 833 3756 laudum,
854 3694 982 3747 illuc
1002 3695 1151 3747 venit
1171 3696 1327 3748 Jesus

265 3768 320 3810 et
346 3761 598 3830 discipuli
632 3765 775 3830 ejus,
816 3765 920 3817 hoc
964 3774 1046 3818 est
1083 3765 1326 3825 doctrina

265 3837 320 3881 et
345 3829 667 3888 illuminatio
702 3835 847 3902 ejus,
880 3845 933 3890 et
958 3836 1035 3891 ibi
1065 3847 1322 3901 moratur,

1448 1980 1728 2047 purgando
1779 1996 1810 2032 a
1860 1981 2069 2033 delictis
2124 1990 2176 2033 et
2218 1981 2367 2033 vitiis
2416 1998 2511 2049 per

1446 2053 1781 2119 Baptismum
1832 2053 2015 2104 Sancti
2059 2054 2311 2119 Spiritus.
2339 2073 2367 2102 n
2409 2056 2509 2105 Se-

1444 2123 1682 2174 cundum
1705 2124 2087 2189 Augustinum,
2114 2124 2365 2176 Christus
2392 2124 2510 2191 pri-

1445 2212 1536 2247 mo
1586 2196 1870 2263 baptizavit
1919 2196 2215 2263 discipulos
2260 2213 2399 2265 aqua
2454 2208 2511 2250 et

1444 2267 1649 2332 Spiritu
1677 2268 1891 2328 Sanct0‚
1932 2277 2114 2333 postea
2141 2269 2379 2319 officium
2407 2270 2510 2320 ba-

1444 2337 1677 2402 ptizandi
1705 2337 1894 2387 eodem
1921 2337 2246 2403 Baptismate
2269 2339 2510 2405 discipu-

1443 2408 1510 2458 lis
1537 2406 1776 2474 reliquit,
1804 2407 2044 2458 intentus
2069 2409 2437 2474 praedicationi
2457 2419 2512 2460 et

1442 2477 1713 2528 doctrinae.
1738 2478 1890 2528 Sicut
1919 2488 1971 2529 et
1999 2479 2288 2544 Apostolus
2315 2480 2512 2531 Paulus

1444 2561 1639 2613 paucos
1675 2563 1769 2613 per
1796 2564 1852 2598 se
1876 2548 2185 2614 baptizavit,
2228 2558 2291 2599 ut
2330 2559 2510 2615 posset

1441 2619 1802 2686 praedicationi
1826 2619 2039 2671 fidelius
2057 2619 2347 2672 intendere.
2366 2622 2511 2673 Post-

1442 2706 1503 2741 ea
1539 2706 1666 2756 ergo
1697 2690 1799 2740 soli
1827 2689 2081 2756 discipuli
2109 2691 2236 2741 Jesu
2265 2691 2508 2757 baptiza-

1441 2761 1588 2822 bant,
1604 2777 1667 2812 eo
1681 2761 1899 2812 interim
1918 2761 2054 2813 circa
2070 2762 2256 2813 altiora
2271 2763 2507 2814 docenda

1438 2841 1713 2898 occupate.
1763 2832 1824 2882 In
1867 2849 1978 2900 quo
2011 2833 2161 2884 dedit
2197 2834 2505 2899 exemplum

1441 2904 1672 2962 praelatis
1717 2905 1966 2956 Ecclesiae
2018 2904 2387 2955 committendi
2424 2905 2506 2957 'ea

1438 2991 1559 3042 quae
1573 2992 1666 3042 per
1681 2975 1959 3026 inferiores
1978 2986 2206 3042 possunt
2219 2976 2506 3028 commode

1437 3048 1582 3109 fieri,
1621 3057 1682 3100 ut
1710 3047 1813 3114 ipsi
1843 3047 2067 3099 liberius
2088 3047 2296 3114 possint
2335 3048 2393 3099 in
2420 3049 2504 3099 al-

1438 3121 1668 3172 tioribus
1696 3120 1944 3172 exerceri.
1976 3120 2042 3171 Et
2076 3119 2323 3186 quamvis
2345 3120 2502 3173 Jesus

1438 3204 1566 3246 tunc
1598 3210 1708 3246 non
1748 3193 2037 3260 baptizaret
2078 3193 2330 3244 manibus
2364 3193 2500 3256 suis,

1436 3276 1489 3318 et
1517 3265 1884 3317 ministerium
1912 3265 2248 3326 exhibendO,
2279 3265 2372 3316 sed
2409 3265 2502 3317 di-

1436 3338 1628 3404 scipuli
1651 3340 1796 3404 ejus3
1831 3337 2131 3403 baptizabat
2155 3347 2336 3389 tamen
2360 3353 2502 3405 prae-

1434 3409 1606 3460 sentia
1638 3407 1945 3475 majestatis.
1990 3409 2167 3475 Ipsius
2209 3408 2355 3461 enim
2386 3418 2503 3460 erat

1434 3478 1695 3545 Baptismi
1724 3487 2131 3541 sacramentum,
2162 3488 2215 3530 et
2236 3480 2303 3530 ad
2334 3478 2502 3530 disci-

1432 3552 1590 3618 pulos
1627 3548 1928 3617 pertinebat
1962 3549 2346 3602 ministerium.
2392 3549 2498 3602 Hic

1432 3631 1514 3673 est
1552 3621 1696 3672 enirn
1734 3620 1829 3687 qui
1870 3620 2100 3688 baptizat
2127 3636 2295 3687 :ergo
2323 3620 2502 3672 adhuc

1429 3693 1585 3744 Jesus
1621 3691 1875 3759 baptizat,
1917 3701 1970 3744 et
1996 3707 2279 3759 quousque
2315 3691 2499 3758 bapti-

1429 3764 1587 3816 zandi
1617 3779 1841 3827 sumus,
1882 3764 2039 3815 Jesus
2067 3764 2311 3831 baptizat.
2337 3764 2498 3816 Unde

1428 3834 1770 3906 Augustinus
1785 3855 1803 3891 .-
1819 3857 1843 3887 κ
1866 3837 2170 3906 Utrumque
2185 3834 2374 3890 verum
2391 3832 2495 3903 est,
