<?xml version="1.0" encoding="UTF-8"?>
<!DOCTYPE html PUBLIC "-//W3C//DTD XHTML 1.0 Transitional//EN"
    "http://www.w3.org/TR/xhtml1/DTD/xhtml1-transitional.dtd">
<html xmlns="http://www.w3.org/1999/xhtml" xml:lang="en" lang="en">
 <head>
  <title>
</title>
<meta http-equiv="Content-Type" content="text/html;charset=utf-8" />
  <meta name='ocr-system' content='tesseract 3.04.00' />
  <meta name='ocr-capabilities' content='ocr_page ocr_carea ocr_par ocr_line ocrx_word'/>
</head>
<body>
  <div class='ocr_page' id='page_1' title='image "./vitajesuchristi00sachgoog/vitajesuchristi00sachgoog_0051.png"; bbox 0 0 2784 4452; ppageno 0'>
   <div class='ocr_carea' id='block_1_1' title="bbox 617 362 2496 417">
    <p class='ocr_par' dir='ltr' id='par_1_1' title="bbox 617 362 2496 417">
     <span class='ocr_line' id='line_1_1' title="bbox 617 362 2496 417; baseline 0.001 -4"><span class='ocrx_word' id='word_1_1' title='bbox 617 364 714 413; x_wconf 93' lang='lat' dir='ltr'><strong>DE</strong></span> <span class='ocrx_word' id='word_1_2' title='bbox 746 362 1253 415; x_wconf 87' lang='lat' dir='ltr'>CONCEPTIONE</span> <span class='ocrx_word' id='word_1_3' title='bbox 1282 362 1578 414; x_wconf 86' lang='lat' dir='ltr'><strong>JOANNIS</strong></span> <span class='ocrx_word' id='word_1_4' title='bbox 1611 364 2133 417; x_wconf 83' lang='lat' dir='ltr'><strong>PRAECURSORIS.</strong></span> <span class='ocrx_word' id='word_1_5' title='bbox 2431 364 2496 415; x_wconf 88' lang='lat'><strong>35</strong></span> 
     </span>
    </p>
   </div>
   <div class='ocr_carea' id='block_1_2' title="bbox 230 481 1340 3959">
    <p class='ocr_par' dir='ltr' id='par_1_2' title="bbox 230 481 1327 1472">
     <span class='ocr_line' id='line_1_2' title="bbox 230 481 1325 542; baseline -0.005 -7"><span class='ocrx_word' id='word_1_6' title='bbox 230 498 372 535; x_wconf 71' lang='lat' dir='ltr'><strong>cum</strong></span> <span class='ocrx_word' id='word_1_7' title='bbox 387 482 638 534; x_wconf 74' lang='lat' dir='ltr'><strong>omnibus</strong></span> <span class='ocrx_word' id='word_1_8' title='bbox 655 481 890 542; x_wconf 77' lang='lat' dir='ltr'><strong>Sanctis,</strong></span> <span class='ocrx_word' id='word_1_9' title='bbox 914 491 1031 541; x_wconf 71' lang='lat' dir='ltr'><strong>etc„</strong></span> <span class='ocrx_word' id='word_1_10' title='bbox 1056 481 1325 530; x_wconf 85' lang='lat' dir='ltr'><strong>Salvatore</strong></span> 
     </span>
     <span class='ocr_line' id='line_1_3' title="bbox 240 551 1326 621; baseline -0.005 -16"><span class='ocrx_word' id='word_1_11' title='bbox 240 568 477 621; x_wconf 89' lang='lat' dir='ltr'><strong>quoque</strong></span> <span class='ocrx_word' id='word_1_12' title='bbox 512 552 858 617; x_wconf 90' lang='lat' dir='ltr'><strong>postmodum</strong></span> <span class='ocrx_word' id='word_1_13' title='bbox 892 561 1174 601; x_wconf 86' lang='lat' dir='ltr'><strong>attestante</strong></span> <span class='ocrx_word' id='word_1_14' title='bbox 1200 568 1218 600; x_wconf 70' lang='grc' dir='ltr'>ι</span> <span class='ocrx_word' id='word_1_15' title='bbox 1241 551 1326 601; x_wconf 82' lang='lat' dir='ltr'><strong>In-</strong></span> 
     </span>
     <span class='ocr_line' id='line_1_4' title="bbox 240 621 1324 688; baseline -0.006 -11"><span class='ocrx_word' id='word_1_16' title='bbox 240 633 333 677; x_wconf 80' lang='lat' dir='ltr'><strong>ter</strong></span> <span class='ocrx_word' id='word_1_17' title='bbox 377 629 540 673; x_wconf 84' lang='lat' dir='ltr'><strong>natos</strong></span> <span class='ocrx_word' id='word_1_18' title='bbox 581 622 859 671; x_wconf 83' lang='lat' dir='ltr'><em>mulierum</em></span> <span class='ocrx_word' id='word_1_19' title='bbox 897 621 1071 688; x_wconf 80' lang='lat' dir='ltr'><strong>maJ‘or</strong></span> <span class='ocrx_word' id='word_1_20' title='bbox 1116 636 1183 671; x_wconf 91' lang='lat' dir='ltr'><strong>eo</strong></span> <span class='ocrx_word' id='word_1_21' title='bbox 1222 635 1324 671; x_wconf 84' lang='lat' dir='ltr'><strong>non</strong></span> 
     </span>
     <span class='ocr_line' id='line_1_5' title="bbox 242 690 1324 756; baseline -0.007 -9"><span class='ocrx_word' id='word_1_22' title='bbox 242 693 523 747; x_wconf 72' lang='lat' dir='ltr'><strong>sta-rexit.</strong></span> <span class='ocrx_word' id='word_1_23' title='bbox 555 692 658 741; x_wconf 89' lang='lat' dir='ltr'><strong>Sed</strong></span> <span class='ocrx_word' id='word_1_24' title='bbox 698 702 750 741; x_wconf 89' lang='lat' dir='ltr'><strong>et</strong></span> <span class='ocrx_word' id='word_1_25' title='bbox 792 692 1034 756; x_wconf 86' lang='lat' dir='ltr'><strong>Angelus</strong></span> <span class='ocrx_word' id='word_1_26' title='bbox 1079 690 1324 740; x_wconf 89' lang='lat' dir='ltr'><strong>multifa-</strong></span> 
     </span>
     <span class='ocr_line' id='line_1_6' title="bbox 244 763 1327 830; baseline -0.005 -12"><span class='ocrx_word' id='word_1_27' title='bbox 244 768 392 818; x_wconf 84' lang='lat' dir='ltr'>riam</span> <span class='ocrx_word' id='word_1_28' title='bbox 459 765 574 830; x_wconf 86' lang='lat' dir='ltr'><strong>ejus</strong></span> <span class='ocrx_word' id='word_1_29' title='bbox 643 763 1074 829; x_wconf 86' lang='lat' dir='ltr'><strong>magnitudinem</strong></span> <span class='ocrx_word' id='word_1_30' title='bbox 1132 764 1327 814; x_wconf 88' lang='lat' dir='ltr'><strong>subse—</strong></span> 
     </span>
     <span class='ocr_line' id='line_1_7' title="bbox 247 834 1326 904; baseline -0.004 -17"><span class='ocrx_word' id='word_1_31' title='bbox 247 846 484 904; x_wconf 88' lang='lat' dir='ltr'><strong>quenter</strong></span> <span class='ocrx_word' id='word_1_32' title='bbox 540 834 819 899; x_wconf 82' lang='lat' dir='ltr'>exposuit,</span> <span class='ocrx_word' id='word_1_33' title='bbox 863 844 915 883; x_wconf 90' lang='lat' dir='ltr'><strong>et</strong></span> <span class='ocrx_word' id='word_1_34' title='bbox 954 836 1113 899; x_wconf 88' lang='lat' dir='ltr'><strong>plura</strong></span> <span class='ocrx_word' id='word_1_35' title='bbox 1149 834 1326 900; x_wconf 89' lang='lat' dir='ltr'><strong>ipsius</strong></span> 
     </span>
     <span class='ocr_line' id='line_1_8' title="bbox 244 905 1326 976; baseline -0.003 -18"><span class='ocrx_word' id='word_1_36' title='bbox 244 907 532 976; x_wconf 85' lang='lat' dir='ltr'><strong>privilegia</strong></span> <span class='ocrx_word' id='word_1_37' title='bbox 556 905 814 967; x_wconf 65' lang='lat' dir='ltr'><strong>seriatim.</strong></span> <span class='ocrx_word' id='word_1_38' title='bbox 831 906 1166 956; x_wconf 87' lang='lat' dir='ltr'><strong>memoravit.</strong></span> <span class='ocrx_word' id='word_1_39' title='bbox 1188 907 1326 955; x_wconf 90' lang='lat' dir='ltr'><strong>Nam</strong></span> 
     </span>
     <span class='ocr_line' id='line_1_9' title="bbox 252 977 1324 1043; baseline -0.004 -13"><span class='ocrx_word' id='word_1_40' title='bbox 252 981 425 1030; x_wconf 78' lang='lat' dir='ltr'><strong>vitam</strong></span> <span class='ocrx_word' id='word_1_41' title='bbox 453 980 569 1043; x_wconf 91' lang='lat' dir='ltr'><strong>ejus</strong></span> <span class='ocrx_word' id='word_1_42' title='bbox 602 994 724 1028; x_wconf 90' lang='lat' dir='ltr'><strong>cum</strong></span> <span class='ocrx_word' id='word_1_43' title='bbox 757 977 1083 1028; x_wconf 79' lang='lat' dir='ltr'><strong>abstinentia</strong></span> <span class='ocrx_word' id='word_1_44' title='bbox 1124 977 1324 1043; x_wconf 86' lang='lat' dir='ltr'><strong>praedi-</strong></span> 
     </span>
     <span class='ocr_line' id='line_1_10' title="bbox 251 1048 1324 1114; baseline -0.005 -13"><span class='ocrx_word' id='word_1_45' title='bbox 251 1051 353 1111; x_wconf 82' lang='lat' dir='ltr'><strong>xit,</strong></span> <span class='ocrx_word' id='word_1_46' title='bbox 382 1049 586 1099; x_wconf 89' lang='lat' dir='ltr'><strong>scilicet</strong></span> <span class='ocrx_word' id='word_1_47' title='bbox 618 1049 765 1114; x_wconf 94' lang='lat' dir='ltr'><strong>quod</strong></span> <span class='ocrx_word' id='word_1_48' title='bbox 794 1048 973 1097; x_wconf 77' lang='lat' dir='ltr'><strong>vinum</strong></span> <span class='ocrx_word' id='word_1_49' title='bbox 998 1053 1050 1099; x_wconf 84' lang='lat' dir='ltr'><strong>et</strong></span> <span class='ocrx_word' id='word_1_50' title='bbox 1075 1048 1324 1108; x_wconf 79' lang='lat' dir='ltr'><strong>siceram,</strong></span> 
     </span>
     <span class='ocr_line' id='line_1_11' title="bbox 251 1117 1327 1184; baseline -0.005 -13"><span class='ocrx_word' id='word_1_51' title='bbox 251 1121 309 1172; x_wconf 90' lang='lat' dir='ltr'><strong>id</strong></span> <span class='ocrx_word' id='word_1_52' title='bbox 336 1130 437 1180; x_wconf 87' lang='lat' dir='ltr'><strong>est,</strong></span> <span class='ocrx_word' id='word_1_53' title='bbox 468 1119 723 1184; x_wconf 91' lang='lat' dir='ltr'><strong>poculum</strong></span> <span class='ocrx_word' id='word_1_54' title='bbox 757 1118 904 1183; x_wconf 90' lang='lat' dir='ltr'><strong>quod</strong></span> <span class='ocrx_word' id='word_1_55' title='bbox 938 1117 1206 1167; x_wconf 89' lang='lat' dir='ltr'><strong>inebriare</strong></span> <span class='ocrx_word' id='word_1_56' title='bbox 1238 1133 1327 1182; x_wconf 93' lang='lat' dir='ltr'><strong>po-</strong></span> 
     </span>
     <span class='ocr_line' id='line_1_12' title="bbox 247 1187 1325 1253; baseline -0.006 -11"><span class='ocrx_word' id='word_1_57' title='bbox 247 1200 372 1250; x_wconf 86' lang='lat' dir='ltr'><strong>test,</strong></span> <span class='ocrx_word' id='word_1_58' title='bbox 403 1190 683 1240; x_wconf 88' lang='lat' dir='ltr'>bibiturus</span> <span class='ocrx_word' id='word_1_59' title='bbox 714 1203 826 1236; x_wconf 90' lang='lat' dir='ltr'><strong>non</strong></span> <span class='ocrx_word' id='word_1_60' title='bbox 861 1197 1019 1247; x_wconf 87' lang='lat' dir='ltr'><strong>esset,</strong></span> <span class='ocrx_word' id='word_1_61' title='bbox 1057 1187 1187 1253; x_wconf 89' lang='lat' dir='ltr'><strong>quia</strong></span> <span class='ocrx_word' id='word_1_62' title='bbox 1214 1202 1325 1237; x_wconf 90' lang='lat' dir='ltr'><strong>non</strong></span> 
     </span>
     <span class='ocr_line' id='line_1_13' title="bbox 248 1259 1325 1324; baseline -0.006 -11"><span class='ocrx_word' id='word_1_63' title='bbox 248 1264 403 1313; x_wconf 86' lang='lat' dir='ltr'><strong>decet</strong></span> <span class='ocrx_word' id='word_1_64' title='bbox 436 1277 530 1311; x_wconf 88' lang='lat' dir='ltr'><strong>vas</strong></span> <span class='ocrx_word' id='word_1_65' title='bbox 564 1259 765 1310; x_wconf 86' lang='lat' dir='ltr'><strong>coelesti</strong></span> <span class='ocrx_word' id='word_1_66' title='bbox 798 1259 1166 1323; x_wconf 85' lang='lat' dir='ltr'><strong>mancipatum</strong></span> <span class='ocrx_word' id='word_1_67' title='bbox 1199 1274 1325 1324; x_wconf 89' lang='lat' dir='ltr'><strong>gra-</strong></span> 
     </span>
     <span class='ocr_line' id='line_1_14' title="bbox 250 1329 1325 1393; baseline -0.007 -9"><span class='ocrx_word' id='word_1_68' title='bbox 250 1333 365 1393; x_wconf 85' lang='lat' dir='ltr'><strong>tiae,</strong></span> <span class='ocrx_word' id='word_1_69' title='bbox 410 1331 578 1382; x_wconf 90' lang='lat' dir='ltr'><strong>seculi</strong></span> <span class='ocrx_word' id='word_1_70' title='bbox 631 1329 896 1379; x_wconf 87' lang='lat' dir='ltr'><strong>illecebris</strong></span> <span class='ocrx_word' id='word_1_71' title='bbox 932 1329 1214 1379; x_wconf 90' lang='lat' dir='ltr'><strong>deservire.</strong></span> <span class='ocrx_word' id='word_1_72' title='bbox 1266 1329 1325 1377; x_wconf 90' lang='lat' dir='ltr'><strong>In</strong></span> 
     </span>
     <span class='ocr_line' id='line_1_15' title="bbox 248 1402 1320 1472; baseline -0.006 -16"><span class='ocrx_word' id='word_1_73' title='bbox 248 1422 365 1472; x_wconf 88' lang='lat' dir='ltr'><strong>quo</strong></span> <span class='ocrx_word' id='word_1_74' title='bbox 436 1414 678 1470; x_wconf 89' lang='lat' dir='ltr'><strong>patenter</strong></span> <span class='ocrx_word' id='word_1_75' title='bbox 748 1403 1004 1453; x_wconf 88' lang='lat' dir='ltr'><strong>indicavit</strong></span> <span class='ocrx_word' id='word_1_76' title='bbox 1062 1402 1320 1467; x_wconf 88' lang='lat' dir='ltr'><strong>Angelus,</strong></span> 
     </span>
    </p>

    <p class='ocr_par' dir='ltr' id='par_1_3' title="bbox 243 1471 1328 2542">
     <span class='ocr_line' id='line_1_16' title="bbox 246 1471 1323 1542; baseline -0.006 -16"><span class='ocrx_word' id='word_1_77' title='bbox 246 1476 385 1542; x_wconf 88' lang='lat' dir='ltr'><strong>quia</strong></span> <span class='ocrx_word' id='word_1_78' title='bbox 420 1476 491 1524; x_wconf 89' lang='lat' dir='ltr'><strong>ab</strong></span> <span class='ocrx_word' id='word_1_79' title='bbox 538 1473 797 1523; x_wconf 91' lang='lat' dir='ltr'><strong>omnibus</strong></span> <span class='ocrx_word' id='word_1_80' title='bbox 841 1472 990 1522; x_wconf 90' lang='lat' dir='ltr'><strong>vitiis</strong></span> <span class='ocrx_word' id='word_1_81' title='bbox 1035 1482 1087 1522; x_wconf 92' lang='lat' dir='ltr'><strong>et</strong></span> <span class='ocrx_word' id='word_1_82' title='bbox 1132 1471 1323 1520; x_wconf 89' lang='lat' dir='ltr'><strong>mundi</strong></span> 
     </span>
     <span class='ocr_line' id='line_1_17' title="bbox 244 1543 1328 1611; baseline -0.005 -13"><span class='ocrx_word' id='word_1_83' title='bbox 244 1546 538 1605; x_wconf 79' lang='lat' dir='ltr'><strong>illecebriS,</strong></span> <span class='ocrx_word' id='word_1_84' title='bbox 561 1561 683 1611; x_wconf 85' lang='lat' dir='ltr'><strong>quae</strong></span> <span class='ocrx_word' id='word_1_85' title='bbox 705 1554 904 1594; x_wconf 86' lang='lat' dir='ltr'><strong>statum</strong></span> <span class='ocrx_word' id='word_1_86' title='bbox 931 1543 1132 1593; x_wconf 88' lang='lat' dir='ltr'><strong>mentis</strong></span> <span class='ocrx_word' id='word_1_87' title='bbox 1152 1544 1328 1593; x_wconf 87' lang='lat' dir='ltr'><strong>solent</strong></span> 
     </span>
     <span class='ocr_line' id='line_1_18' title="bbox 244 1614 1327 1668; baseline -0.006 0"><span class='ocrx_word' id='word_1_88' title='bbox 244 1628 489 1668; x_wconf 81' lang='lat' dir='ltr'><strong>evertere</strong></span> <span class='ocrx_word' id='word_1_89' title='bbox 507 1616 722 1665; x_wconf 85' lang='lat' dir='ltr'><strong>futurus</strong></span> <span class='ocrx_word' id='word_1_90' title='bbox 742 1623 852 1664; x_wconf 89' lang='lat' dir='ltr'><strong>erat</strong></span> <span class='ocrx_word' id='word_1_91' title='bbox 877 1614 1159 1663; x_wconf 87' lang='lat' dir='ltr'><strong>immunis.</strong></span> <span class='ocrx_word' id='word_1_92' title='bbox 1194 1614 1327 1663; x_wconf 84' lang='lat' dir='ltr'><strong>Prae-</strong></span> 
     </span>
     <span class='ocr_line' id='line_1_19' title="bbox 244 1685 1324 1752; baseline -0.006 -12"><span class='ocrx_word' id='word_1_93' title='bbox 244 1690 387 1740; x_wconf 83' lang='lat' dir='ltr'><strong>dixit</strong></span> <span class='ocrx_word' id='word_1_94' title='bbox 429 1688 596 1739; x_wconf 90' lang='lat' dir='ltr'><strong>etiam</strong></span> <span class='ocrx_word' id='word_1_95' title='bbox 637 1688 879 1751; x_wconf 88' lang='lat' dir='ltr'><strong>Angelus</strong></span> <span class='ocrx_word' id='word_1_96' title='bbox 924 1686 1071 1752; x_wconf 90' lang='lat' dir='ltr'><strong>quod</strong></span> <span class='ocrx_word' id='word_1_97' title='bbox 1120 1685 1324 1750; x_wconf 78' lang='lat' dir='ltr'>Spiritu</span> 
     </span>
     <span class='ocr_line' id='line_1_20' title="bbox 243 1756 1324 1822; baseline -0.006 -11"><span class='ocrx_word' id='word_1_98' title='bbox 243 1762 445 1811; x_wconf 89' lang='lat' dir='ltr'><strong>Sancto</strong></span> <span class='ocrx_word' id='word_1_99' title='bbox 492 1774 558 1808; x_wconf 79' lang='lat' dir='ltr'><strong>ex</strong></span> <span class='ocrx_word' id='word_1_100' title='bbox 609 1767 761 1807; x_wconf 88' lang='lat' dir='ltr'><strong>utero</strong></span> <span class='ocrx_word' id='word_1_101' title='bbox 808 1767 949 1807; x_wconf 89' lang='lat' dir='ltr'><strong>esset</strong></span> <span class='ocrx_word' id='word_1_102' title='bbox 1001 1756 1324 1822; x_wconf 88' lang='lat' dir='ltr'><strong>replendus,</strong></span> 
     </span>
     <span class='ocr_line' id='line_1_21' title="bbox 246 1826 1326 1894; baseline -0.006 -13"><span class='ocrx_word' id='word_1_103' title='bbox 246 1830 452 1881; x_wconf 89' lang='lat' dir='ltr'><strong>scilicet</strong></span> <span class='ocrx_word' id='word_1_104' title='bbox 501 1838 770 1894; x_wconf 88' lang='lat' dir='ltr'><strong>quantum</strong></span> <span class='ocrx_word' id='word_1_105' title='bbox 829 1828 895 1876; x_wconf 92' lang='lat' dir='ltr'><strong>ad</strong></span> <span class='ocrx_word' id='word_1_106' title='bbox 948 1826 1326 1892; x_wconf 85' lang='lat' dir='ltr'><strong>purgationem</strong></span> 
     </span>
     <span class='ocr_line' id='line_1_22' title="bbox 246 1896 1324 1965; baseline -0.005 -15"><span class='ocrx_word' id='word_1_107' title='bbox 246 1899 534 1965; x_wconf 89' lang='lat' dir='ltr'><strong>originalis</strong></span> <span class='ocrx_word' id='word_1_108' title='bbox 577 1897 804 1964; x_wconf 87' lang='lat' dir='ltr'><strong>peccati,</strong></span> <span class='ocrx_word' id='word_1_109' title='bbox 850 1907 903 1946; x_wconf 89' lang='lat' dir='ltr'><strong>et</strong></span> <span class='ocrx_word' id='word_1_110' title='bbox 942 1897 1007 1946; x_wconf 92' lang='lat' dir='ltr'><strong>ad</strong></span> <span class='ocrx_word' id='word_1_111' title='bbox 1050 1896 1324 1962; x_wconf 88' lang='lat' dir='ltr'><strong>operatio—</strong></span> 
     </span>
     <span class='ocr_line' id='line_1_23' title="bbox 249 1968 1327 2037; baseline -0.005 -14"><span class='ocrx_word' id='word_1_112' title='bbox 249 1988 378 2023; x_wconf 86' lang='lat' dir='ltr'><strong>nem</strong></span> <span class='ocrx_word' id='word_1_113' title='bbox 410 1972 543 2022; x_wconf 90' lang='lat' dir='ltr'><strong>boni</strong></span> <span class='ocrx_word' id='word_1_114' title='bbox 575 1969 857 2037; x_wconf 88' lang='lat' dir='ltr'><strong>meritorii.</strong></span> <span class='ocrx_word' id='word_1_115' title='bbox 880 1971 940 2019; x_wconf 89' lang='lat' dir='ltr'><strong>In</strong></span> <span class='ocrx_word' id='word_1_116' title='bbox 959 1985 1070 2035; x_wconf 92' lang='lat' dir='ltr'><strong>quo</strong></span> <span class='ocrx_word' id='word_1_117' title='bbox 1090 1968 1327 2033; x_wconf 91' lang='lat' dir='ltr'><strong>profecto</strong></span> 
     </span>
     <span class='ocr_line' id='line_1_24' title="bbox 244 2042 1324 2109; baseline -0.006 -13"><span class='ocrx_word' id='word_1_118' title='bbox 244 2045 508 2105; x_wconf 84' lang='lat' dir='ltr'><strong>ostendit,</strong></span> <span class='ocrx_word' id='word_1_119' title='bbox 557 2043 689 2109; x_wconf 86' lang='lat' dir='ltr'><strong>quia</strong></span> <span class='ocrx_word' id='word_1_120' title='bbox 735 2053 894 2092; x_wconf 89' lang='lat' dir='ltr'><strong>natus</strong></span> <span class='ocrx_word' id='word_1_121' title='bbox 944 2042 1003 2091; x_wconf 90' lang='lat' dir='ltr'><strong>in</strong></span> <span class='ocrx_word' id='word_1_122' title='bbox 1057 2042 1324 2091; x_wconf 84' lang='lat' dir='ltr'><strong>mundum</strong></span> 
     </span>
     <span class='ocr_line' id='line_1_25' title="bbox 245 2111 1328 2168; baseline -0.006 0"><span class='ocrx_word' id='word_1_123' title='bbox 245 2116 462 2168; x_wconf 89' lang='lat' dir='ltr'><strong>cunctis</strong></span> <span class='ocrx_word' id='word_1_124' title='bbox 501 2115 769 2166; x_wconf 87' lang='lat' dir='ltr'><strong>virtutum</strong></span> <span class='ocrx_word' id='word_1_125' title='bbox 820 2112 1084 2163; x_wconf 88' lang='lat' dir='ltr'><strong>fructibus</strong></span> <span class='ocrx_word' id='word_1_126' title='bbox 1126 2111 1328 2162; x_wconf 89' lang='lat' dir='ltr'><strong>clarifi-</strong></span> 
     </span>
     <span class='ocr_line' id='line_1_26' title="bbox 244 2184 1327 2252; baseline -0.006 -12"><span class='ocrx_word' id='word_1_127' title='bbox 244 2190 456 2241; x_wconf 86' lang='lat' dir='ltr'><strong>candus</strong></span> <span class='ocrx_word' id='word_1_128' title='bbox 484 2197 640 2238; x_wconf 91' lang='lat' dir='ltr'><strong>esset.</strong></span> <span class='ocrx_word' id='word_1_129' title='bbox 662 2185 918 2237; x_wconf 79' lang='lat' dir='ltr'><strong>Praedixit</strong></span> <span class='ocrx_word' id='word_1_130' title='bbox 937 2200 1155 2252; x_wconf 91' lang='lat' dir='ltr'><strong>quoque</strong></span> <span class='ocrx_word' id='word_1_131' title='bbox 1179 2184 1327 2251; x_wconf 89' lang='lat' dir='ltr'><strong>quod</strong></span> 
     </span>
     <span class='ocr_line' id='line_1_27' title="bbox 243 2257 1326 2312; baseline -0.006 0"><span class='ocrx_word' id='word_1_132' title='bbox 243 2264 453 2312; x_wconf 90' lang='lat' dir='ltr'><strong>multos</strong></span> <span class='ocrx_word' id='word_1_133' title='bbox 501 2259 645 2309; x_wconf 92' lang='lat' dir='ltr'><strong>filios</strong></span> <span class='ocrx_word' id='word_1_134' title='bbox 685 2258 842 2308; x_wconf 89' lang='lat' dir='ltr'><strong>Israel</strong></span> <span class='ocrx_word' id='word_1_135' title='bbox 880 2266 1207 2307; x_wconf 89' lang='lat' dir='ltr'><strong>converteret</strong></span> <span class='ocrx_word' id='word_1_136' title='bbox 1261 2257 1326 2305; x_wconf 90' lang='lat' dir='ltr'><strong>ad</strong></span> 
     </span>
     <span class='ocr_line' id='line_1_28' title="bbox 250 2329 1324 2391; baseline -0.007 -6"><span class='ocrx_word' id='word_1_137' title='bbox 250 2333 581 2391; x_wconf 86' lang='lat' dir='ltr'><strong>Dominum,</strong></span> <span class='ocrx_word' id='word_1_138' title='bbox 632 2331 689 2380; x_wconf 89' lang='lat' dir='ltr'><strong>id</strong></span> <span class='ocrx_word' id='word_1_139' title='bbox 741 2340 848 2390; x_wconf 61' lang='lat' dir='ltr'><strong>est,</strong></span> <span class='ocrx_word' id='word_1_140' title='bbox 879 2330 948 2379; x_wconf 90' lang='lat' dir='ltr'><strong>ad</strong></span> <span class='ocrx_word' id='word_1_141' title='bbox 997 2329 1324 2380; x_wconf 87' lang='lat' dir='ltr'><strong>Christum:</strong></span> 
     </span>
     <span class='ocr_line' id='line_1_29' title="bbox 246 2400 1328 2481; baseline -0.006 -26"><span class='ocrx_word' id='word_1_142' title='bbox 246 2405 401 2471; x_wconf 88' lang='lat' dir='ltr'><strong>quod</strong></span> <span class='ocrx_word' id='word_1_143' title='bbox 427 2412 481 2453; x_wconf 95' lang='lat' dir='ltr'><strong>et</strong></span> <span class='ocrx_word' id='word_1_144' title='bbox 512 2402 639 2452; x_wconf 89' lang='lat' dir='ltr'><strong>fecit</strong></span> <span class='ocrx_word' id='word_1_145' title='bbox 672 2401 1012 2467; x_wconf 86' lang='lat' dir='ltr'><strong>praedicando</strong></span> <span class='ocrx_word' id='word_1_146' title='bbox 1038 2400 1245 2481; x_wconf 73' lang='lat' dir='ltr'><strong>ipsum,</strong></span> <span class='ocrx_word' id='word_1_147' title='bbox 1276 2409 1328 2449; x_wconf 92' lang='lat' dir='ltr'><strong>et</strong></span> 
     </span>
     <span class='ocr_line' id='line_1_30' title="bbox 246 2471 1325 2542; baseline -0.006 -17"><span class='ocrx_word' id='word_1_148' title='bbox 246 2475 591 2542; x_wconf 89' lang='lat' dir='ltr'><strong>perhibendo</strong></span> <span class='ocrx_word' id='word_1_149' title='bbox 666 2474 734 2523; x_wconf 87' lang='lat' dir='ltr'><strong>de</strong></span> <span class='ocrx_word' id='word_1_150' title='bbox 798 2488 863 2523; x_wconf 87' lang='lat' dir='ltr'><strong>eo</strong></span> <span class='ocrx_word' id='word_1_151' title='bbox 928 2471 1325 2522; x_wconf 88' lang='lat' dir='ltr'><strong>testimonium.</strong></span> 
     </span>
    </p>

    <p class='ocr_par' dir='ltr' id='par_1_4' title="bbox 243 2540 1329 2750">
     <span class='ocr_line' id='line_1_31' title="bbox 253 2540 1329 2622; baseline -0.007 -25"><span class='ocrx_word' id='word_1_152' title='bbox 253 2545 649 2597; x_wconf 82' lang='lat' dir='ltr'><strong>Praenuntiavit</strong></span> <span class='ocrx_word' id='word_1_153' title='bbox 678 2544 899 2608; x_wconf 88' lang='lat' dir='ltr'><strong>insuper</strong></span> <span class='ocrx_word' id='word_1_154' title='bbox 926 2543 1184 2622; x_wconf 68' lang='lat' dir='ltr'><strong>Angelus,</strong></span> <span class='ocrx_word' id='word_1_155' title='bbox 1200 2540 1329 2607; x_wconf 88' lang='lat' dir='ltr'><strong>quia</strong></span> 
     </span>
     <span class='ocr_line' id='line_1_32' title="bbox 243 2611 1329 2678; baseline -0.006 -11"><span class='ocrx_word' id='word_1_156' title='bbox 243 2628 377 2667; x_wconf 91' lang='lat' dir='ltr'><strong>ante</strong></span> <span class='ocrx_word' id='word_1_157' title='bbox 398 2615 701 2665; x_wconf 89' lang='lat' dir='ltr'><strong>Dominum</strong></span> <span class='ocrx_word' id='word_1_158' title='bbox 730 2614 788 2663; x_wconf 93' lang='lat' dir='ltr'><strong>in</strong></span> <span class='ocrx_word' id='word_1_159' title='bbox 813 2612 1027 2678; x_wconf 90' lang='lat' dir='ltr'><strong>spiritu,</strong></span> <span class='ocrx_word' id='word_1_160' title='bbox 1058 2621 1111 2662; x_wconf 91' lang='lat' dir='ltr'><strong>et</strong></span> <span class='ocrx_word' id='word_1_161' title='bbox 1132 2611 1329 2661; x_wconf 88' lang='lat' dir='ltr'><strong>virtute</strong></span> 
     </span>
     <span class='ocr_line' id='line_1_33' title="bbox 250 2681 1329 2750; baseline -0.008 -12"><span class='ocrx_word' id='word_1_162' title='bbox 250 2687 389 2738; x_wconf 82' lang='lat' dir='ltr'><strong>Eliae</strong></span> <span class='ocrx_word' id='word_1_163' title='bbox 449 2695 591 2736; x_wconf 88' lang='lat' dir='ltr'><strong>esset</strong></span> <span class='ocrx_word' id='word_1_164' title='bbox 659 2697 1021 2750; x_wconf 58' lang='lat' dir='ltr'><strong>praecessurus</strong></span> <span class='ocrx_word' id='word_1_165' title='bbox 1061 2698 1078 2731; x_wconf 71' lang='grc' dir='ltr'>ε</span> <span class='ocrx_word' id='word_1_166' title='bbox 1120 2681 1329 2747; x_wconf 87' lang='lat' dir='ltr'><strong>prim0,</strong></span> 
     </span>
    </p>

    <p class='ocr_par' dir='ltr' id='par_1_5' title="bbox 249 2751 1340 3959">
     <span class='ocr_line' id='line_1_34' title="bbox 249 2751 1333 2823; baseline -0.006 -16"><span class='ocrx_word' id='word_1_167' title='bbox 249 2766 477 2823; x_wconf 84' lang='lat' dir='ltr'><strong>propter</strong></span> <span class='ocrx_word' id='word_1_168' title='bbox 503 2753 921 2805; x_wconf 88' lang='lat' dir='ltr'><strong>similitudinem</strong></span> <span class='ocrx_word' id='word_1_169' title='bbox 963 2751 1158 2815; x_wconf 88' lang='lat' dir='ltr'><strong>officii;</strong></span> <span class='ocrx_word' id='word_1_170' title='bbox 1201 2751 1333 2818; x_wconf 88' lang='lat' dir='ltr'><strong>quia</strong></span> 
     </span>
     <span class='ocr_line' id='line_1_35' title="bbox 252 2822 1335 2890; baseline -0.006 -12"><span class='ocrx_word' id='word_1_171' title='bbox 252 2828 400 2878; x_wconf 82' lang='lat' dir='ltr'><strong>sicut</strong></span> <span class='ocrx_word' id='word_1_172' title='bbox 418 2826 566 2876; x_wconf 82' lang='lat' dir='ltr'><strong>Elias</strong></span> <span class='ocrx_word' id='word_1_173' title='bbox 586 2824 845 2890; x_wconf 70' lang='lat' dir='ltr'><strong>praecedet</strong></span> <span class='ocrx_word' id='word_1_174' title='bbox 868 2824 1157 2873; x_wconf 89' lang='lat' dir='ltr'><strong>adventum</strong></span> <span class='ocrx_word' id='word_1_175' title='bbox 1177 2822 1335 2872; x_wconf 87' lang='lat' dir='ltr'><strong>Chri·</strong></span> 
     </span>
     <span class='ocr_line' id='line_1_36' title="bbox 251 2893 1332 2957; baseline -0.006 -9"><span class='ocrx_word' id='word_1_176' title='bbox 251 2898 325 2948; x_wconf 88' lang='lat' dir='ltr'><strong>sti</strong></span> <span class='ocrx_word' id='word_1_177' title='bbox 352 2896 684 2953; x_wconf 86' lang='lat' dir='ltr'><strong>seeundum,</strong></span> <span class='ocrx_word' id='word_1_178' title='bbox 722 2893 799 2943; x_wconf 90' lang='lat' dir='ltr'><strong>ita</strong></span> <span class='ocrx_word' id='word_1_179' title='bbox 833 2894 1067 2943; x_wconf 68' lang='lat' dir='ltr'><strong>,Ioannes</strong></span> <span class='ocrx_word' id='word_1_180' title='bbox 1100 2907 1332 2957; x_wconf 88' lang='lat' dir='ltr'><strong>praeces-</strong></span> 
     </span>
     <span class='ocr_line' id='line_1_37' title="bbox 259 2963 1331 3032; baseline -0.006 -14"><span class='ocrx_word' id='word_1_181' title='bbox 259 2969 336 3018; x_wconf 88' lang='lat' dir='ltr'><strong>sit</strong></span> <span class='ocrx_word' id='word_1_182' title='bbox 375 2966 658 3032; x_wconf 85' lang='lat' dir='ltr'><strong>primum:</strong></span> <span class='ocrx_word' id='word_1_183' title='bbox 691 2964 955 3024; x_wconf 81' lang='lat' dir='ltr'><strong>secundo,</strong></span> <span class='ocrx_word' id='word_1_184' title='bbox 992 2972 1210 3028; x_wconf 88' lang='lat' dir='ltr'><strong>propter</strong></span> <span class='ocrx_word' id='word_1_185' title='bbox 1250 2963 1331 3013; x_wconf 90' lang='lat' dir='ltr'><strong>si-</strong></span> 
     </span>
     <span class='ocr_line' id='line_1_38' title="bbox 258 3033 1334 3099; baseline -0.006 -11"><span class='ocrx_word' id='word_1_186' title='bbox 258 3037 639 3088; x_wconf 89' lang='lat' dir='ltr'><strong>militudinem</strong></span> <span class='ocrx_word' id='word_1_187' title='bbox 691 3034 854 3098; x_wconf 84' lang='lat' dir='ltr'><strong>vitae3</strong></span> <span class='ocrx_word' id='word_1_188' title='bbox 913 3033 1047 3099; x_wconf 87' lang='lat' dir='ltr'><strong>quia</strong></span> <span class='ocrx_word' id='word_1_189' title='bbox 1108 3043 1334 3099; x_wconf 92' lang='lat' dir='ltr'><strong>uterque</strong></span> 
     </span>
     <span class='ocr_line' id='line_1_39' title="bbox 258 3103 1333 3171; baseline -0.005 -14"><span class='ocrx_word' id='word_1_190' title='bbox 258 3107 400 3158; x_wconf 83' lang='lat' dir='ltr'><strong>vixit</strong></span> <span class='ocrx_word' id='word_1_191' title='bbox 438 3106 497 3155; x_wconf 88' lang='lat' dir='ltr'><strong>in</strong></span> <span class='ocrx_word' id='word_1_192' title='bbox 536 3119 737 3171; x_wconf 86' lang='lat' dir='ltr'><strong>magna</strong></span> <span class='ocrx_word' id='word_1_193' title='bbox 777 3104 955 3154; x_wconf 88' lang='lat' dir='ltr'><strong>victus</strong></span> <span class='ocrx_word' id='word_1_194' title='bbox 1006 3113 1058 3153; x_wconf 91' lang='lat' dir='ltr'><strong>et</strong></span> <span class='ocrx_word' id='word_1_195' title='bbox 1106 3103 1333 3154; x_wconf 83' lang='lat' dir='ltr'><strong>vestitus</strong></span> 
     </span>
     <span class='ocr_line' id='line_1_40' title="bbox 255 3171 1334 3240; baseline -0.006 -13"><span class='ocrx_word' id='word_1_196' title='bbox 255 3175 572 3227; x_wconf 86' lang='lat' dir='ltr'><strong>austeritate</strong></span> <span class='ocrx_word' id='word_1_197' title='bbox 603 3191 617 3224; x_wconf 91' lang='lat'>:</span> <span class='ocrx_word' id='word_1_198' title='bbox 649 3174 841 3234; x_wconf 80' lang='lat' dir='ltr'><strong>tertie,</strong></span> <span class='ocrx_word' id='word_1_199' title='bbox 875 3182 1094 3240; x_wconf 88' lang='lat' dir='ltr'><strong>propter</strong></span> <span class='ocrx_word' id='word_1_200' title='bbox 1131 3171 1334 3222; x_wconf 86' lang='lat' dir='ltr'><strong>simili-</strong></span> 
     </span>
     <span class='ocr_line' id='line_1_41' title="bbox 258 3243 1334 3310; baseline -0.006 -12"><span class='ocrx_word' id='word_1_201' title='bbox 258 3247 515 3299; x_wconf 86' lang='lat' dir='ltr'><strong>tudinem</strong></span> <span class='ocrx_word' id='word_1_202' title='bbox 572 3245 857 3308; x_wconf 84' lang='lat' dir='ltr'><strong>doctrinae3</strong></span> <span class='ocrx_word' id='word_1_203' title='bbox 922 3243 1050 3310; x_wconf 89' lang='lat' dir='ltr'><strong>quia</strong></span> <span class='ocrx_word' id='word_1_204' title='bbox 1108 3253 1334 3309; x_wconf 88' lang='lat' dir='ltr'><strong>uterque</strong></span> 
     </span>
     <span class='ocr_line' id='line_1_42' title="bbox 259 3314 1335 3382; baseline -0.006 -13"><span class='ocrx_word' id='word_1_205' title='bbox 259 3325 574 3369; x_wconf 81' lang='lat' dir='ltr'><strong>constanter</strong></span> <span class='ocrx_word' id='word_1_206' title='bbox 625 3315 899 3382; x_wconf 90' lang='lat' dir='ltr'><strong>redarguit</strong></span> <span class='ocrx_word' id='word_1_207' title='bbox 960 3314 1115 3375; x_wconf 89' lang='lat' dir='ltr'><strong>vitia,</strong></span> <span class='ocrx_word' id='word_1_208' title='bbox 1172 3314 1335 3364; x_wconf 88' lang='lat' dir='ltr'><strong>etiam</strong></span> 
     </span>
     <span class='ocr_line' id='line_1_43' title="bbox 269 3388 1337 3458; baseline -0.004 -17"><span class='ocrx_word' id='word_1_209' title='bbox 269 3405 630 3458; x_wconf 87' lang='lat' dir='ltr'><strong>personarum</strong></span> <span class='ocrx_word' id='word_1_210' title='bbox 687 3404 1026 3455; x_wconf 88' lang='lat' dir='ltr'><strong>magnarum.</strong></span> <span class='ocrx_word' id='word_1_211' title='bbox 1089 3388 1171 3438; x_wconf 89' lang='lat' dir='ltr'><strong>Ad</strong></span> <span class='ocrx_word' id='word_1_212' title='bbox 1233 3388 1337 3438; x_wconf 90' lang='lat' dir='ltr'><strong>hoc</strong></span> 
     </span>
     <span class='ocr_line' id='line_1_44' title="bbox 258 3462 1336 3527; baseline -0.005 -12"><span class='ocrx_word' id='word_1_213' title='bbox 258 3475 441 3515; x_wconf 89' lang='lat' dir='ltr'><strong>autem</strong></span> <span class='ocrx_word' id='word_1_214' title='bbox 475 3462 703 3512; x_wconf 89' lang='lat' dir='ltr'><strong>debebat</strong></span> <span class='ocrx_word' id='word_1_215' title='bbox 742 3462 1065 3527; x_wconf 89' lang='lat' dir='ltr'><strong>praecedere,</strong></span> <span class='ocrx_word' id='word_1_216' title='bbox 1105 3471 1166 3511; x_wconf 93' lang='lat' dir='ltr'><strong>ut</strong></span> <span class='ocrx_word' id='word_1_217' title='bbox 1200 3476 1336 3511; x_wconf 89' lang='lat' dir='ltr'><strong>con-</strong></span> 
     </span>
     <span class='ocr_line' id='line_1_45' title="bbox 258 3530 1338 3597; baseline -0.006 -11"><span class='ocrx_word' id='word_1_218' title='bbox 258 3543 488 3585; x_wconf 78' lang='lat' dir='ltr'><strong>verteret</strong></span> <span class='ocrx_word' id='word_1_219' title='bbox 515 3533 677 3582; x_wconf 89' lang='lat' dir='ltr'><strong>corda</strong></span> <span class='ocrx_word' id='word_1_220' title='bbox 703 3542 918 3597; x_wconf 89' lang='lat' dir='ltr'><strong>patrum</strong></span> <span class='ocrx_word' id='word_1_221' title='bbox 944 3531 1003 3581; x_wconf 89' lang='lat' dir='ltr'><strong>in</strong></span> <span class='ocrx_word' id='word_1_222' title='bbox 1035 3530 1196 3592; x_wconf 88' lang='lat' dir='ltr'><strong>filios,</strong></span> <span class='ocrx_word' id='word_1_223' title='bbox 1226 3530 1338 3580; x_wconf 89' lang='lat' dir='ltr'><strong>sci-</strong></span> 
     </span>
     <span class='ocr_line' id='line_1_46' title="bbox 255 3605 1336 3674; baseline -0.005 -15"><span class='ocrx_word' id='word_1_224' title='bbox 255 3608 387 3659; x_wconf 86' lang='lat' dir='ltr'><strong>licet</strong></span> <span class='ocrx_word' id='word_1_225' title='bbox 447 3617 717 3674; x_wconf 91' lang='lat' dir='ltr'><strong>quantum</strong></span> <span class='ocrx_word' id='word_1_226' title='bbox 796 3606 863 3656; x_wconf 89' lang='lat' dir='ltr'><strong>ad</strong></span> <span class='ocrx_word' id='word_1_227' title='bbox 942 3605 1336 3671; x_wconf 89' lang='lat' dir='ltr'><strong>Scripturarum</strong></span> 
     </span>
     <span class='ocr_line' id='line_1_47' title="bbox 257 3676 1338 3745; baseline -0.006 -15"><span class='ocrx_word' id='word_1_228' title='bbox 257 3679 701 3745; x_wconf 82' lang='lat' dir='ltr'><strong>intelligentiam,</strong></span> <span class='ocrx_word' id='word_1_229' title='bbox 722 3687 775 3729; x_wconf 91' lang='lat' dir='ltr'><strong>et</strong></span> <span class='ocrx_word' id='word_1_230' title='bbox 798 3677 1104 3727; x_wconf 87' lang='lat' dir='ltr'><strong>incredulos</strong></span> <span class='ocrx_word' id='word_1_231' title='bbox 1131 3676 1197 3726; x_wconf 92' lang='lat' dir='ltr'><strong>ad</strong></span> <span class='ocrx_word' id='word_1_232' title='bbox 1218 3692 1338 3742; x_wconf 86' lang='lat' dir='ltr'><strong>pru-</strong></span> 
     </span>
     <span class='ocr_line' id='line_1_48' title="bbox 262 3747 1338 3816; baseline -0.005 -14"><span class='ocrx_word' id='word_1_233' title='bbox 262 3751 507 3802; x_wconf 86' lang='lat' dir='ltr'><strong>dentiam</strong></span> <span class='ocrx_word' id='word_1_234' title='bbox 537 3751 767 3802; x_wconf 87' lang='lat' dir='ltr'><strong>istorum</strong></span> <span class='ocrx_word' id='word_1_235' title='bbox 786 3788 799 3811; x_wconf 93' lang='lat'><strong>,</strong></span> <span class='ocrx_word' id='word_1_236' title='bbox 833 3749 1011 3816; x_wconf 91' lang='lat' dir='ltr'><strong>quoad</strong></span> <span class='ocrx_word' id='word_1_237' title='bbox 1043 3747 1165 3798; x_wconf 87' lang='lat' dir='ltr'><strong>fidei</strong></span> <span class='ocrx_word' id='word_1_238' title='bbox 1204 3748 1338 3798; x_wconf 93' lang='lat' dir='ltr'><strong>obe-</strong></span> 
     </span>
     <span class='ocr_line' id='line_1_49' title="bbox 261 3819 1338 3888; baseline -0.003 -16"><span class='ocrx_word' id='word_1_239' title='bbox 261 3822 558 3884; x_wconf 76' lang='lat' dir='ltr'><strong>dientiam3</strong></span> <span class='ocrx_word' id='word_1_240' title='bbox 599 3831 651 3872; x_wconf 91' lang='lat' dir='ltr'><strong>et</strong></span> <span class='ocrx_word' id='word_1_241' title='bbox 695 3831 902 3888; x_wconf 88' lang='lat' dir='ltr'><strong>pararet</strong></span> <span class='ocrx_word' id='word_1_242' title='bbox 949 3819 1185 3870; x_wconf 88' lang='lat' dir='ltr'><strong>Domino</strong></span> <span class='ocrx_word' id='word_1_243' title='bbox 1221 3820 1338 3885; x_wconf 87' lang='lat' dir='ltr'><strong>ple-</strong></span> 
     </span>
     <span class='ocr_line' id='line_1_50' title="bbox 268 3891 1340 3959; baseline -0.005 -14"><span class='ocrx_word' id='word_1_244' title='bbox 268 3894 399 3946; x_wconf 89' lang='lat' dir='ltr'><strong>bem</strong></span> <span class='ocrx_word' id='word_1_245' title='bbox 429 3893 737 3959; x_wconf 88' lang='lat' dir='ltr'><strong>perfectam,</strong></span> <span class='ocrx_word' id='word_1_246' title='bbox 772 3892 950 3958; x_wconf 91' lang='lat' dir='ltr'><strong>quoad</strong></span> <span class='ocrx_word' id='word_1_247' title='bbox 984 3891 1258 3957; x_wconf 87' lang='lat' dir='ltr'><strong>Evangelii</strong></span> <span class='ocrx_word' id='word_1_248' title='bbox 1289 3899 1340 3941; x_wconf 91' lang='lat' dir='ltr'><strong>et</strong></span> 
     </span>
    </p>
   </div>
   <div class='ocr_carea' id='block_1_3' title="bbox 263 3962 1342 4030">
    <p class='ocr_par' dir='ltr' id='par_1_6' title="bbox 263 3962 1342 4030">
     <span class='ocr_line' id='line_1_51' title="bbox 263 3962 1342 4030; baseline -0.003 -15"><span class='ocrx_word' id='word_1_249' title='bbox 263 3964 408 4017; x_wconf 88' lang='lat' dir='ltr'><strong>Novi</strong></span> <span class='ocrx_word' id='word_1_250' title='bbox 433 3964 769 4016; x_wconf 87' lang='lat' dir='ltr'><strong>Testamenti</strong></span> <span class='ocrx_word' id='word_1_251' title='bbox 799 3964 1029 4030; x_wconf 87' lang='lat' dir='ltr'><strong>gratiam</strong></span> <span class='ocrx_word' id='word_1_252' title='bbox 1051 3962 1342 4029; x_wconf 89' lang='lat' dir='ltr'><strong>suscipien-</strong></span> 
     </span>
    </p>
   </div>
   <div class='ocr_carea' id='block_1_4' title="bbox 1433 480 2508 1397">
    <p class='ocr_par' dir='ltr' id='par_1_7' title="bbox 1433 480 2508 1397">
     <span class='ocr_line' id='line_1_52' title="bbox 1435 480 2500 547; baseline 0.002 -18"><span class='ocrx_word' id='word_1_253' title='bbox 1435 480 1580 539; x_wconf 88' lang='lat' dir='ltr'><strong>dam,</strong></span> <span class='ocrx_word' id='word_1_254' title='bbox 1626 480 1754 546; x_wconf 88' lang='lat' dir='ltr'><strong>quia</strong></span> <span class='ocrx_word' id='word_1_255' title='bbox 1792 481 2066 531; x_wconf 86' lang='lat' dir='ltr'><strong>neminem</strong></span> <span class='ocrx_word' id='word_1_256' title='bbox 2104 482 2171 531; x_wconf 90' lang='lat' dir='ltr'><strong>ad</strong></span> <span class='ocrx_word' id='word_1_257' title='bbox 2206 480 2500 547; x_wconf 80' lang='lat' dir='ltr'><strong>perfecnun</strong></span> 
     </span>
     <span class='ocr_line' id='line_1_53' title="bbox 1433 552 2503 617; baseline 0.002 -17"><span class='ocrx_word' id='word_1_258' title='bbox 1433 552 1722 601; x_wconf 81' lang='lat' dir='ltr'><strong>adduxerat</strong></span> <span class='ocrx_word' id='word_1_259' title='bbox 1736 552 1861 601; x_wconf 83' lang='lat' dir='ltr'><strong>Lex.</strong></span> <span class='ocrx_word' id='word_1_260' title='bbox 1879 553 1944 601; x_wconf 83' lang='lat' dir='ltr'><strong>Et</strong></span> <span class='ocrx_word' id='word_1_261' title='bbox 1959 563 2176 617; x_wconf 90' lang='lat' dir='ltr'><strong>propter</strong></span> <span class='ocrx_word' id='word_1_262' title='bbox 2187 552 2290 602; x_wconf 90' lang='lat' dir='ltr'><strong>hoc</strong></span> <span class='ocrx_word' id='word_1_263' title='bbox 2305 552 2503 603; x_wconf 89' lang='lat' dir='ltr'><strong>dicitur</strong></span> 
     </span>
     <span class='ocr_line' id='line_1_54' title="bbox 1434 622 2502 688; baseline 0.003 -17"><span class='ocrx_word' id='word_1_264' title='bbox 1434 622 1526 671; x_wconf 86' lang='lat' dir='ltr'><strong>illa</strong></span> <span class='ocrx_word' id='word_1_265' title='bbox 1548 622 1632 671; x_wconf 88' lang='lat' dir='ltr'><strong>lex</strong></span> <span class='ocrx_word' id='word_1_266' title='bbox 1650 622 1891 684; x_wconf 91' lang='lat' dir='ltr'><strong>timoris;</strong></span> <span class='ocrx_word' id='word_1_267' title='bbox 1918 623 2048 687; x_wconf 86' lang='lat' dir='ltr'><strong>quia</strong></span> <span class='ocrx_word' id='word_1_268' title='bbox 2067 622 2502 688; x_wconf 88' lang='lat' dir='ltr'><strong>imperfectorum</strong></span> 
     </span>
     <span class='ocr_line' id='line_1_55' title="bbox 1434 692 2503 758; baseline 0.004 -17"><span class='ocrx_word' id='word_1_269' title='bbox 1434 702 1542 752; x_wconf 91' lang='lat' dir='ltr'><strong>est,</strong></span> <span class='ocrx_word' id='word_1_270' title='bbox 1580 692 1774 742; x_wconf 88' lang='lat' dir='ltr'><strong>timore</strong></span> <span class='ocrx_word' id='word_1_271' title='bbox 1812 709 1984 758; x_wconf 85' lang='lat' dir='ltr'><strong>poenae</strong></span> <span class='ocrx_word' id='word_1_272' title='bbox 2009 694 2205 743; x_wconf 88' lang='lat' dir='ltr'><strong>retrahi</strong></span> <span class='ocrx_word' id='word_1_273' title='bbox 2231 709 2262 743; x_wconf 91' lang='lat' dir='ltr'><strong>a</strong></span> <span class='ocrx_word' id='word_1_274' title='bbox 2289 694 2448 745; x_wconf 83' lang='lat' dir='ltr'><strong>malis</strong></span> <span class='ocrx_word' id='word_1_275' title='bbox 2488 711 2503 745; x_wconf 71' lang='grc' dir='ltr'><strong><em>ε</em></strong></span> 
     </span>
     <span class='ocr_line' id='line_1_56' title="bbox 1436 763 2503 829; baseline 0.001 -16"><span class='ocrx_word' id='word_1_276' title='bbox 1436 764 1545 813; x_wconf 84' lang='lat' dir='ltr'><strong>Lex</strong></span> <span class='ocrx_word' id='word_1_277' title='bbox 1594 774 1772 813; x_wconf 90' lang='lat' dir='ltr'><strong>autern</strong></span> <span class='ocrx_word' id='word_1_278' title='bbox 1823 764 2140 829; x_wconf 87' lang='lat' dir='ltr'><strong>Evangelica</strong></span> <span class='ocrx_word' id='word_1_279' title='bbox 2179 763 2378 814; x_wconf 89' lang='lat' dir='ltr'><strong>dicitur</strong></span> <span class='ocrx_word' id='word_1_280' title='bbox 2418 766 2503 815; x_wconf 87' lang='lat' dir='ltr'><strong>lex</strong></span> 
     </span>
     <span class='ocr_line' id='line_1_57' title="bbox 1434 834 2505 900; baseline 0.003 -16"><span class='ocrx_word' id='word_1_281' title='bbox 1434 834 1658 898; x_wconf 83' lang='lat' dir='ltr'><strong>amoris3</strong></span> <span class='ocrx_word' id='word_1_282' title='bbox 1683 834 1811 900; x_wconf 88' lang='lat' dir='ltr'><strong>quia</strong></span> <span class='ocrx_word' id='word_1_283' title='bbox 1825 834 2182 900; x_wconf 88' lang='lat' dir='ltr'><strong>perfectorum</strong></span> <span class='ocrx_word' id='word_1_284' title='bbox 2202 845 2282 884; x_wconf 89' lang='lat' dir='ltr'><strong>est</strong></span> <span class='ocrx_word' id='word_1_285' title='bbox 2301 850 2332 885; x_wconf 86' lang='lat' dir='ltr'><strong>a</strong></span> <span class='ocrx_word' id='word_1_286' title='bbox 2346 836 2505 887; x_wconf 88' lang='lat' dir='ltr'><strong>malis</strong></span> 
     </span>
     <span class='ocr_line' id='line_1_58' title="bbox 1435 905 2505 957; baseline 0.002 -3"><span class='ocrx_word' id='word_1_287' title='bbox 1435 905 1636 954; x_wconf 89' lang='lat' dir='ltr'><strong>retrahi</strong></span> <span class='ocrx_word' id='word_1_288' title='bbox 1655 920 1838 955; x_wconf 87' lang='lat' dir='ltr'><strong>amore</strong></span> <span class='ocrx_word' id='word_1_289' title='bbox 1870 905 2018 955; x_wconf 89' lang='lat' dir='ltr'><strong>boni.</strong></span> <span class='ocrx_word' id='word_1_290' title='bbox 2052 906 2202 955; x_wconf 88' lang='lat' dir='ltr'><strong>Sicut</strong></span> <span class='ocrx_word' id='word_1_291' title='bbox 2218 916 2396 954; x_wconf 89' lang='lat' dir='ltr'><strong>autem</strong></span> <span class='ocrx_word' id='word_1_292' title='bbox 2438 907 2505 957; x_wconf 90' lang='lat' dir='ltr'><strong>de</strong></span> 
     </span>
     <span class='ocr_line' id='line_1_59' title="bbox 1437 976 2504 1041; baseline 0.003 -16"><span class='ocrx_word' id='word_1_293' title='bbox 1437 976 1752 1041; x_wconf 89' lang='lat' dir='ltr'><strong>parentibus</strong></span> <span class='ocrx_word' id='word_1_294' title='bbox 1798 977 2023 1027; x_wconf 89' lang='lat' dir='ltr'><strong>senibus</strong></span> <span class='ocrx_word' id='word_1_295' title='bbox 2064 977 2185 1027; x_wconf 90' lang='lat' dir='ltr'><strong>talis</strong></span> <span class='ocrx_word' id='word_1_296' title='bbox 2231 988 2282 1026; x_wconf 91' lang='lat' dir='ltr'><strong>et</strong></span> <span class='ocrx_word' id='word_1_297' title='bbox 2320 986 2504 1028; x_wconf 87' lang='lat' dir='ltr'><strong>tantus</strong></span> 
     </span>
     <span class='ocr_line' id='line_1_60' title="bbox 1436 1049 2505 1114; baseline 0 -15"><span class='ocrx_word' id='word_1_298' title='bbox 1436 1058 1595 1099; x_wconf 91' lang='lat' dir='ltr'><strong>natus</strong></span> <span class='ocrx_word' id='word_1_299' title='bbox 1628 1060 1727 1110; x_wconf 86' lang='lat' dir='ltr'><strong>est,</strong></span> <span class='ocrx_word' id='word_1_300' title='bbox 1756 1049 1833 1099; x_wconf 91' lang='lat' dir='ltr'><strong>sic</strong></span> <span class='ocrx_word' id='word_1_301' title='bbox 1862 1064 2006 1114; x_wconf 82' lang='lat' dir='ltr'><strong>saepe</strong></span> <span class='ocrx_word' id='word_1_302' title='bbox 2043 1059 2305 1114; x_wconf 83' lang='lat' dir='ltr'><strong>provectae</strong></span> <span class='ocrx_word' id='word_1_303' title='bbox 2333 1049 2505 1099; x_wconf 88' lang='lat' dir='ltr'><strong>aetatis</strong></span> 
     </span>
     <span class='ocr_line' id='line_1_61' title="bbox 1436 1119 2503 1186; baseline 0 -16"><span class='ocrx_word' id='word_1_304' title='bbox 1436 1119 1689 1170; x_wconf 88' lang='lat' dir='ltr'><strong>homines</strong></span> <span class='ocrx_word' id='word_1_305' title='bbox 1718 1130 1770 1170; x_wconf 89' lang='lat' dir='ltr'><strong>et</strong></span> <span class='ocrx_word' id='word_1_306' title='bbox 1798 1120 1958 1170; x_wconf 90' lang='lat' dir='ltr'><strong>bonis</strong></span> <span class='ocrx_word' id='word_1_307' title='bbox 1983 1121 2239 1186; x_wconf 88' lang='lat' dir='ltr'><strong>operibus</strong></span> <span class='ocrx_word' id='word_1_308' title='bbox 2277 1121 2503 1182; x_wconf 88' lang='lat' dir='ltr'><strong>steriles,</strong></span> 
     </span>
     <span class='ocr_line' id='line_1_62' title="bbox 1436 1189 2506 1255; baseline 0 -15"><span class='ocrx_word' id='word_1_309' title='bbox 1436 1205 1501 1240; x_wconf 80' lang='lat' dir='ltr'><strong>ex</strong></span> <span class='ocrx_word' id='word_1_310' title='bbox 1520 1190 1664 1239; x_wconf 90' lang='lat' dir='ltr'><strong>dono</strong></span> <span class='ocrx_word' id='word_1_311' title='bbox 1690 1190 1927 1255; x_wconf 87' lang='lat' dir='ltr'><strong>Spiritus</strong></span> <span class='ocrx_word' id='word_1_312' title='bbox 1950 1191 2129 1240; x_wconf 88' lang='lat' dir='ltr'><strong>Sancti</strong></span> <span class='ocrx_word' id='word_1_313' title='bbox 2157 1189 2362 1240; x_wconf 84' lang='lat' dir='ltr'><strong>faciunt</strong></span> <span class='ocrx_word' id='word_1_314' title='bbox 2385 1206 2506 1241; x_wconf 89' lang='lat' dir='ltr'><strong>ma-</strong></span> 
     </span>
     <span class='ocr_line' id='line_1_63' title="bbox 1435 1258 2508 1324; baseline 0.003 -17"><span class='ocrx_word' id='word_1_315' title='bbox 1435 1275 1606 1324; x_wconf 89' lang='lat' dir='ltr'><strong>gnum</strong></span> <span class='ocrx_word' id='word_1_316' title='bbox 1646 1258 1881 1309; x_wconf 84' lang='lat' dir='ltr'><strong>fructum</strong></span> <span class='ocrx_word' id='word_1_317' title='bbox 1913 1259 1971 1309; x_wconf 89' lang='lat' dir='ltr'><strong>in</strong></span> <span class='ocrx_word' id='word_1_318' title='bbox 2005 1259 2240 1309; x_wconf 88' lang='lat' dir='ltr'><strong>Ecclesia</strong></span> <span class='ocrx_word' id='word_1_319' title='bbox 2270 1260 2388 1320; x_wconf 88' lang='lat' dir='ltr'><strong>Dei,</strong></span> <span class='ocrx_word' id='word_1_320' title='bbox 2413 1260 2508 1310; x_wconf 78' lang='lat' dir='ltr'><strong>sic-</strong></span> 
     </span>
     <span class='ocr_line' id='line_1_64' title="bbox 1434 1332 2505 1397; baseline 0.001 -16"><span class='ocrx_word' id='word_1_321' title='bbox 1434 1342 1495 1381; x_wconf 94' lang='lat' dir='ltr'><strong>ut</strong></span> <span class='ocrx_word' id='word_1_322' title='bbox 1534 1340 1677 1396; x_wconf 89' lang='lat' dir='ltr'><strong>patet</strong></span> <span class='ocrx_word' id='word_1_323' title='bbox 1711 1332 1777 1382; x_wconf 91' lang='lat' dir='ltr'><strong>de</strong></span> <span class='ocrx_word' id='word_1_324' title='bbox 1807 1332 2115 1397; x_wconf 86' lang='lat' dir='ltr'><strong>Augustino</strong></span> <span class='ocrx_word' id='word_1_325' title='bbox 2145 1341 2196 1381; x_wconf 90' lang='lat' dir='ltr'><strong>et</strong></span> <span class='ocrx_word' id='word_1_326' title='bbox 2223 1332 2505 1397; x_wconf 82' lang='lat' dir='ltr'><strong>DionysiO,</strong></span> 
     </span>
    </p>
   </div>
   <div class='ocr_carea' id='block_1_5' title="bbox 1432 1404 2517 3173">
    <p class='ocr_par' dir='ltr' id='par_1_8' title="bbox 1433 1404 2508 1524">
     <span class='ocr_line' id='line_1_65' title="bbox 1435 1404 2508 1469; baseline 0.001 -15"><span class='ocrx_word' id='word_1_327' title='bbox 1435 1404 1529 1469; x_wconf 92' lang='lat' dir='ltr'><strong>qui</strong></span> <span class='ocrx_word' id='word_1_328' title='bbox 1570 1413 1830 1469; x_wconf 88' lang='lat' dir='ltr'><strong>provectae</strong></span> <span class='ocrx_word' id='word_1_329' title='bbox 1867 1404 2041 1454; x_wconf 89' lang='lat' dir='ltr'><strong>aetatis</strong></span> <span class='ocrx_word' id='word_1_330' title='bbox 2079 1404 2250 1453; x_wconf 83' lang='lat' dir='ltr'><strong>vocati</strong></span> <span class='ocrx_word' id='word_1_331' title='bbox 2288 1404 2508 1455; x_wconf 87' lang='lat' dir='ltr'><strong>fuerunt</strong></span> 
     </span>
     <span class='ocr_line' id='line_1_66' title="bbox 1433 1472 1934 1524; baseline 0.002 -2"><span class='ocrx_word' id='word_1_332' title='bbox 1433 1475 1499 1523; x_wconf 93' lang='lat' dir='ltr'><strong>ad</strong></span> <span class='ocrx_word' id='word_1_333' title='bbox 1525 1472 1688 1523; x_wconf 90' lang='lat' dir='ltr'><strong>fidem</strong></span> <span class='ocrx_word' id='word_1_334' title='bbox 1712 1473 1934 1524; x_wconf 87' lang='lat' dir='ltr'><strong>Christi.</strong></span> 
     </span>
    </p>

    <p class='ocr_par' dir='ltr' id='par_1_9' title="bbox 1432 1544 2517 3173">
     <span class='ocr_line' id='line_1_67' title="bbox 1498 1544 2509 1610; baseline 0.001 -17"><span class='ocrx_word' id='word_1_335' title='bbox 1498 1561 1530 1610; x_wconf 95' lang='lat'><strong>7</strong></span> <span class='ocrx_word' id='word_1_336' title='bbox 1584 1544 1884 1594; x_wconf 67' lang='lat' dir='ltr'><strong>ZAanmAs</strong></span> <span class='ocrx_word' id='word_1_337' title='bbox 1933 1560 2038 1594; x_wconf 67' lang='lat' dir='ltr'><strong>cun</strong></span> <span class='ocrx_word' id='word_1_338' title='bbox 2096 1544 2407 1594; x_wconf 77' lang='lat' dir='ltr'><strong>ommrmr?</strong></span> <span class='ocrx_word' id='word_1_339' title='bbox 2448 1573 2509 1583; x_wconf 94' lang='lat'>—</span> 
     </span>
     <span class='ocr_line' id='line_1_68' title="bbox 1433 1614 2508 1677; baseline 0 -12"><span class='ocrx_word' id='word_1_340' title='bbox 1433 1614 1720 1665; x_wconf 87' lang='lat' dir='ltr'><strong>Zacharias</strong></span> <span class='ocrx_word' id='word_1_341' title='bbox 1739 1624 1919 1665; x_wconf 88' lang='lat' dir='ltr'><strong>autem</strong></span> <span class='ocrx_word' id='word_1_342' title='bbox 1946 1615 2283 1665; x_wconf 89' lang='lat' dir='ltr'><strong>sterilitatem</strong></span> <span class='ocrx_word' id='word_1_343' title='bbox 2303 1615 2508 1677; x_wconf 82' lang='lat' dir='ltr'><strong>uxoris,</strong></span> 
     </span>
     <span class='ocr_line' id='line_1_69' title="bbox 1434 1685 2509 1751; baseline 0 -15"><span class='ocrx_word' id='word_1_344' title='bbox 1434 1695 1486 1736; x_wconf 91' lang='lat' dir='ltr'><strong>et</strong></span> <span class='ocrx_word' id='word_1_345' title='bbox 1539 1685 1830 1751; x_wconf 86' lang='lat' dir='ltr'><strong>utriusque</strong></span> <span class='ocrx_word' id='word_1_346' title='bbox 1870 1695 2199 1736; x_wconf 90' lang='lat' dir='ltr'><strong>senectutem</strong></span> <span class='ocrx_word' id='word_1_347' title='bbox 2255 1686 2509 1736; x_wconf 86' lang='lat' dir='ltr'><strong>conside—</strong></span> 
     </span>
     <span class='ocr_line' id='line_1_70' title="bbox 1436 1757 2509 1824; baseline 0 -17"><span class='ocrx_word' id='word_1_348' title='bbox 1436 1774 1580 1819; x_wconf 88' lang='lat' dir='ltr'><strong>rans,</strong></span> <span class='ocrx_word' id='word_1_349' title='bbox 1611 1758 1791 1808; x_wconf 89' lang='lat' dir='ltr'><strong>verbis</strong></span> <span class='ocrx_word' id='word_1_350' title='bbox 1818 1759 2011 1824; x_wconf 88' lang='lat' dir='ltr'><strong>Angeli</strong></span> <span class='ocrx_word' id='word_1_351' title='bbox 2044 1774 2156 1807; x_wconf 91' lang='lat' dir='ltr'><strong>non</strong></span> <span class='ocrx_word' id='word_1_352' title='bbox 2185 1757 2428 1818; x_wconf 89' lang='lat' dir='ltr'><strong>credidit,</strong></span> <span class='ocrx_word' id='word_1_353' title='bbox 2457 1767 2509 1808; x_wconf 89' lang='lat' dir='ltr'><strong>et</strong></span> 
     </span>
     <span class='ocr_line' id='line_1_71' title="bbox 1434 1831 2511 1897; baseline -0.001 -16"><span class='ocrx_word' id='word_1_354' title='bbox 1434 1832 1505 1882; x_wconf 94' lang='lat' dir='ltr'><strong>ob</strong></span> <span class='ocrx_word' id='word_1_355' title='bbox 1535 1831 1639 1881; x_wconf 89' lang='lat' dir='ltr'><strong>hoc</strong></span> <span class='ocrx_word' id='word_1_356' title='bbox 1661 1847 1835 1897; x_wconf 90' lang='lat' dir='ltr'><strong>usque</strong></span> <span class='ocrx_word' id='word_1_357' title='bbox 1855 1832 1913 1881; x_wconf 91' lang='lat' dir='ltr'><strong>in</strong></span> <span class='ocrx_word' id='word_1_358' title='bbox 1943 1831 2089 1881; x_wconf 89' lang='lat' dir='ltr'><strong>diem</strong></span> <span class='ocrx_word' id='word_1_359' title='bbox 2114 1841 2300 1896; x_wconf 89' lang='lat' dir='ltr'><strong>partus</strong></span> <span class='ocrx_word' id='word_1_360' title='bbox 2320 1831 2511 1880; x_wconf 88' lang='lat' dir='ltr'><strong>obmu-</strong></span> 
     </span>
     <span class='ocr_line' id='line_1_72' title="bbox 1435 1903 2509 1970; baseline -0.004 -15"><span class='ocrx_word' id='word_1_361' title='bbox 1435 1905 1565 1965; x_wconf 90' lang='lat' dir='ltr'><strong>tuit,</strong></span> <span class='ocrx_word' id='word_1_362' title='bbox 1622 1904 1935 1970; x_wconf 88' lang='lat' dir='ltr'><strong>significans</strong></span> <span class='ocrx_word' id='word_1_363' title='bbox 1987 1905 2134 1969; x_wconf 88' lang='lat' dir='ltr'><strong>quod</strong></span> <span class='ocrx_word' id='word_1_364' title='bbox 2187 1905 2294 1968; x_wconf 87' lang='lat' dir='ltr'><strong>jam</strong></span> <span class='ocrx_word' id='word_1_365' title='bbox 2344 1903 2509 1952; x_wconf 83' lang='lat' dir='ltr'><strong>adve-</strong></span> 
     </span>
     <span class='ocr_line' id='line_1_73' title="bbox 1435 1975 2511 2040; baseline -0.001 -13"><span class='ocrx_word' id='word_1_366' title='bbox 1435 1978 1617 2027; x_wconf 91' lang='lat' dir='ltr'><strong>niente</strong></span> <span class='ocrx_word' id='word_1_367' title='bbox 1670 1977 1916 2037; x_wconf 89' lang='lat' dir='ltr'><strong>Christ0,</strong></span> <span class='ocrx_word' id='word_1_368' title='bbox 1950 1977 2059 2026; x_wconf 84' lang='lat' dir='ltr'><strong>Lex</strong></span> <span class='ocrx_word' id='word_1_369' title='bbox 2105 1985 2157 2025; x_wconf 91' lang='lat' dir='ltr'><strong>et</strong></span> <span class='ocrx_word' id='word_1_370' title='bbox 2210 1975 2511 2040; x_wconf 87' lang='lat' dir='ltr'><strong>Prophetiae</strong></span> 
     </span>
     <span class='ocr_line' id='line_1_74' title="bbox 1432 2048 2508 2116; baseline -0.004 -16"><span class='ocrx_word' id='word_1_371' title='bbox 1432 2051 1738 2116; x_wconf 82' lang='lat' dir='ltr'><strong>adimpletae</strong></span> <span class='ocrx_word' id='word_1_372' title='bbox 1764 2059 2013 2100; x_wconf 86' lang='lat' dir='ltr'><strong>tacerent.</strong></span> <span class='ocrx_word' id='word_1_373' title='bbox 2037 2049 2195 2099; x_wconf 92' lang='lat' dir='ltr'><strong>Unde</strong></span> <span class='ocrx_word' id='word_1_374' title='bbox 2226 2048 2508 2115; x_wconf 77' lang='lat' dir='ltr'><strong>Chryses-</strong></span> 
     </span>
     <span class='ocr_line' id='line_1_75' title="bbox 1436 2116 2510 2171; baseline -0.006 -1"><span class='ocrx_word' id='word_1_375' title='bbox 1436 2126 1608 2171; x_wconf 83' lang='lat' dir='ltr'><strong>tomus</strong></span> <span class='ocrx_word' id='word_1_376' title='bbox 1635 2137 1652 2170; x_wconf 91' lang='grc'><strong>.·</strong></span> <span class='ocrx_word' id='word_1_377' title='bbox 1678 2137 1706 2165; x_wconf 75' lang='grc' dir='ltr'><strong>α</strong></span> <span class='ocrx_word' id='word_1_378' title='bbox 1727 2120 1793 2169; x_wconf 91' lang='lat' dir='ltr'><strong>Et</strong></span> <span class='ocrx_word' id='word_1_379' title='bbox 1816 2119 1936 2168; x_wconf 89' lang='lat' dir='ltr'><strong>ideo</strong></span> <span class='ocrx_word' id='word_1_380' title='bbox 1959 2117 2243 2167; x_wconf 90' lang='lat' dir='ltr'><strong>Zacharias</strong></span> <span class='ocrx_word' id='word_1_381' title='bbox 2263 2116 2510 2165; x_wconf 89' lang='lat' dir='ltr'><strong>sacerdos</strong></span> 
     </span>
     <span class='ocr_line' id='line_1_76' title="bbox 1432 2186 2509 2253; baseline -0.006 -12"><span class='ocrx_word' id='word_1_382' title='bbox 1432 2191 1745 2241; x_wconf 87' lang='lat' dir='ltr'><strong>Judaeorum</strong></span> <span class='ocrx_word' id='word_1_383' title='bbox 1778 2188 2070 2248; x_wconf 91' lang='lat' dir='ltr'><strong>obmutuit,</strong></span> <span class='ocrx_word' id='word_1_384' title='bbox 2104 2186 2233 2253; x_wconf 90' lang='lat' dir='ltr'><strong>quia</strong></span> <span class='ocrx_word' id='word_1_385' title='bbox 2262 2186 2369 2250; x_wconf 88' lang='lat' dir='ltr'><strong>jam</strong></span> <span class='ocrx_word' id='word_1_386' title='bbox 2400 2200 2509 2235; x_wconf 88' lang='lat' dir='ltr'><strong>ces-</strong></span> 
     </span>
     <span class='ocr_line' id='line_1_77' title="bbox 1435 2254 2509 2321; baseline -0.007 -10"><span class='ocrx_word' id='word_1_387' title='bbox 1435 2276 1550 2311; x_wconf 92' lang='lat' dir='ltr'><strong>sare</strong></span> <span class='ocrx_word' id='word_1_388' title='bbox 1574 2270 1627 2310; x_wconf 89' lang='lat' dir='ltr'><strong>et</strong></span> <span class='ocrx_word' id='word_1_389' title='bbox 1656 2260 2025 2309; x_wconf 85' lang='lat' dir='ltr'><strong>obmutescere</strong></span> <span class='ocrx_word' id='word_1_390' title='bbox 2047 2256 2328 2321; x_wconf 89' lang='lat' dir='ltr'><strong>oportebat</strong></span> <span class='ocrx_word' id='word_1_391' title='bbox 2354 2254 2509 2304; x_wconf 88' lang='lat' dir='ltr'><strong>sacri-</strong></span> 
     </span>
     <span class='ocr_line' id='line_1_78' title="bbox 1434 2327 2509 2397; baseline -0.007 -14"><span class='ocrx_word' id='word_1_392' title='bbox 1434 2332 1554 2383; x_wconf 90' lang='lat' dir='ltr'><strong>ficia</strong></span> <span class='ocrx_word' id='word_1_393' title='bbox 1580 2348 1787 2393; x_wconf 89' lang='lat' dir='ltr'><strong>eorum,</strong></span> <span class='ocrx_word' id='word_1_394' title='bbox 1810 2346 1933 2397; x_wconf 87' lang='lat' dir='ltr'><strong>quae</strong></span> <span class='ocrx_word' id='word_1_395' title='bbox 1953 2345 2050 2396; x_wconf 91' lang='lat' dir='ltr'><strong>pro</strong></span> <span class='ocrx_word' id='word_1_396' title='bbox 2072 2327 2299 2394; x_wconf 90' lang='lat' dir='ltr'><strong>peccatis</strong></span> <span class='ocrx_word' id='word_1_397' title='bbox 2321 2327 2509 2393; x_wconf 90' lang='lat' dir='ltr'><strong>populi</strong></span> 
     </span>
     <span class='ocr_line' id='line_1_79' title="bbox 1436 2398 2508 2453; baseline -0.005 -1"><span class='ocrx_word' id='word_1_398' title='bbox 1436 2400 2078 2453; x_wconf 74' lang='lat' dir='ltr'><strong>offerebanturNeniebat</strong></span> <span class='ocrx_word' id='word_1_399' title='bbox 2092 2398 2240 2449; x_wconf 88' lang='lat' dir='ltr'><strong>enim</strong></span> <span class='ocrx_word' id='word_1_400' title='bbox 2257 2400 2406 2448; x_wconf 89' lang='lat' dir='ltr'><strong>solus</strong></span> <span class='ocrx_word' id='word_1_401' title='bbox 2419 2399 2508 2448; x_wconf 90' lang='lat' dir='ltr'><strong>Sa·</strong></span> 
     </span>
     <span class='ocr_line' id='line_1_80' title="bbox 1436 2470 2505 2540; baseline -0.007 -15"><span class='ocrx_word' id='word_1_402' title='bbox 1436 2475 1622 2525; x_wconf 91' lang='lat' dir='ltr'><strong>cerdos</strong></span> <span class='ocrx_word' id='word_1_403' title='bbox 1649 2474 1750 2540; x_wconf 89' lang='lat' dir='ltr'><strong>qui</strong></span> <span class='ocrx_word' id='word_1_404' title='bbox 1775 2475 1931 2540; x_wconf 87' lang='lat' dir='ltr'><strong>Agno</strong></span> <span class='ocrx_word' id='word_1_405' title='bbox 1959 2471 2178 2539; x_wconf 89' lang='lat' dir='ltr'><strong>proprio</strong></span> <span class='ocrx_word' id='word_1_406' title='bbox 2203 2470 2505 2530; x_wconf 80' lang='lat' dir='ltr'><strong>immolate,</strong></span> 
     </span>
     <span class='ocr_line' id='line_1_81' title="bbox 1437 2541 2506 2610; baseline -0.006 -15"><span class='ocrx_word' id='word_1_407' title='bbox 1437 2544 1757 2596; x_wconf 89' lang='lat' dir='ltr'><strong>sacrificium</strong></span> <span class='ocrx_word' id='word_1_408' title='bbox 1773 2545 1885 2594; x_wconf 90' lang='lat' dir='ltr'><strong>Deo</strong></span> <span class='ocrx_word' id='word_1_409' title='bbox 1899 2559 1995 2610; x_wconf 92' lang='lat' dir='ltr'><strong>pro</strong></span> <span class='ocrx_word' id='word_1_410' title='bbox 2013 2541 2244 2608; x_wconf 89' lang='lat' dir='ltr'><strong>peccatis</strong></span> <span class='ocrx_word' id='word_1_411' title='bbox 2254 2541 2506 2591; x_wconf 89' lang='lat' dir='ltr'><strong>omnium</strong></span> 
     </span>
     <span class='ocr_line' id='line_1_82' title="bbox 1437 2612 2509 2679; baseline -0.007 -13"><span class='ocrx_word' id='word_1_412' title='bbox 1437 2616 1667 2667; x_wconf 89' lang='lat' dir='ltr'><strong>offerret.</strong></span> <span class='ocrx_word' id='word_1_413' title='bbox 1689 2636 1717 2663; x_wconf 70' lang='lat' dir='ltr'><strong>x&gt;</strong></span> <span class='ocrx_word' id='word_1_414' title='bbox 1738 2616 1836 2665; x_wconf 88' lang='lat' dir='ltr'><strong>Per</strong></span> <span class='ocrx_word' id='word_1_415' title='bbox 1855 2615 1958 2664; x_wconf 87' lang='lat' dir='ltr'><strong>hoc</strong></span> <span class='ocrx_word' id='word_1_416' title='bbox 1982 2629 2202 2679; x_wconf 90' lang='lat' dir='ltr'><strong>quoque</strong></span> <span class='ocrx_word' id='word_1_417' title='bbox 2233 2612 2380 2677; x_wconf 90' lang='lat' dir='ltr'><strong>quod</strong></span> <span class='ocrx_word' id='word_1_418' title='bbox 2401 2612 2509 2660; x_wconf 88' lang='lat' dir='ltr'><strong>du·-</strong></span> 
     </span>
     <span class='ocr_line' id='line_1_83' title="bbox 1439 2680 2512 2748; baseline -0.007 -11"><span class='ocrx_word' id='word_1_419' title='bbox 1439 2687 1616 2737; x_wconf 91' lang='lat' dir='ltr'><strong>bitans</strong></span> <span class='ocrx_word' id='word_1_420' title='bbox 1642 2685 1812 2736; x_wconf 89' lang='lat' dir='ltr'><strong>factus</strong></span> <span class='ocrx_word' id='word_1_421' title='bbox 1839 2694 1919 2735; x_wconf 89' lang='lat' dir='ltr'><strong>est</strong></span> <span class='ocrx_word' id='word_1_422' title='bbox 1945 2693 2147 2742; x_wconf 78' lang='lat' dir='ltr'><strong>mutuS,</strong></span> <span class='ocrx_word' id='word_1_423' title='bbox 2178 2680 2512 2748; x_wconf 76' lang='lat' dir='ltr'><strong>significatur</strong></span> 
     </span>
     <span class='ocr_line' id='line_1_84' title="bbox 1437 2752 2514 2824; baseline -0.007 -15"><span class='ocrx_word' id='word_1_424' title='bbox 1437 2760 1585 2824; x_wconf 87' lang='lat' dir='ltr'><strong>quod</strong></span> <span class='ocrx_word' id='word_1_425' title='bbox 1611 2759 1797 2824; x_wconf 88' lang='lat' dir='ltr'><strong>lingua</strong></span> <span class='ocrx_word' id='word_1_426' title='bbox 1826 2756 2128 2806; x_wconf 86' lang='lat' dir='ltr'><strong>dubitantis</strong></span> <span class='ocrx_word' id='word_1_427' title='bbox 2156 2755 2214 2804; x_wconf 88' lang='lat' dir='ltr'><strong>in</strong></span> <span class='ocrx_word' id='word_1_428' title='bbox 2245 2754 2347 2803; x_wconf 88' lang='lat' dir='ltr'><strong>fide</strong></span> <span class='ocrx_word' id='word_1_429' title='bbox 2376 2752 2514 2803; x_wconf 85' lang='lat' dir='ltr'><strong>facta</strong></span> 
     </span>
     <span class='ocr_line' id='line_1_85' title="bbox 1438 2825 2513 2894; baseline -0.007 -14"><span class='ocrx_word' id='word_1_430' title='bbox 1438 2840 1519 2880; x_wconf 87' lang='lat' dir='ltr'><strong>est</strong></span> <span class='ocrx_word' id='word_1_431' title='bbox 1545 2840 1712 2889; x_wconf 84' lang='lat' dir='ltr'><strong>muta,</strong></span> <span class='ocrx_word' id='word_1_432' title='bbox 1744 2828 2006 2894; x_wconf 89' lang='lat' dir='ltr'><strong>quoniam</strong></span> <span class='ocrx_word' id='word_1_433' title='bbox 2040 2826 2154 2890; x_wconf 84' lang='lat' dir='ltr'><strong>ejus</strong></span> <span class='ocrx_word' id='word_1_434' title='bbox 2184 2825 2356 2875; x_wconf 88' lang='lat' dir='ltr'><strong>oratio</strong></span> <span class='ocrx_word' id='word_1_435' title='bbox 2401 2839 2513 2873; x_wconf 94' lang='lat' dir='ltr'><strong>non</strong></span> 
     </span>
     <span class='ocr_line' id='line_1_86' title="bbox 1438 2894 2516 2964; baseline -0.006 -14"><span class='ocrx_word' id='word_1_436' title='bbox 1438 2911 1520 2950; x_wconf 90' lang='lat' dir='ltr'><strong>est</strong></span> <span class='ocrx_word' id='word_1_437' title='bbox 1538 2901 1651 2950; x_wconf 93' lang='lat' dir='ltr'><strong>Deo</strong></span> <span class='ocrx_word' id='word_1_438' title='bbox 1677 2909 1906 2964; x_wconf 87' lang='lat' dir='ltr'><strong>accepta.</strong></span> <span class='ocrx_word' id='word_1_439' title='bbox 1930 2899 2028 2947; x_wconf 89' lang='lat' dir='ltr'><strong>Per</strong></span> <span class='ocrx_word' id='word_1_440' title='bbox 2053 2898 2155 2947; x_wconf 90' lang='lat' dir='ltr'><strong>hoc</strong></span> <span class='ocrx_word' id='word_1_441' title='bbox 2179 2896 2342 2946; x_wconf 88' lang='lat' dir='ltr'><strong>etiam</strong></span> <span class='ocrx_word' id='word_1_442' title='bbox 2365 2894 2516 2960; x_wconf 88' lang='lat' dir='ltr'><strong>quod</strong></span> 
     </span>
     <span class='ocr_line' id='line_1_87' title="bbox 1442 2964 2515 3035; baseline -0.007 -15"><span class='ocrx_word' id='word_1_443' title='bbox 1442 2980 1563 3035; x_wconf 90' lang='lat' dir='ltr'><strong>post</strong></span> <span class='ocrx_word' id='word_1_444' title='bbox 1604 2969 1983 3020; x_wconf 85' lang='lat' dir='ltr'><strong>revelationem</strong></span> <span class='ocrx_word' id='word_1_445' title='bbox 2019 2967 2124 3016; x_wconf 90' lang='lat' dir='ltr'><strong>sibi</strong></span> <span class='ocrx_word' id='word_1_446' title='bbox 2172 2965 2363 3016; x_wconf 89' lang='lat' dir='ltr'><strong>factam</strong></span> <span class='ocrx_word' id='word_1_447' title='bbox 2410 2964 2515 3014; x_wconf 89' lang='lat' dir='ltr'><strong>ob-</strong></span> 
     </span>
     <span class='ocr_line' id='line_1_88' title="bbox 1447 3038 2515 3106; baseline -0.005 -14"><span class='ocrx_word' id='word_1_448' title='bbox 1447 3042 1665 3102; x_wconf 91' lang='lat' dir='ltr'><strong>mutuit,</strong></span> <span class='ocrx_word' id='word_1_449' title='bbox 1707 3040 1956 3090; x_wconf 87' lang='lat' dir='ltr'><strong>innuitur</strong></span> <span class='ocrx_word' id='word_1_450' title='bbox 1990 3040 2134 3106; x_wconf 91' lang='lat' dir='ltr'><strong>quod</strong></span> <span class='ocrx_word' id='word_1_451' title='bbox 2165 3038 2287 3105; x_wconf 77' lang='lat' dir='ltr'><strong>p&#39;ost</strong></span> <span class='ocrx_word' id='word_1_452' title='bbox 2310 3038 2515 3088; x_wconf 89' lang='lat' dir='ltr'><strong>revela-</strong></span> 
     </span>
     <span class='ocr_line' id='line_1_89' title="bbox 1446 3109 2517 3173; baseline -0.006 -10"><span class='ocrx_word' id='word_1_453' title='bbox 1446 3113 1676 3173; x_wconf 89' lang='lat' dir='ltr'><strong>tionem,</strong></span> <span class='ocrx_word' id='word_1_454' title='bbox 1703 3112 1815 3162; x_wconf 88' lang='lat' dir='ltr'><strong>sive</strong></span> <span class='ocrx_word' id='word_1_455' title='bbox 1842 3111 2134 3170; x_wconf 77' lang='lat' dir='ltr'><strong>visionem,</strong></span> <span class='ocrx_word' id='word_1_456' title='bbox 2158 3110 2317 3168; x_wconf 83' lang='lat' dir='ltr'><strong>debet</strong></span> <span class='ocrx_word' id='word_1_457' title='bbox 2351 3109 2517 3158; x_wconf 87' lang='lat' dir='ltr'><strong>homo</strong></span> 
     </span>
    </p>
   </div>
   <div class='ocr_carea' id='block_1_6' title="bbox 1445 3180 2523 3312">
    <p class='ocr_par' dir='ltr' id='par_1_10' title="bbox 1445 3180 2523 3312">
     <span class='ocr_line' id='line_1_90' title="bbox 1448 3180 2523 3250; baseline -0.005 -15"><span class='ocrx_word' id='word_1_458' title='bbox 1448 3185 1667 3235; x_wconf 87' lang='lat' dir='ltr'><strong>reticere</strong></span> <span class='ocrx_word' id='word_1_459' title='bbox 1694 3182 1849 3250; x_wconf 87' lang='lat' dir='ltr'><strong>quasi</strong></span> <span class='ocrx_word' id='word_1_460' title='bbox 1879 3193 2084 3242; x_wconf 90' lang='lat' dir='ltr'><strong>mutus,</strong></span> <span class='ocrx_word' id='word_1_461' title='bbox 2109 3197 2212 3231; x_wconf 83' lang='lat' dir='ltr'><strong>nec</strong></span> <span class='ocrx_word' id='word_1_462' title='bbox 2242 3197 2299 3230; x_wconf 85' lang='lat' dir='ltr'><strong>se</strong></span> <span class='ocrx_word' id='word_1_463' title='bbox 2327 3180 2523 3246; x_wconf 81' lang='lat' dir='ltr'><strong>jactare</strong></span> 
     </span>
     <span class='ocr_line' id='line_1_91' title="bbox 1445 3247 1921 3312; baseline -0.004 -15"><span class='ocrx_word' id='word_1_464' title='bbox 1445 3257 1705 3312; x_wconf 87' lang='lat' dir='ltr'><strong>tanquam</strong></span> <span class='ocrx_word' id='word_1_465' title='bbox 1734 3247 1921 3296; x_wconf 76' lang='lat' dir='ltr'><strong>elatus,</strong></span> 
     </span>
    </p>
   </div>
   <div class='ocr_carea' id='block_1_7' title="bbox 1445 3317 2524 4027">
    <p class='ocr_par' dir='ltr' id='par_1_11' title="bbox 1445 3317 2524 4027">
     <span class='ocr_line' id='line_1_92' title="bbox 1508 3317 2516 3376; baseline -0.008 -9"><span class='ocrx_word' id='word_1_466' title='bbox 1508 3317 1542 3368; x_wconf 90' lang='lat'>8</span> <span class='ocrx_word' id='word_1_467' title='bbox 1570 3317 1835 3376; x_wconf 72' lang='lat' dir='ltr'><strong>Quonono</strong></span> <span class='ocrx_word' id='word_1_468' title='bbox 1863 3317 2227 3366; x_wconf 75' lang='lat' dir='ltr'><strong>EvANGEmcos</strong></span> <span class='ocrx_word' id='word_1_469' title='bbox 2253 3326 2516 3364; x_wconf 69' lang='lat' dir='ltr'><strong>sAcssnno-</strong></span> 
     </span>
     <span class='ocr_line' id='line_1_93' title="bbox 1446 3382 2520 3449; baseline -0.008 -8"><span class='ocrx_word' id='word_1_470' title='bbox 1446 3407 1543 3441; x_wconf 66' lang='lat' dir='ltr'><strong>‘rus</strong></span> <span class='ocrx_word' id='word_1_471' title='bbox 1572 3388 1936 3440; x_wconf 70' lang='grc' dir='ltr'>ΑῡΜοΝΕτῖ-</span> <span class='ocrx_word' id='word_1_472' title='bbox 1976 3389 2046 3437; x_wconf 88' lang='lat' dir='ltr'><strong>Ut</strong></span> <span class='ocrx_word' id='word_1_473' title='bbox 2086 3397 2264 3436; x_wconf 89' lang='lat' dir='ltr'><strong>autem</strong></span> <span class='ocrx_word' id='word_1_474' title='bbox 2317 3382 2520 3449; x_wconf 79' lang='lat' dir='ltr'><strong>impleti</strong></span> 
     </span>
     <span class='ocr_line' id='line_1_94' title="bbox 1446 3458 2520 3529; baseline -0.007 -14"><span class='ocrx_word' id='word_1_475' title='bbox 1446 3471 1570 3516; x_wconf 86' lang='lat' dir='ltr'><strong>sunt</strong></span> <span class='ocrx_word' id='word_1_476' title='bbox 1592 3464 1709 3514; x_wconf 82' lang='lat' dir='ltr'><strong>dies</strong></span> <span class='ocrx_word' id='word_1_477' title='bbox 1733 3462 1896 3529; x_wconf 84' lang='lat' dir='ltr'><strong>officii</strong></span> <span class='ocrx_word' id='word_1_478' title='bbox 1919 3461 2051 3528; x_wconf 77' lang='lat' dir='ltr'><strong>ejuS,</strong></span> <span class='ocrx_word' id='word_1_479' title='bbox 2069 3459 2204 3510; x_wconf 81' lang='lat' dir='ltr'><strong>abiit</strong></span> <span class='ocrx_word' id='word_1_480' title='bbox 2229 3459 2282 3508; x_wconf 80' lang='lat' dir='ltr'><strong>in</strong></span> <span class='ocrx_word' id='word_1_481' title='bbox 2307 3458 2520 3507; x_wconf 83' lang='lat' dir='ltr'><strong>domum</strong></span> 
     </span>
     <span class='ocr_line' id='line_1_95' title="bbox 1447 3525 2524 3600; baseline -0.011 -13"><span class='ocrx_word' id='word_1_482' title='bbox 1447 3551 1619 3598; x_wconf 86' lang='lat' dir='ltr'><strong>suam,</strong></span> <span class='ocrx_word' id='word_1_483' title='bbox 1646 3535 1711 3584; x_wconf 91' lang='lat' dir='ltr'><strong>ad</strong></span> <span class='ocrx_word' id='word_1_484' title='bbox 1742 3550 1907 3600; x_wconf 86' lang='lat' dir='ltr'><strong>quarn</strong></span> <span class='ocrx_word' id='word_1_485' title='bbox 1938 3548 2049 3582; x_wconf 89' lang='lat' dir='ltr'><strong>non</strong></span> <span class='ocrx_word' id='word_1_486' title='bbox 2079 3530 2269 3580; x_wconf 83' lang='lat' dir='ltr'><strong>licebat</strong></span> <span class='ocrx_word' id='word_1_487' title='bbox 2306 3525 2524 3588; x_wconf 84' lang='lat' dir='ltr'><strong>reverti,</strong></span> 
     </span>
     <span class='ocr_line' id='line_1_96' title="bbox 1445 3598 2522 3658; baseline -0.008 0"><span class='ocrx_word' id='word_1_488' title='bbox 1445 3608 1673 3658; x_wconf 90' lang='lat' dir='ltr'><strong>durante</strong></span> <span class='ocrx_word' id='word_1_489' title='bbox 1732 3604 1929 3655; x_wconf 75' lang='lat' dir='ltr'><strong>officio·</strong></span> <span class='ocrx_word' id='word_1_490' title='bbox 1988 3602 2138 3654; x_wconf 87' lang='lat' dir='ltr'><strong>Vicis</strong></span> <span class='ocrx_word' id='word_1_491' title='bbox 2197 3598 2346 3649; x_wconf 91' lang='lat' dir='ltr'><strong>enim</strong></span> <span class='ocrx_word' id='word_1_492' title='bbox 2407 3612 2522 3649; x_wconf 86' lang='lat' dir='ltr'><strong>suae</strong></span> 
     </span>
     <span class='ocr_line' id='line_1_97' title="bbox 1446 3666 2523 3744; baseline -0.009 -16"><span class='ocrx_word' id='word_1_493' title='bbox 1446 3688 1688 3744; x_wconf 90' lang='lat' dir='ltr'><strong>tempore</strong></span> <span class='ocrx_word' id='word_1_494' title='bbox 1718 3675 2017 3726; x_wconf 89' lang='lat' dir='ltr'><strong>sacerdotes</strong></span> <span class='ocrx_word' id='word_1_495' title='bbox 2050 3666 2383 3722; x_wconf 84' lang='lat' dir='ltr'><strong>castimoniae</strong></span> <span class='ocrx_word' id='word_1_496' title='bbox 2415 3677 2523 3718; x_wconf 88' lang='lat' dir='ltr'><strong>stu-</strong></span> 
     </span>
     <span class='ocr_line' id='line_1_98' title="bbox 1447 3745 2522 3810; baseline -0.01 -10"><span class='ocrx_word' id='word_1_497' title='bbox 1447 3750 1676 3810; x_wconf 89' lang='lat' dir='ltr'><strong>debant,</strong></span> <span class='ocrx_word' id='word_1_498' title='bbox 1742 3763 1803 3797; x_wconf 85' lang='lat' dir='ltr'><strong>ac</strong></span> <span class='ocrx_word' id='word_1_499' title='bbox 1848 3745 2143 3796; x_wconf 90' lang='lat' dir='ltr'><strong>secundum</strong></span> <span class='ocrx_word' id='word_1_500' title='bbox 2194 3750 2522 3807; x_wconf 86' lang='lat' dir='ltr'><strong>praeceptum</strong></span> 
     </span>
     <span class='ocr_line' id='line_1_99' title="bbox 1448 3811 2522 3879; baseline -0.01 -9"><span class='ocrx_word' id='word_1_501' title='bbox 1448 3818 1689 3879; x_wconf 90' lang='lat' dir='ltr'><strong>Domini,</strong></span> <span class='ocrx_word' id='word_1_502' title='bbox 1720 3817 1911 3868; x_wconf 89' lang='lat' dir='ltr'><strong>vinum</strong></span> <span class='ocrx_word' id='word_1_503' title='bbox 1950 3824 2002 3865; x_wconf 92' lang='lat' dir='ltr'><strong>et</strong></span> <span class='ocrx_word' id='word_1_504' title='bbox 2034 3826 2196 3862; x_wconf 86' lang='lat' dir='ltr'><strong>omne</strong></span> <span class='ocrx_word' id='word_1_505' title='bbox 2222 3811 2368 3877; x_wconf 92' lang='lat' dir='ltr'><strong>quod</strong></span> <span class='ocrx_word' id='word_1_506' title='bbox 2399 3811 2522 3860; x_wconf 89' lang='lat' dir='ltr'><strong>ine-</strong></span> 
     </span>
     <span class='ocr_line' id='line_1_100' title="bbox 1450 3879 2516 3955; baseline -0.009 -15"><span class='ocrx_word' id='word_1_507' title='bbox 1450 3889 1623 3940; x_wconf 89' lang='lat' dir='ltr'><strong>briare</strong></span> <span class='ocrx_word' id='word_1_508' title='bbox 1657 3897 1847 3955; x_wconf 84' lang='lat' dir='ltr'><strong>potest,</strong></span> <span class='ocrx_word' id='word_1_509' title='bbox 1884 3900 1996 3935; x_wconf 88' lang='lat' dir='ltr'><strong>non</strong></span> <span class='ocrx_word' id='word_1_510' title='bbox 2029 3882 2303 3932; x_wconf 85' lang='lat' dir='ltr'><strong>bibebant.</strong></span> <span class='ocrx_word' id='word_1_511' title='bbox 2336 3881 2437 3933; x_wconf 88' lang='lat' dir='ltr'><strong>Sed</strong></span> <span class='ocrx_word' id='word_1_512' title='bbox 2468 3879 2516 3931; x_wconf 89' lang='lat' dir='ltr'><strong>si</strong></span> 
     </span>
     <span class='ocr_line' id='line_1_101' title="bbox 1451 3955 2522 4027; baseline -0.007 -16"><span class='ocrx_word' id='word_1_513' title='bbox 1451 3961 1637 4027; x_wconf 86' lang='lat' dir='ltr'><strong>legalis</strong></span> <span class='ocrx_word' id='word_1_514' title='bbox 1663 3958 1907 4011; x_wconf 83' lang='lat' dir='ltr'><strong>sacerdos</strong></span> <span class='ocrx_word' id='word_1_515' title='bbox 1935 3955 2214 4007; x_wconf 87' lang='lat' dir='ltr'><strong>tenebatur</strong></span> <span class='ocrx_word' id='word_1_516' title='bbox 2233 3955 2298 4005; x_wconf 90' lang='lat' dir='ltr'><strong>ad</strong></span> <span class='ocrx_word' id='word_1_517' title='bbox 2319 3962 2522 4005; x_wconf 84' lang='lat' dir='ltr'><strong>tantam</strong></span> 
     </span>
    </p>
   </div>
   <div class='ocr_carea' id='block_1_8' title="bbox 1906 4173 1920 4196">
    <p class='ocr_par' dir='ltr' id='par_1_12' title="bbox 1906 4173 1920 4196">
     <span class='ocr_line' id='line_1_102' title="bbox 1906 4173 1920 4196; baseline 0 0"><span class='ocrx_word' id='word_1_518' title='bbox 1906 4173 1920 4196; x_wconf 71' lang='lat'><em>1</em></span> 
     </span>
    </p>
   </div>
  </div>
 </body>
</html>
