2784 4452
358 216 462 269 286

364 330 622 382 Jacobum
659 333 714 380 et
748 327 1025 391 Joannem,
1055 325 1112 377 in
1156 324 1284 375 navi
1320 337 1437 375 cm

364 403 416 453 Z
420 400 629 452 ebedaeo
642 403 807 465 patre
831 410 1028 461 eorum,
1054 394 1149 463 qui
1179 404 1436 462 tanquam

360 485 528 522 senex
580 468 794 520 tenebat
842 482 1075 526 remum,
1121 465 1436 531 rfficienteS,

362 543 419 593 id
457 550 554 601 est,
580 548 978 607 componentes,
1007 537 1094 589 vei
1115 544 1438 606 reparantes,

376 613 520 663 retia
556 626 674 675 sua,
706 609 851 677 quod
880 622 1090 676 magnae
1111 604 1443 676 paupertatis

363 692 478 733 erat
499 680 780 731 indicium.
803 678 958 729 Unde
981 677 1404 743 Clu-rsostomus
1419 692 1442 729 .·

380 773 407 800 ιι
439 753 575 804 Vide
597 761 775 802 autem
798 765 960 816 quam
979 748 1141 799 etiam
1159 747 1447 816 diligenter

367 824 614 890 inopiam
642 838 829 874 eorum
850 819 1184 888 Evangelista
1202 819 1447 886 signave-
1484 827 1489 862 ῑ

365 896 457 948 rit.
481 893 707 955 invenit,
722 891 929 959 inquit,
950 906 1043 943 eos
1068 899 1285 942 suentes
1312 887 1446 940 retia

368 983 488 1027 sua,
515 974 663 1016 tanta
709 974 822 1014 erat
846 961 1171 1029 paupertatis
1191 960 1448 1013 nimietas

369 1050 426 1091 et
490 1034 997 1103 superabundantia,
1047 1043 1110 1084 ut
1161 1042 1339 1085 vetera
1394 1040 1447 1082 et
1486 1069 1491 1106 1
1548 1054 1649 1090 nes
1691 1040 1899 1094 relictis
1932 1044 2141 1096 retibus
2178 1043 2300 1097 navi
2346 1052 2400 1096 et
2430 1053 2621 1112 patr-e,

381 1118 656 1180 praerupta
697 1116 1043 1157 contexerent
1093 1114 1147 1158 et
1190 1103 1448 1157 emenda-

371 1192 522 1239 rent,
560 1179 687 1246 quia
731 1194 867 1229 nova
898 1187 951 1229 et
987 1176 1216 1229 meliora
1253 1189 1446 1234 emere,
1486 1175 1491 1228 ’ξ
1552 1184 1677 1246 cuti,
1736 1185 2045 1239 ostendittur
2092 1187 2257 1241 nobis
2307 1188 2453 1254 quod
2507 1205 2624 1245 ηρ,

372 1253 457 1304 vel
507 1250 711 1301 habere
752 1248 1078 1316 nequibant3
1112 1258 1165 1300 et
1199 1247 1344 1314 quod
1380 1243 1448 1295 ad

382 1326 641 1391 majorem
671 1322 927 1390 pietatem
960 1338 1148 1374 eorum
1182 1321 1447 1390 pertinet,

373 1396 434 1447 in
456 1405 603 1446 tanta
622 1403 930 1463 paupertate
951 1392 1033 1443 sic
1045 1392 1191 1461 patri
1215 1407 1315 1442 suo
1335 1407 1451 1444 suc-

377 1466 662 1517 currebant
676 1504 691 1528 ,
719 1474 790 1516 nt
829 1479 1010 1514 secum
1052 1463 1355 1529 bajularent
1389 1461 1450 1513 in

373 1536 521 1598 navi,
559 1552 676 1586 non
713 1543 780 1585 ut
814 1534 947 1584 istos
975 1533 1065 1584 ille
1096 1533 1366 1599 adjuvaret
1390 1531 1451 1584 ‘tn

385 1625 565 1677 opere,
595 1609 687 1658 sed
714 1616 777 1658 ut
801 1606 894 1658 isti
917 1607 1077 1658 illum
1106 1607 1453 1658 consolaren-

376 1692 473 1732 tur
515 1695 612 1730 sua
649 1678 949 1745 praesentia.
989 1677 1103 1728 Nec
1133 1692 1264 1729 sane
1290 1692 1456 1744 parva

378 1752 496 1802 haec
551 1760 678 1801 sunt
726 1750 976 1816 dogmata
1024 1747 1244 1799 virtutis
1299 1747 1454 1800 facile

390 1838 614 1874 omnem
641 1822 865 1873 tolerare
887 1829 1276 1888 paupertatem,
1304 1829 1357 1871 et
1390 1820 1457 1872 de

387 1893 551 1959 iustis
595 1891 871 1942 laboribus
908 1890 1086 1941 vivere
1119 1900 1306 1943 mutua
1347 1889 1455 1942 sibi

382 1963 641 2016 charitate
700 1960 965 2022 connecti,
1019 1960 1218 2011 habere
1276 1976 1458 2014 secum

383 2108 523 2177 quio
573 2108 815 2159 laborare
857 2113 882 2156 z·
907 2125 934 2157 ι»
969 2106 1084 2157 haec
1124 2106 1460 2174 chrysosto-

398 2194 535 2232 muS.
567 2180 707 2247 Ergo
730 2177 1055 2246 quandoque
1076 2176 1462 2244 quiescendum

393 2393 629 2446 refecisti
659 2393 811 2455 retia,
841 2401 897 2443 et
934 2390 1196 2459 collegisti
1226 2391 1464 2442 auctori-

395 2476 533 2518 tates
551 2480 719 2517 sacrae
738 2464 1043 2531 Scripturae,
1065 2463 1266 2530 quibus
1287 2463 1464 2514 avari·
1500 2506 1507 2539 ἰ

391 2538 528 2591 tiam
566 2535 837 2601 jugulasti,
879 2534 1121 2603 quiescas
1146 2550 1177 2585 a
1201 2534 1464 2603 praedica·
1502 2550 1507 2563 ²

398 2609 550 2657 tione
603 2605 889 2672 paulisper,
927 2614 989 2655 ut
1022 2604 1216 2657 iterum
1263 2603 1466 2655 reficias

397 2679 550 2739 retia,
574 2689 625 2730 et
649 2670 865 2744 colligas
892 2677 1231 2729 auctoritates
1267 2677 1467 2744 quibus
1503 2696 1506 2701 ·

401 2750 642 2816 aliquem
671 2749 929 2802 vitiosum
956 2749 1238 2801 hominem
1270 2750 1464 2817 capias,

397 2831 454 2872 et
505 2820 698 2871 vitium
735 2820 852 2886 ejus
901 2820 1113 2885 jugules
1167 2829 1221 2870 et
1270 2819 1470 2870 exstin-

400 2906 556 2958 guas.
587 2893 656 2943 Et
676 2890 882 2941 vocavit
911 2905 1003 2941 eos
1031 2891 1097 2940 ad
1126 2905 1201 2951 se,
1223 2900 1284 2941 ut
1304 2890 1467 2941 etiam

398 2963 471 3012 de
511 2972 727 3027 captura
771 2961 1008 3028 piscium
1057 2960 1346 3012 transirent
1401 2960 1467 3010 ad

399 3032 753 3102 piscationem
802 3032 1106 3083 hominum.
1164 3033 1469 3089 Secundum
1506 3024 1510 3030 ’

397 3103 862 3170 chrysostomum,
881 3103 1152 3170 eliguntur
1161 3101 1469 3168 piscatores,

408 3175 677 3242 quierant
706 3173 901 3225 futurae
933 3173 1212 3241 dignitatis
1245 3173 1470 3240 gratiam

400 3245 491 3297 >sui
538 3243 699 3294 officii
750 3258 907 3308 opere
936 3245 1334 3312 prophetantes,
1375 3243 1470 3310 qui

395 3320 467 3372 ‘in
488 3318 683 3370 melius
707 3326 911 3368 mutato
935 3317 1251 3383 piscationis
1273 3316 1469 3376 offici0,

403 3390 475 3440 de
508 3400 717 3441 terrena
759 3386 1053 3455 piscatione
1091 3389 1157 3439 ad
1202 3389 1471 3441 coelestem

410 3462 653 3514 translati
693 3471 837 3520 sunt,
869 3470 932 3511 ut
959 3460 1267 3513 humanum
1301 3476 1473 3529 genus

413 3534 481 3585 de
527 3533 793 3599 profundo
831 3531 1041 3599 gurgite
1083 3531 1296 3594 erroris,
1329 3533 1474 3583 velut

411 3606 589 3675 pisces
612 3615 856 3671 caperent
880 3604 947 3656 ad
969 3605 1212 3658 salutem.

479 3692 512 3742 9
561 3677 705 3727 Tam
755 3674 1128 3735 aaanuaN‘na
1193 3676 1474 3729 Cuatsrmt

410 3763 568 3805 ssz
618 3763 964 3799 vonssnrmus.
1015 3774 1078 3785 -
1135 3747 1240 3801 Illi
1295 3756 1474 3800 autem

409 3819 604 3872 statim
633 3822 838 3875 relictis
876 3821 1077 3875 retibus
1104 3827 1158 3875 et
1171 3826 1355 3890 patre,
1386 3834 1474 3873 se·-

1047 209 1288 267 PRIMAE
1319 208 1568 262 PARTIS
1599 209 1832 265 CAPUT
1843 263 1847 268 .
1858 212 2046 266 xxix.

1541 324 1654 376 cuti
1677 332 1802 379 sunt
1823 340 1955 392 eum,
1981 327 2209 381 omnino
2231 327 2623 387 imitatione&

1544 396 1777 462 sequelae
1842 396 2187 464 perfectione.
2257 399 2390 452 Ecce
2454 403 2618 471 quod

1542 477 1784 521 mutatur
1807 468 2054 530 intentio,
2085 486 2195 522 non
2218 470 2445 539 piscatio
2450 490 2472 538 3
2495 491 2621 530 mu·

1544 548 1727 592 tantur
1756 540 1889 593 retia
1908 540 1973 594 in
2001 542 2320 604 doctrinam,
2346 545 2621 613 cupiditas

1544 610 1606 664 in
1627 628 1866 667 amorem
1896 614 2200 668 animarum
2220 632 2237 680 3
2260 615 2323 668 fit
2344 633 2498 672 mare
2522 634 2622 674 so·-

1548 685 1749 746 culum,
1784 685 1939 739 navis
1955 686 2216 751 Ecclesia3
2248 688 2442 755 pisces,
2481 691 2622 748 boni

1544 757 1743 810 etmali
1767 758 2055 824 homine83
2085 759 2146 813 in
2178 760 2267 813 his
2302 771 2484 814 autem
2510 763 2624 817 de-

1546 835 1638 877 tur
1664 826 1841 879 forma
1861 829 2123 883 oxrmibus
2145 830 2428 885 Christum
2458 833 2623 900 sequi

1548 897 1875 951 volentibus.
1905 900 2004 953 Per
2036 900 2141 954 hoc
2161 900 2311 954 enim
2341 904 2490 971 quod
2511 904 2623 958 Pe·-

1551 976 1667 1020 trus
1696 977 1749 1020 et
1764 969 2010 1023 Andreas
2036 981 2092 1022 et
2106 972 2356 1036 Jacobus,
2388 983 2440 1024 et
2466 975 2625 1028 loan-

1550 1122 1831 1166 vocantem
1859 1114 2155 1169 Dominum
2179 1117 2361 1170 statim
2383 1124 2511 1172 sunt
2526 1133 2625 1172 se-

1551 1253 1800 1307 voluntas
1849 1255 2104 1316 carnalis,
2170 1272 2283 1310 non
2353 1258 2628 1326 cupidi-m

1551 1324 1881 1392 temporalis,
1926 1342 2028 1379 nec
2084 1325 2293 1388 affectio
2335 1329 2630 1398 sanguim}

1554 1409 1656 1446 nos
1722 1396 1991 1449 retrahere
2048 1397 2247 1450 debent
2306 1413 2338 1451 a
2400 1401 2629 1465 sequela

1555 1466 1756 1519 Christi
1781 1506 1795 1530 ,
1865 1468 1996 1549 quia
2049 1469 2266 1538 perfecti
2336 1481 2630 1527 sectator&

1557 1536 1782 1600 Christi,
1806 1538 2011 1590 relictis
2038 1540 2245 1592 retibus
2268 1551 2628 1608 peccatomm,

1556 1617 1609 1658 et
1633 1608 1755 1659 navi
1800 1610 2228 1677 possessionum,
2255 1621 2309 1663 et
2332 1611 2495 1664 etiam
2522 1627 2630 1682 pa·—

1556 1677 1801 1730 rentibns
1820 1716 1837 1741 ,
1899 1690 2164 1748 quantum
2226 1681 2293 1731 ad
2354 1684 2629 1735 carnalem

1558 1748 1830 1813 affectum,
1852 1751 2036 1804 animo
2052 1762 2309 1821 prompto
2327 1764 2634 1824 sequuntur

1494 1871 1498 1875 ,
1556 1834 1686 1870 eum
1717 1836 1731 1869 ε
1762 1819 1822 1874 in
1858 1821 2068 1874 retibus
2106 1822 2277 1883 enim,
2300 1834 2357 1876 et
2389 1824 2532 1885 navi,
2572 1833 2632 1876 et

1563 1899 1728 1956 patre,
1766 1892 1871 1943 tria
1904 1893 2279 1962 significantur
2307 1911 2430 1962 quae
2452 1896 2632 1949 relin-

1496 2005 1501 2031 ,ἡ
1563 1976 1726 2028 quere
1757 1962 1954 2014 debent
1983 1963 2234 2032 discipuli
2258 1964 2482 2026 Christi,
2520 1966 2635 2018 sci-

399 2039 623 2103 inopem
653 2045 877 2104 patrem,
901 2044 1061 2099 atque
1083 2033 1277 2099 ineius
1297 2035 1460 2086 obse·
1496 2039 1501 2088 ῐ
1561 2034 1686 2085 licet
1714 2052 1729 2085 z
1763 2034 1901 2087 actio
1949 2036 2165 2101 peccati,
2205 2052 2326 2105 quae
2364 2053 2459 2103 per
2498 2037 2637 2094 retia

1563 2104 1719 2171 quasi
1754 2104 2070 2171 retinentia;
2114 2107 2382 2175 possessio
2418 2108 2636 2169 mundi,

1498 2222 1503 2231 ι
1562 2191 1688 2244 quae
1716 2191 1816 2244 per
1835 2176 2016 2229 navim
2028 2193 2050 2243 3
2080 2178 2290 2233 affectio
2317 2195 2636 2251 consangui-

393 2261 475 2303 est
522 2267 553 2302 a
594 2249 923 2316 piscatione,
980 2257 1034 2300 et
1072 2249 1389 2300 cessandum
1430 2263 1463 2299 a
1500 2282 1503 2289 „

357 2376 360 2379 ,
396 2321 793 2389 praedicatione,
842 2329 903 2370 ut
937 2318 1078 2372 retia
1137 2318 1359 2371 reficias.
1404 2318 1461 2370 Si
1499 2334 1505 2353 ¹

1566 2249 1770 2312 nitatis,
1813 2265 1935 2319 quae
1964 2266 2063 2320 per
2092 2262 2300 2319 patrem
2335 2262 2510 2320 potest
2536 2252 2635 2305 in·

1564 2321 1752 2388 telligi.
1784 2321 1938 2373 Unde
1962 2322 2384 2393 chrysostomus
2403 2342 2420 2375 .·
2444 2345 2471 2372 ει
2503 2325 2635 2379 Tria

1566 2390 1715 2449 enim
1737 2401 1867 2443 sunt
1889 2407 2010 2458 quae
2032 2393 2334 2461 relinquere
2357 2395 2517 2447 debet
2536 2395 2632 2465 qui

1568 2463 1717 2515 venit
1745 2465 1811 2514 ad
1838 2464 2120 2516 Christum
2146 2483 2160 2516 :
2191 2476 2340 2519 actus
2372 2469 2630 2532 carnales,

1567 2533 1662 2604 qui
1699 2549 1796 2602 per
1819 2534 1953 2585 retia
1970 2534 2293 2604 piscationis
2317 2535 2634 2604 significan·-

1568 2617 1692 2671 tur3
1762 2606 2063 2658 substantia
2134 2608 2446 2669 mundialis,
2540 2622 2637 2678 pa*

1572 2691 1797 2740 navem;
1831 2686 2093 2745 parenteS,
2118 2693 2213 2746 per
2229 2688 2456 2746 patrem.
2484 2678 2638 2731 Reli-

1571 2756 1807 2814 querunt
1871 2762 1999 2815 ergo
2055 2763 2245 2799 navem
2265 2787 2280 2811 ,
2340 2759 2401 2801 ut
2447 2748 2640 2802 fierent

1573 2819 1951 2872 Ecclesiasticae
2006 2820 2160 2872 navis
2209 2822 2636 2886 gubernatores;

1572 2889 1907 2955 reliquerunt
1970 2890 2124 2951 retia,
2180 2899 2243 2940 ut
2296 2907 2407 2941 non
2460 2891 2639 2957 pisces

1574 2960 1825 3012 afferrent
1846 2961 1925 3013 ad'
1937 2959 2204 3010 civitatem
2234 2969 2519 3023 terrenam,
2544 2961 2637 3011 sed

1574 3033 1826 3085 homines
1863 3034 1929 3083 ad
1965 3033 2268 3097 coelestem3
2305 3033 2642 3101 reliquerunt

1575 3121 1748 3156 unum
1776 3113 2002 3173 patrem,
2035 3114 2096 3155 ut
2127 3104 2431 3170 spirituales
2460 3116 2642 3173 patres

1577 3176 1824 3228 omnium
1848 3176 2034 3229 fierent
2058 3186 2075 3227 ε·
2108 3197 2137 3225 ³>
2172 3178 2287 3228 haec
2318 3178 2642 3244 chrysosto-

1573 3261 1710 3296 mus,
1752 3246 1819 3297 Et
1868 3247 2165 3297 notandum
2198 3247 2343 3314 quod
2381 3247 2447 3299 de
2488 3248 2643 3301 Petro

1574 3327 1628 3368 et
1673 3318 1885 3369 Andrea
1928 3317 2140 3379 dicitur,
2174 3319 2319 3386 quod
2355 3318 2644 3372 mittebant

1574 3398 1685 3438 rete
1726 3388 1789 3441 in
1839 3402 2020 3451 mare;
2072 3389 2165 3440 sed
2215 3390 2281 3439 de
2329 3390 2535 3451 Joanne
2589 3398 2641 3442 et

1576 3459 1738 3511 fratre
1777 3460 1894 3526 ejus
1923 3459 2120 3512 dicitur
2151 3462 2296 3527 quod
2333 3461 2641 3515 reficiebant

1576 3531 1709 3583 retia
1743 3547 1843 3582 sua
1877 3549 1890 3581 :
1923 3532 2068 3601 quia,
2106 3533 2405 3584 secundum
2451 3533 2640 3600 Chr-r·-
2718 3558 2723 3561 -

1574 3611 1863 3656 sostomum
1874 3644 1896 3671 ‚
1950 3614 2172 3671 ‘propter
2238 3606 2454 3655 Petrum
2513 3605 2642 3659 dicti

1577 3688 1704 3731 sunt
1723 3679 2015 3740 mittenteS,
2037 3688 2255 3748 propter
2276 3678 2537 3729 Joannem
2567 3694 2644 3731 re·

1577 3747 1834 3811 ficientes,
1880 3749 2008 3818 quia
2061 3749 2245 3801 Petrus
2289 3748 2642 3814 Evangelium

1508 3876 1513 3887 s
1582 3820 1908 3889 praedicavit,
1963 3819 2056 3875 sed
2121 3835 2231 3873 non
2300 3818 2607 3889 composuit
2617 3835 2641 3889 3
