2784 4452
521 384 720 445 QUOD
754 384 945 435 PUER
973 383 1176 436 JESUS
1206 381 1569 437 INVENTUS
1601 383 1733 435 EST
1763 384 1834 434 IN
1870 384 2181 436 TEMPLO.

235 502 315 552 eis
342 501 647 551 obediendo
674 501 928 551 recedens
946 500 1313 551 retraheretur

236 588 268 623 a
307 571 688 637 disputatione,
731 581 823 621 aut
853 587 965 621 non
1006 572 1309 622 obediendo

235 657 529 692 remanens
553 642 828 692 videretur
866 657 959 692 eos
993 652 1310 692 contemne-

234 727 309 762 re.
378 712 521 762 Hinc
598 712 828 762 habetur
887 722 1269 778 argumentum
1293 750 1309 772 ,

234 786 384 851 quod
412 784 561 835 filius
597 785 802 851 absque
838 786 990 851 cujus
1031 785 1313 851 praesentia

236 866 388 922 pater
417 866 471 906 et
498 866 667 906 mater
694 857 859 907 vitam
890 868 1115 923 possunt
1140 867 1312 908 trans·

234 929 400 994 igere,
433 928 567 993 ipsis
608 928 772 978 etiam
814 928 1176 979 nescientibus
1214 939 1310 979 aut

236 998 574 1058 nolentibus,
608 1008 785 1064 potest
810 1000 878 1049 ad
910 999 1228 1066 religionem
1254 1011 1309 1050 et

226 1071 294 1121 ad
324 1081 530 1121 statum
575 1070 921 1137 perfectionis
961 1074 1188 1133 evolare,
1216 1088 1313 1123 se-

226 1158 335 1209 que
375 1142 564 1192 divino
611 1143 780 1193 cultui
830 1144 1154 1210 mancipare,
1188 1144 1307 1194 dis-

226 1213 489 1266 cretionis
549 1215 753 1281 judicio
815 1216 1029 1267 comite.
1078 1218 1145 1267 Et
1206 1216 1307 1266 im·

226 1287 566 1353 peditoribus
621 1289 696 1339 ait
742 1290 1009 1341 Dominus
1066 1306 1081 1340 ε
1126 1290 1303 1341 Sinite

218 1361 493 1425 parvulos
532 1361 715 1412 venire
754 1362 831 1412 ad
860 1378 957 1426 me,
993 1363 1183 1414 talium
1219 1369 1303 1413 est

223 1432 364 1481 enim
406 1447 637 1499 regnum
685 1434 959 1485 coelorum.
1004 1436 1106 1485 Sed
1144 1451 1298 1502 quae-

225 1503 368 1554 ritur
418 1504 527 1568 hic,
576 1506 853 1571 quomodo
900 1517 1147 1571 parentes
1184 1508 1299 1573 ejus

220 1575 591 1626 obliviscendo
655 1592 781 1627 eum
834 1578 1140 1645 relinquere
1193 1595 1296 1645 po-

221 1656 466 1708 tuerunt,
514 1649 608 1715 qui
652 1659 800 1700 tanta
854 1666 981 1701 cura
1025 1666 1149 1701 eum
1190 1668 1298 1701 nu-

220 1718 522 1769 triverunt?
549 1720 632 1769 Ad
671 1720 773 1769 hoc
801 1721 1109 1782 dicendum,
1149 1724 1297 1789 quod

222 1807 348 1841 mos
389 1802 503 1842 erat
528 1792 651 1841 filiis
684 1794 844 1843 Israel
883 1795 949 1844 ad
991 1796 1121 1845 festa
1160 1811 1295 1845 con-

221 1860 543 1923 fluentibus,
572 1864 656 1913 vel
700 1864 764 1913 ad
805 1866 1021 1930 propria
1058 1867 1296 1916 redeun-

222 1932 393 1994 tibus,
421 1944 485 1984 ut
525 1950 769 1984 seorsum
808 1936 910 1986 viri
955 1947 1008 1987 et
1047 1953 1292 1989 seorsum

220 2005 501 2069 mulieres,
527 2016 748 2071 propter
774 2008 1100 2058 munditiam
1129 2009 1293 2059 casti-

221 2077 352 2128 tatis
403 2078 741 2140 incederent,
808 2090 871 2131 ut
928 2082 996 2132 ab
1059 2083 1292 2133 invicem

219 2151 581 2213 continenteS,
612 2153 783 2219 magis
820 2154 1069 2220 religiose
1095 2171 1291 2205 secun-

220 2223 358 2276 dum
388 2225 550 2292 Legis
575 2226 866 2289 dationem,
897 2226 1030 2279 festa
1052 2229 1293 2279 celebra-

218 2307 363 2357 rent,
392 2307 447 2347 et
488 2314 557 2348 ne
599 2314 787 2348 eorum
840 2299 1009 2350 mixta
1042 2299 1293 2350 societate

213 2368 426 2434 aliquid
457 2369 735 2419 inhonesti
776 2371 1134 2437 contingeret3
1168 2385 1293 2436 pue-

214 2440 265 2490 ri
294 2451 479 2491 autem
506 2458 631 2491 cum
669 2441 914 2508 quolibet
956 2452 1172 2508 parente
1200 2443 1291 2492 in-

214 2510 529 2562 differenter
570 2513 648 2562 ire
691 2522 952 2578 poterant.
1000 2514 1156 2564 Unde
1193 2514 1292 2564 Jo-

215 2583 358 2647 seph
411 2583 600 2634 videns
653 2599 880 2650 puerum
926 2585 1111 2635 Jesum
1178 2600 1289 2634 non

213 2654 333 2702 esse
363 2669 567 2714 secum,
599 2655 820 2720 putabat
861 2670 986 2705 eum
1020 2670 1140 2704 esse
1165 2670 1289 2704 cum

215 2724 409 2788 Maria,
459 2725 516 2774 in
565 2725 822 2776 comitatu
862 2725 1152 2776 mulierum
1173 2741 1190 2789 3
1239 2735 1291 2776 et

216 2809 248 2844 e
277 2796 556 2856 c'onverSO,
580 2796 748 2846 Maria
777 2797 996 2863 putabat
1022 2812 1149 2847 eum
1176 2812 1291 2847 esse

214 2882 343 2917 cum
380 2869 600 2934 Joseph,
633 2868 691 2918 in
728 2869 985 2919 comitatu
1028 2869 1287 2919 virorum.

280 2938 315 2990 6
354 2941 549 2989 Manus
577 2956 751 2990 nonon
778 2956 844 2989 DE
887 2955 1164 2989 Ainssxomz
1192 2940 1292 2988 F1-

215 3026 313 3060 mr.
344 3038 406 3048 -—
433 3010 521 3061 Sic
548 3016 957 3076 ergo'venerunt
993 3011 1094 3060 iter
1133 3010 1290 3060 unius

217 3082 330 3132 diei
371 3098 402 3132 a
442 3083 737 3132 Jerusalem
779 3081 897 3131 sine
926 3081 1120 3141 Puer0‚
1163 3097 1287 3131 cum

218 3152 321 3203 hac
378 3153 779 3203 existimatione
834 3153 979 3218 quod
1048 3162 1186 3202 esset
1228 3153 1287 3204 in

218 3223 479 3274 comitatu
502 3224 743 3273 virorum
773 3224 856 3273 vel
884 3222 1196 3274 mulierum.
1224 3225 1290 3274 Et

219 3308 346 3342 cum
389 3294 445 3344 in
495 3309 616 3343 sero
661 3294 935 3344 venissent
983 3294 1050 3343 ad
1109 3294 1306 3363 locumv

216 3365 314 3434 ubi
345 3365 609 3430 hospitari
647 3365 931 3426 debebant,
960 3364 1148 3415 videns
1171 3366 1289 3416 Do-

218 3438 372 3490 mina
421 3440 606 3506 ipsum
655 3438 855 3504 Joseph
915 3439 1033 3488 sine
1094 3439 1285 3500 Puer0‚

216 3526 381 3578 quem
403 3528 532 3562 cum
562 3527 625 3561 eo
649 3511 873 3561 rediisse
897 3510 1161 3570 credebat,
1182 3511 1286 3560 do-

213 3584 328 3633 lore
367 3581 677 3634 vehementi
727 3596 987 3632 concussa
1035 3596 1159 3631 cum
1207 3583 1287 3631 la-

213 3655 415 3721 crymis
468 3670 564 3721 per
603 3654 793 3704 domos
831 3669 997 3719 quam
1037 3653 1287 3703 decenter

215 3737 424 3794 poterat
467 3743 586 3778 sero
629 3726 915 3790 circuibat,
964 3735 1016 3776 et
1053 3726 1121 3776 de
1166 3726 1286 3792 ipso

219 3796 393 3856 Puero
434 3798 723 3864 quaerebat.
777 3797 977 3862 Joseph
1025 3813 1153 3847 vero
1193 3812 1287 3847 se-

217 3887 341 3934 nex,
381 3887 507 3921 cum
539 3869 669 3920 fletu
716 3878 835 3920 eam
871 3870 1195 3935 sequebatur
1232 3879 1289 3919 et

218 3941 533 3991 associabat.
563 3940 710 3990 Vade
737 3949 791 3990 et
826 3949 886 3990 tu
911 3955 1123 4004 semper
1161 3955 1284 3989 cum

219 4011 297 4064 eis
324 4021 378 4063 et
407 4027 587 4078 quaere
630 4026 857 4076 puerum
888 4011 1071 4061 Jesum
1113 4011 1284 4062 donec

2380 384 2488 436 151'

1414 501 1670 552 invenias,
1704 502 1875 552 Puero
1903 511 2085 551 autem
2112 516 2142 551 a
2170 502 2484 567 parentibus·

1413 583 1539 623 tunc
1567 589 1679 623 non
1710 574 1947 638 invente,
1981 574 2197 640 qualem
2238 574 2476 639 quietem

1412 645 1610 695 habere
1651 655 1895 711 poterant
1942 655 2000 695 tu
2030 646 2145 711 ipse
2183 646 2382 712 cogita,
2426 659 2480 697 et

1413 716 1645 766 maxime
1666 717 1857 766 ·Mater
1892 731 2012 783 quae
2054 716 2235 782 ipsum
2277 718 2476 767 arctius

1412 786 1684 852 diligebat.
1727 787 1792 837 Et
1824 787 1948 837 licet
1974 802 2004 837 a
2032 787 2175 837 notis
2203 786 2475 837 conforta-

1410 867 1587 920 retur,
1634 869 1811 909 tamen
1859 859 2122 909 consolari
2170 876 2279 909 non
2322 869 2476 925 pote-

1410 936 1491 977 rat
1538 945 1552 978 :
1607 929 1739 995 quid
1786 929 1933 979 enim
1976 940 2087 980 erat
2123 931 2344 997 perdere
2381 931 2473 982 Je-

1411 1001 1570 1051 sum?
1628 1003 1893 1069 Conspice
1959 1004 2095 1055 bene
2152 1004 2324 1070 ipsam
2350 1043 2363 1064 ‚
2421 1015 2474 1054 et

1407 1072 1751 1125 vehementer
1788 1074 1837 1124 ei
1880 1084 2210 1141 compatere3
2250 1074 2377 1142 quia
2414 1074 2472 1124 in

1409 1160 1601 1210 magna
1653 1145 1901 1211 angustia
1949 1157 2030 1197 est
2093 1163 2238 1197 nunc
2292 1147 2474 1197 anima

1407 1230 1521 1266 sua.
1552 1216 1863 1282 Nunquam,
1897 1233 1961 1267 ex
1988 1233 2099 1283 quo
2126 1227 2245 1267 nata
2275 1228 2355 1268 est
2374 1233 2472 1267 us-

1406 1301 1512 1351 que
1550 1295 1698 1347 tunc,
1738 1286 1843 1337 fuit
1880 1287 1939 1337 in
1974 1297 2134 1339 tanta.
2177 1289 2299 1338 Non
2345 1299 2488 1353 ergo*

1403 1358 1688 1409 turbemur
1712 1360 1932 1426 quando
1975 1360 2353 1410 tribulationes
2382 1360 2470 1409 ha-

1405 1432 1614 1496 bemus,
1655 1448 1779 1483 cum
1823 1433 1984 1484 etiarn
2026 1434 2181 1484 Matri
2222 1449 2332 1484 suae
2363 1450 2471 1484 non

1403 1505 1699 1569 pepercerit
1721 1505 2009 1556 Dominus,
2038 1506 2119 1555 Ad
2161 1521 2290 1555 suos
2318 1506 2466 1556 enim

1403 1589 1492 1625 eas
1536 1576 1719 1627 venire
1756 1576 2045 1643 permittit,
2096 1585 2148 1626 et
2188 1592 2283 1641 per
2324 1576 2468 1641 ipsas

1401 1646 1621 1712 signum
1651 1663 1761 1698 suae
1787 1647 2095 1698 dilectionis
2129 1648 2244 1697 suis
2280 1659 2468 1698 osten-

1401 1717 1497 1767 dit.
1539 1718 1781 1768 Tandem
1826 1718 2059 1769 Domina
2098 1718 2154 1768 in
2197 1734 2482 1769 cameram*

1399 1807 1456 1841 se
1501 1793 1785 1844 recludens
1840 1803 1893 1843 et
1943 1794 2010 1844 ad
2064 1793 2365 1843 orationem
2415 1803 2468 1843 et

1401 1865 1675 1929 planctum
1716 1881 1774 1915 se
1814 1875 2126 1916 convertens
2160 1880 2253 1930 per
2295 1873 2464 1914 totam

1399 1944 1609 1985 noctem
1652 1935 1800 1986 illam
1848 1935 2257 2002 angustiabatur
2302 1950 2466 2001 super

1398 2006 1590 2057 dilecto
1611 2007 1751 2057 Filio
1772 2024 1889 2059 suo,
1911 2010 2067 2057 Mane
2093 2023 2221 2058 vero
2241 2023 2463 2073 sequen·
2487 2039 2488 2042 =

1397 2078 1470 2139 ti,
1531 2078 1845 2144 tempestive
1900 2079 2125 2128 domum
2177 2087 2460 2137 exeunteS‚

1397 2164 1522 2199 eum
1565 2148 1726 2199 etiam
1765 2164 1862 2214 per
1905 2148 2305 2198 circumstantia
2343 2149 2460 2198 loca

1398 2222 1727 2289 quaerebant,
1758 2238 1884 2273 nam
1915 2221 2117 2273 reditus
2146 2237 2241 2287 per
2281 2222 2463 2287 plures

1395 2292 1509 2342 vias
1571 2292 1797 2358 patebat.
1844 2292 2243 2342 Circumeundo
2297 2291 2463 2356 igitur

1396 2377 1522 2412 eum
1553 2362 1609 2412 in
1645 2373 1873 2428 utraque
1915 2362 2168 2412 comitiva
2216 2361 2459 2428 require-

1398 2435 1541 2497 bant,
1579 2435 1633 2485 id
1667 2445 1745 2486 est
1774 2435 1970 2486 iterum
1996 2445 2049 2486 et
2077 2435 2275 2485 iterum
2320 2450 2460 2501 quae-

1397 2507 1611 2568 rebant,
1652 2506 1887 2557 maxime
1928 2507 2067 2558 inter
2107 2513 2371 2573 cognatos
2410 2513 2463 2557 et

1396 2585 1551 2630 notos
1591 2578 1795 2629 amicos
1842 2578 1936 2644 qui
1985 2579 2043 2629 in
2081 2588 2312 2645 utroque
2360 2594 2460 2628 co-

1396 2649 1590 2699 mitatu
1626 2659 1795 2700 erant.
1826 2650 1954 2710 Quo
1975 2649 2137 2711 etiam
2175 2658 2304 2699 tunc
2351 2664 2461 2698 non

1395 2721 1632 2781 invent0‚
1661 2723 1834 2771 Mater
1862 2721 1980 2771 sine
2006 2736 2099 2786 spe
2122 2720 2458 2780 anxiabatur,

1395 2802 1447 2842 et
1472 2792 1736 2842 consolari
1768 2809 1879 2842 non
1910 2802 2132 2858 poterat.
2167 2793 2295 2842 Haec
2330 2791 2461 2842 dili-

1395 2873 1579 2927 genter
1605 2863 1854 2929 recogita,
1885 2863 2105 2928 quantis
2143 2863 2463 2914 vulneribus

1395 2943 1449 2982 et
1496 2933 1817 2984 cruciatibus
1871 2949 1962 2983 cor
2003 2933 2170 2984 beatae
2221 2934 2463 2999 Virginis

1395 3013 1524 3056 tunc
1564 3007 1863 3056 sauciatum
1892 3005 2095 3069 fuerat3
2135 3022 2254 3074 quae
2290 3006 2463 3072 suspi-

1396 3076 1501 3136 ria,
1544 3092 1665 3143 quae
1690 3078 1954 3138 lamenta,
1993 3092 2129 3142 quas
2169 3078 2461 3128 anxietates

1395 3147 1701 3213 pertulerit,
1752 3164 1875 3198 cum
1917 3149 2208 3215 quaesitum
2253 3148 2458 3198 Filium

1397 3234 1505 3268 non
1550 3217 1783 3270 invenit!
1830 3220 1948 3270 Jam
1998 3219 2228 3286 experiri
2277 3219 2456 3286 coepit,

1392 3292 1570 3359 qualis
1607 3302 1744 3343 esset
1781 3292 1995 3343 futurus
2037 3294 2190 3343 dolor
2228 3292 2360 3356 ejuS,
2389 3293 2459 3344 de

1392 3382 1503 3434 quo
1542 3366 1786 3433 praedixit
1839 3367 1887 3418 ei
1947 3368 2167 3418 Simeon
2214 3365 2399 3417 dicens
2442 3384 2455 3416 z

1402 3442 1576 3492 Tuam
1622 3442 1795 3507 ipsius
1835 3442 2071 3492 animam
2098 3440 2480 3508 pertransibit

1391 3512 1634 3580 gladius,
1666 3512 1943 3563 Nesciebat
1972 3513 2140 3578 Virgo
2165 3509 2296 3576 quid
2322 3525 2454 3576 age-

1391 3594 1490 3644 ret,
1521 3583 1650 3649 quia
1687 3584 2001 3634 thesaurum
2041 3581 2145 3632 sibi
2182 3581 2270 3646 pie
2297 3584 2477 3631 com-‘

1395 3655 1625 3706 missum
1672 3670 1702 3704 a
1748 3656 1890 3716 De0,
1933 3654 2251 3720 perdiderat.
2300 3652 2455 3704 Unde

1391 3725 1808 3777 lamentabiliter
1857 3725 2033 3792 potuit
2087 3724 2261 3773 dicere
2321 3722 2456 3773 illud

1394 3798 1620 3849 Genesis
1649 3814 1665 3847 z
1697 3799 1848 3848 Puer
1874 3811 2001 3848 vero
2030 3811 2132 3848 non
2158 3801 2448 3861 comparet,

1391 3865 1445 3920 εἰ
1466 3885 1570 3936 ego
1590 3885 1692 3935 quo
1715 3867 1846 3920 ibo?
1871 3867 2165 3918 Considera
2188 3866 2278 3917 hic
2306 3868 2453 3933 quod

1390 3941 1543 3991 beata
1563 3941 1747 4006 Virgo,
1778 3940 1843 3989 de
1869 3948 2008 3990 terra
2031 3955 2129 3990 sua
2156 3939 2377 4004 expulsa
2403 3948 2455 3988 et

1392 4012 1450 4062 in
1487 4013 1785 4076 AEgyptum
1818 4010 1995 4076 fugata
2016 4049 2030 4070 ,
2070 4011 2127 4060 in
2165 4019 2310 4061 tanta
2345 4009 2450 4060 tri-
