2784 4452
205 305 307 370 134

204 430 418 486 propter
436 419 537 469 hoc
555 420 816 471 debebant
834 420 1100 481 omittere,
1120 419 1266 485 quod

207 501 453 559 poterant
515 492 685 542 facere
757 494 1053 543 secundum
1123 492 1267 543 viam

207 566 522 616 humanam.
567 565 700 615 Ecce
734 565 874 631 fugit
918 564 1170 615 Christus
1217 574 1273 614 et

205 646 358 687 nocte
409 635 577 703 fugit,
626 646 689 686 ut
734 636 863 703 fuga
911 652 1030 702 quae
1077 651 1172 701 per
1211 651 1271 685 se

207 706 446 757 difficilis
472 718 570 768 est,
598 708 771 758 noctis
807 707 1128 757 obscuritate
1159 706 1270 757 dif-
1297 709 1301 714 '

209 778 401 829 ficilior
427 779 534 830 fiat.
577 780 740 847 Fugit
770 790 950 830 autem
989 780 1046 830 in
1098 781 1271 845 AEgy-

206 860 378 917 ptum,
415 860 473 901 ut
499 867 590 902 eos
618 852 914 917 specialiter
943 852 1273 903 illuminaret

213 938 319 987 prae
344 921 531 972 ceteris
563 932 615 973 et
639 933 865 974 sanaret.
896 923 1051 973 Unde
1073 925 1271 988 Augu-

209 994 382 1043 stinus
402 1011 419 1043 .-
439 1012 467 1040 «
486 994 627 1043 Audi
643 993 803 1044 etiam
825 994 1007 1060 magni
1029 992 1271 1060 mysterii

214 1076 624 1117 sacramentum.
647 1067 859 1133 Moyses
877 1068 1202 1133 quandoque
1215 1065 1272 1115 in

215 1137 479 1202 AEgypt0,
534 1136 752 1203 perfidis
795 1139 1053 1188 clauserat
1092 1138 1272 1200 diem;

217 1208 347 1259 illuc
365 1209 615 1260 Christus
634 1210 940 1274 advenienS,
962 1210 1276 1261 sedentibus

214 1280 270 1331 in
299 1276 534 1331 'tenebris
558 1282 785 1332 reddidit
799 1283 989 1333 lucem.
1004 1302 1031 1330 ³>
1045 1282 1199 1333 Unde
1226 1290 1278 1331 et

146 1379 147 1382 =
211 1353 636 1412 Chrrsostomus
653 1371 670 1404 .-
691 1373 719 1401 «
742 1355 844 1405 Sed
863 1371 1027 1421 quare
1045 1353 1099 1404 in
1118 1355 1279 1420 AEgy-

160 1463 167 1470 .
215 1423 410 1490 ptum?
447 1424 772 1474 Recordatus
803 1435 883 1475 est
911 1426 1057 1476 enim
1082 1425 1277 1477 Domi-

219 1509 355 1555 nuS,
395 1494 489 1560 qui
541 1495 597 1545 in
645 1494 809 1546 finem
851 1512 959 1546 non
1007 1496 1277 1556 irascitur,

216 1576 418 1633 quanta
465 1568 602 1618 mala
648 1567 838 1618 fecerat
895 1584 1056 1635 super
1105 1568 1280 1633 AEgy-

215 1647 396 1705 ptum3
439 1639 558 1689 ideo
587 1640 738 1690 misit
777 1641 979 1691 Filium
1020 1656 1182 1691 suum
1222 1640 1278 1689 in

217 1723 364 1769 eam,
406 1709 544 1759 dans
583 1710 662 1760 illi
713 1711 1162 1766 reconciliationis
1200 1710 1281 1761 si·-

219 1795 387 1846 gnum
412 1789 463 1829 et
491 1791 758 1845 perpetuae
784 1781 1036 1832 amicitiae
1064 1782 1282 1848 pignuS,

218 1863 279 1904 ut
308 1852 489 1903 decem
523 1855 705 1919 plagas
726 1856 952 1922 AEgypti
985 1871 1095 1905 una
1121 1854 1285 1905 rnedi-

219 1924 342 1975 cina
394 1935 620 1976 sanaret.
669 1926 719 1976 Ο
774 1926 997 1977 mutatio
1043 1928 1284 1978 dexteroe

221 1996 472 2059 Excelsz}
504 2007 567 2048 ut
595 1999 828 2064 populus
853 1999 947 2066 qui
970 2009 1094 2050 ante
1110 1999 1286 2051 fuerat

215 2077 521 2132 persecutor
552 2070 736 2135 populi
760 2069 1106 2137 primogeniti
1131 2079 1285 2136 post-

218 2153 286 2188 ea
310 2137 462 2190 fieret
479 2150 660 2191 custos
680 2141 809 2192 Filii
831 2142 1136 2209 Unigenitil
1167 2162 1196 2191 >³
1220 2144 1288 2194 Et

219 2207 414 2265 iterum
431 2226 445 2261 ε
462 2229 491 2256 α
504 2211 566 2262 In
580 2212 875 2279 AEgypturn
893 2214 1148 2266 Parvulus
1167 2214 1288 2266 mit-

221 2281 380 2343 titur,
419 2294 480 2334 ut
522 2284 671 2335 illam
713 2287 988 2352 regionem
1024 2304 1143 2354 quae
1179 2304 1288 2354 prae

221 2353 478 2410 omnibus
524 2355 712 2417 terris,
752 2356 969 2409 flamma
996 2358 1288 2426 impietatis

222 2425 458 2486 ardebat,
482 2427 609 2492 igne
640 2429 822 2494 potius
850 2430 973 2483 fidei
1006 2434 1291 2484 succende-

223 2505 321 2556 ret,
339 2511 405 2546 ex
425 2497 513 2547 his
535 2502 861 2563 persuadens
881 2503 1063 2564 etiam,
1084 2505 1151 2555 de
1168 2505 1290 2556 aliis

222 2567 418 2617 mundi
449 2569 694 2632 partibus
724 2574 985 2636 speranda
1012 2590 1130 2626 esse
1170 2591 1291 2625 me-

225 2638 385 2699 liora,
426 2648 479 2689 et
504 2650 563 2690 ut
592 2642 753 2692 etiarn
779 2644 1117 2696 addiscamus
1145 2648 1290 2713 quod

226 2711 294 2761 ab
325 2711 459 2777 ipsis
488 2713 611 2764 vitae
637 2714 836 2777 initiis,
877 2719 946 2769 ad
969 2720 1292 2772 tentationes

230 2781 522 2834 debeamus
544 2795 709 2852 atque
736 2787 961 2841 insidias
1195 2792 1291 2844 ari.

226 2851 369 2901 Nam
387 2854 455 2904 ab
477 2854 609 2920 ipsis
622 2859 905 2910 cunabulis
924 2861 1127 2923 Christi
1148 2864 1293 2914 istud

229 2921 475 3002 effectum
502 2936 600 2988 est,
631 2938 691 2978 ut
718 2939 778 2980 tu
801 2930 1047 2984 videlicet
1069 2935 1172 2985 hoc
1191 2951 1294 2986 au·-

222 2993 406 3055 .dienS,
438 3011 564 3046 cum
597 2998 795 3051 videris
832 3012 884 3052 te
917 3003 1294 3057 tribulationes

229 3064 404 3115 varias
430 3076 483 3116 et
504 3067 652 3119 mille
673 3071 940 3125 sustinere
959 3075 1292 3138 discrimina,

228 3134 384 3216 nihil·
421 3138 648 3190 omnino
677 3142 932 3208 turberis;
963 3147 1057 3197 sed
1099 3158 1161 3199 ut
1186 3142 1295 3199 isto

232 3217 480 3258 munitus
535 3213 778 3278 exemplo
835 3215 1058 3268 viriliter
1107 3228 1296 3270 cuncta

233 3278 517 3341 sustineas,
554 3283 727 3335 sciens
761 3287 1135 3342 tribulationes
1175 3306 1295 3341 ma-

232 3350 407 3402 ximas
436 3352 817 3420 inseparabiles
846 3362 1106 3426 quasdam
1135 3363 1297 3414 comi·

231 3429 313 3470 tes
332 3437 452 3473 esse
464 3425 725 3478 virtutum
749 3446 764 3479 ε
788 3449 816 3477 n
838 3430 951 3482 haec
973 3433 1296 3501 Chryso-rto-

237 3510 373 3547 mus.
401 3497 523 3549 Ideo
547 3499 708 3551 etiam
745 3502 887 3570 fugit
910 3504 969 3555 in
998 3506 1294 3571 AEgyptum

235 3569 411 3634 magis
456 3587 619 3637 quam
661 3575 718 3625 in
758 3577 920 3628 aliam
970 3588 1192 3639 terram,
1236 3588 1297 3629 ut

234 3641 537 3693 ostenderet
588 3659 645 3694 se
687 3662 872 3698 verum
918 3650 1161 3715 Moysem
1193 3665 1208 3699 ε
1238 3659 1299 3698 ut

232 3709 375 3760 sicut
406 3712 617 3778 Moyses
644 3720 910 3782 populum
939 3719 1034 3770 Dei
1064 3720 1131 3771 de
1157 3719 1297 3770 Pha·

230 3793 400 3830 raone
427 3793 479 3832 et
503 3786 738 3852 AEgypto
756 3788 990 3839 liberans
1014 3789 1072 3839 in
1102 3800 1298 3841 terram

232 3853 389 3904 duxit
403 3857 798 3918 promissionis,
817 3858 891 3909 ita
911 3859 1026 3924 ipse
1039 3862 1299 3926 populum

232 3923 480 3987 *fidelium
512 3929 577 3978 de
606 3929 821 3981 diabolo
853 3941 905 3981 et
928 3931 1146 3985 inferno
1172 3933 1301 3987 libe

851 303 1090 355 PRIMAE
1123 300 1372 354 PARTIS
1406 301 1640 366 CAPUT
1669 300 1805 356 xm.

1372 434 1516 479 rans,
1548 434 1730 473 secum
1743 420 1813 471 ad
1835 434 2064 486 regnum
2083 418 2296 468 duceret
2318 417 2436 468 bea-

1371 490 1644 543 titudinis.

1436 561 1467 612 3
1504 563 1608 612 Hic
1622 576 2077 621 cousrnemnux,
2099 576 2277 620 raum,
2294 574 2440 617 Quor>

1373 634 1620 684 Dmnnus
1669 648 1725 684 m
1766 647 1869 684 sua
1931 648 2164 682 ransom
2194 646 2440 681 suscepit·

1375 720 1792 763 mvnnsnaeqms
1807 720 1876 755 ac
1898 719 2189 755 PROSPERA.
2199 730 2262 741 --
2273 702 2443 753 Multa

1376 776 1601 843 quidem
1645 775 1786 825 bona
1827 774 2162 824 considerare
2195 783 2347 839 potes
2379 772 2441 822 in

1377 847 1624 913 praesenti
1657 847 1871 913 negotio
1894 857 1946 896 et
1969 845 2207 897 materia.
2241 845 2441 904 Primo,

1377 919 1657 969 considera
1684 918 2139 984 quemadmodum
2173 916 2445 966 Dominus

1374 991 1436 1041 in
1462 1006 1557 1042 sua
1581 1006 1813 1057 persona
1841 991 1978 1041 sicut
2004 1004 2274 1055 prospera,
2318 1004 2445 1038 sus-

1378 1066 1519 1132 cepit
1546 1065 1707 1115 etiam
1738 1065 1973 1115 adversa.
2004 1063 2217 1114 Etenim
2250 1063 2307 1112 in
2347 1077 2447 1112 na-

1378 1137 1584 1187 tivitate
1637 1152 1759 1197 sua,
1817 1134 2189 1201 magnificatus
2243 1133 2349 1184 fuit
2415 1147 2447 1182 a

1378 1208 1689 1275 pastoribus
1707 1247 1720 1268 ‚
1750 1216 2007 1273 tanquam
2051 1207 2227 1269 Deus3
2269 1213 2319 1254 et
2347 1219 2447 1270 pa-

1379 1296 1502 1329 rum
1518 1288 1653 1345 ‚post
1679 1278 2026 1329 circumcisus
2047 1276 2169 1337 fuit,
2187 1285 2448 1342 tanquam

1380 1358 1638 1416 peccator.
1702 1348 1906 1399 Deinde
1972 1347 2248 1404 venientes
2307 1344 2448 1410 Magi

1383 1437 1509 1471 eum
1557 1420 1853 1487 plurimum
1907 1419 2339 1480 honoraverunt3
2398 1427 2450 1465 et

1384 1492 1502 1558 ipse
1524 1491 1903 1551 nihilominuS,
1934 1491 1991 1541 in
2020 1490 2230 1540 stabulo
2264 1503 2449 1539 rema—

1387 1581 1555 1626 nenS,
1609 1565 1751 1615 inter
1795 1564 1992 1614 bestias
2035 1563 2235 1623 stabat,
2288 1572 2341 1614 et
2390 1571 2451 1611 ut

1386 1637 1665 1701 cujusdam
1692 1635 2009 1685 homunculi
2031 1633 2175 1684 filius
2190 1632 2449 1699 plorabat.

1391 1709 1579 1758 Postea
1609 1717 1986 1773 praesentatum
2017 1706 2071 1756 in
2095 1706 2324 1771 templo,
2361 1703 2450 1755 Si-

1389 1798 1552 1832 meon
1594 1792 1648 1832 et
1710 1782 1870 1831 Anna
1915 1781 2224 1831 extulerunt
2285 1794 2452 1847 quam

1389 1855 1716 1922 plurimum3
1758 1864 1810 1905 et
1850 1864 1981 1905 tunc
2015 1854 2081 1904 ab
2113 1854 2326 1919 Angelo
2367 1852 2455 1903 di-

1388 1927 1529 1978 citur
1556 1921 1703 1993 quod
1739 1925 1914 1992 fugiat
1944 1926 2002 1975 in
2037 1926 2350 1991 AEgyptum.
2387 1925 2456 1976 Et

1390 1998 1560 2048 multa
1581 1996 1709 2048 talia
1743 1995 1801 2047 in
1825 1996 1933 2047 vita
1960 2012 2056 2047 sua
2083 1996 2286 2062 poteris
2326 2011 2453 2062 per-

1389 2069 1647 2135 pendere,
1696 2083 1819 2135 quae
1864 2068 1930 2118 ad
1979 2078 2217 2119 nostram
2245 2067 2454 2117 instru-

1388 2140 1623 2192 ctionem
1650 2154 1939 2205 possumus
1963 2149 2287 2205 retorquere.
2302 2138 2457 2189 Unde

1394 2212 1819 2280 chrysostomus
1852 2230 1871 2264 .-
1902 2231 1930 2259 (t
1956 2211 2261 2265 Misericors
2310 2212 2468 2267 Deus.

1390 2283 1599 2336 moestis
1619 2284 1782 2334 rebus
1805 2284 2048 2349 quaedam
2071 2284 2233 2334 etiam
2260 2284 2456 2349 jucun-

1391 2356 1459 2406 da
1483 2354 1784 2420 permiscet,
1808 2355 1953 2421 quod
1979 2364 2119 2406 certe
2156 2354 2213 2405 in
2249 2353 2460 2406 Sanctis

1392 2427 1652 2479 omnibus
1686 2425 1827 2488 facit,
1865 2443 2005 2494 quos
2029 2443 2205 2493 neque
2229 2427 2459 2479 tribula-

1394 2492 1595 2560 tiones,
1665 2513 1843 2565 neque
1913 2500 2270 2565 jucunditates
2327 2498 2461 2549 sinit

1396 2571 1594 2621 habere
1621 2571 1930 2634 continuas;
1971 2571 2066 2622 sed
2106 2581 2224 2623 tum
2260 2587 2328 2622 ex
2356 2571 2458 2621 ad·-

1395 2644 1596 2704 versis,
1644 2653 1763 2694 tum
1792 2659 1857 2695 ex
1887 2644 2160 2711 prosperis
2193 2645 2460 2710 justorum

1395 2717 1589 2777 vitam,
1649 2716 1804 2782 quasi
1868 2716 2172 2768 admirabili
2228 2718 2460 2784 quadam

1396 2787 1648 2838 varietate
1689 2787 1927 2839 contexit
1952 2790 2139 2854 :quod
2182 2788 2275 2840 hic
2317 2803 2462 2854 quo-

1399 2873 1506 2924 que
1533 2873 1659 2908 eum
1681 2857 1871 2909 fecisse
1894 2858 2191 2911 considera.
2216 2859 2464 2912 Videndo

1399 2929 1601 2996 quippe
1659 2939 1878 2981 sanctus
1933 2931 2135 2996 Joseph
2186 2930 2461 2997 gravidam

1398 3015 1687 3066 sponsam,
1739 3001 1799 3052 in
1859 3001 2219 3052 turbationem
2267 3001 2464 3053 incidit

1400 3071 1713 3125 maximam.
1742 3072 1845 3122 Sed
1871 3071 2027 3123 affuit
2050 3082 2267 3139 repente
2292 3073 2465 3139 Ange-

1400 3145 1505 3206 lus,
1531 3145 1893 3212 suspicionem
1920 3147 2164 3206 solvens‚
2202 3156 2257 3197 et
2293 3147 2463 3197 timo-

1402 3235 1516 3270 rem
1582 3235 1803 3285 prorsus
1869 3220 2206 3287 extinguens.
2255 3220 2465 3271 Deinde

1400 3292 1591 3343 videns
1634 3293 1866 3343 Puerum
1907 3293 2067 3359 signo
2110 3303 2322 3355 natum,
2358 3308 2466 3344 ma-

1400 3363 1548 3415 xima
1590 3365 1943 3416 exsultatione
1972 3367 2206 3432 repletus
2233 3374 2332 3415 est.
2361 3365 2464 3414 Sed

1401 3451 1590 3487 rursus
1614 3436 1744 3486 huic
1766 3438 1961 3503 gaudio
1986 3438 2282 3504 periculum
2310 3452 2474 3504 gran«
2549 3460 2564 3471 ·

1400 3507 1468 3557 de
1499 3506 1784 3567 successit,
1822 3523 1946 3558 cum
1981 3518 2093 3559 tota
2130 3507 2317 3559 civitas
2344 3517 2467 3558 tur·-

1403 3579 1634 3639 baretur,
1663 3588 1717 3629 et
1761 3579 1876 3644 ipse
1915 3595 2007 3630 rex
2028 3579 2244 3630 sumeret.
2278 3579 2383 3630 Sed
2415 3589 2469 3629 et

1405 3649 1548 3699 hunc
1571 3665 1857 3700 moerorem
1880 3665 2067 3700 rursus
2085 3651 2268 3701 laetitia
2289 3650 2469 3701 subse-

1404 3731 1527 3773 cuta
1569 3731 1680 3782 est,
1714 3723 1976 3788 apparitio
2003 3722 2254 3774 videlicet
2273 3723 2466 3783 stelle,

1403 3803 1458 3845 et
1505 3793 1743 3844 adoratio
1803 3795 2101 3861 Magorum.
2149 3796 2278 3846 Post
2328 3795 2467 3844 hanc

1403 3880 1624 3930 quoque
1647 3866 2029 3931 jucunditatem
2044 3906 2057 3927 ,
2097 3866 2293 3917 iterum
2319 3864 2470 3931 peri-

1405 3936 1607 3999 culum,
1638 3936 1942 4003 iterumque
1976 3936 2227 3987 formido.
2265 3935 2470 3996 Quaerit
