2784 4452
613 371 709 421 DE
749 369 1190 422 NATIVITATE
1219 371 1660 423 SALVATORIS
1692 371 1972 423 NOSTRI.
2350 391 2414 442 91

161 489 402 542 storibus
429 489 708 539 nuntiatus
729 498 825 552 est,
848 503 971 538 cum
1003 488 1246 555 Evange—

168 562 302 613 lium
345 563 632 626 legeretur,
674 558 1018 610 audivimus:
1051 559 1246 609 Gloria

171 636 223 685 in
269 633 515 685 excelsis
569 633 703 694 Dec,
749 638 803 682 et
847 632 902 682 in
946 638 1095 683 terra
1121 646 1248 698 pax

166 704 474 757 hominibus
526 704 678 754 bonae
730 702 1040 754 voluntatis,
1090 702 1249 752 Festa

169 792 270 828 vox
295 785 355 827 et
383 775 750 841 gratulatoria,
788 790 899 825 non
935 774 1035 825 uni
1077 774 1247 825 femi-

173 864 273 910 nae,
301 848 462 914 cujus
509 857 697 897 uterus
743 847 981 898 ediderat
1021 848 1247 913 prolem,

171 920 266 971 sed
295 919 547 969 humano
587 918 790 983 generi,
819 918 908 968 cui
950 917 1118 984 Virgo
1148 916 1249 984 ρει-ἑ

174 990 314 1056 perit
333 990 686 1039 Salvatorem.
715 1008 744 1037 n
763 989 1019 1039 Dicamus
1046 1003 1174 1054 ergo
1198 997 1252 1038 et

177 1078 293 1123 nos,
314 1071 372 1112 et
394 1070 599 1128 quanta
618 1076 910 1127 possumus
931 1076 1057 1111 curn
1077 1061 1255 1111 exsul—

175 1135 382 1186 tatione
415 1132 679 1195 dicamus,
710 1133 972 1194 dicamus,
1003 1132 1249 1198 inquam,

176 1220 227 1260 et
271 1223 380 1258 nos
421 1207 570 1258 fideli
625 1207 800 1267 corde,
847 1207 1038 1258 devota
1086 1222 1252 1258 voce:

180 1278 378 1332 Gloria
405 1278 462 1329 in
489 1278 728 1329 excelsis
754 1279 887 1341 Deo,
920 1284 971 1328 et
1011 1279 1066 1330 in
1105 1284 1253 1328 terra

172 1365 293 1418 pax
333 1349 641 1402 hominibus
669 1350 819 1400 bonae
853 1349 1143 1400 voluntatis
1154 1366 1176 1411 ,·
1203 1358 1257 1398 et

182 1424 291 1473 haec
316 1422 487 1473 verba
515 1420 717 1481 divina,
748 1421 847 1471 has
899 1421 998 1471 Dei
1050 1421 1252 1480 laudeS,

180 1496 281 1546 hoc
323 1494 713 1561 Evangelicum
754 1493 1012 1559 gaudium
1055 1502 1258 1560 quanta

180 1568 423 1617 valemus
505 1564 937 1615 consideratione
1033 1578 1256 1630 perspe-

183 1647 346 1699 ctum,
377 1635 503 1696 fide,
534 1645 588 1687 et
623 1652 736 1702 spe,
757 1646 811 1685 et
837 1635 1096 1685 charitate
1136 1650 1258 1685 me—

182 1710 436 1760 ditemur.
483 1708 642 1759 Unde
679 1708 987 1774 Gregorius
1015 1706 1260 1774 Nazian-

184 1796 353 1849 {enus
381 1796 396 1831 ε
429 1799 459 1827 ι(
485 1781 626 1831 Cum
670 1779 977 1846 pastoribus
1025 1780 1258 1829 Puerum

186 1868 441 1905 venerare
460 1890 477 1915 ‚
535 1868 659 1902 cum
710 1852 955 1917 Angelis
988 1852 1260 1919 hymnum

185 1926 351 1976 dicito
369 1963 384 1986 ‚
438 1940 565 1975 cum
623 1923 975 1989 Archangelis
1029 1924 1260 1974 chorum

186 1996 388 2046 ducito,
428 1994 669 2054 Exsulta,
698 2004 752 2044 et
778 1994 823 2044 si
856 2011 967 2044 non
1009 2005 1162 2060 potes
1202 2004 1264 2044 ut

187 2068 424 2117 Joannes
451 2081 517 2115 ex
546 2074 719 2125 utere,
748 2073 890 2115 certe
916 2065 1066 2116 velut
1091 2064 1262 2115 David

190 2138 246 2188 in
274 2136 630 2188 collocatione
660 2150 794 2186 arcae
823 2136 1131 2190 testamenti
1157 2135 1263 2185 tri-

189 2208 356 2276 pudia
371 2245 388 2269 ,
447 2222 701 2258 venerare
755 2206 1091 2258 nativitatem
1107 2245 1123 2268 ,
1170 2221 1266 2273 per

190 2295 356 2346 quam
410 2288 636 2329 terrenae
693 2278 987 2333 nativitatis
1013 2277 1265 2329 'vinculis

188 2351 451 2400 liberatus
469 2364 527 2399 es
557 2365 570 2397 :
600 2368 630 2396 ³>
657 2349 771 2399 haec
800 2348 1124 2416 Gregorius.
1153 2349 1266 2398 Ve-

190 2421 328 2481 nias,
381 2430 434 2470 et
484 2416 853 2470 nihilominus
909 2420 1153 2486 quotidie
1206 2429 1268 2470 ut

190 2491 374 2541 videas
392 2493 579 2541 Jesum
611 2490 666 2539 in
693 2489 957 2555 praesepio
976 2489 1266 2556 spirituali,

190 2561 394 2612 scilicet
436 2561 494 2610 in
547 2561 737 2625 altari,
811 2571 872 2611 ut
919 2561 1100 2611 carnis
1155 2575 1270 2611 suae

192 2630 471 2681 frumento
498 2630 755 2682 merearis
779 2646 904 2680 cum
936 2630 1270 2681 animalibus

193 2703 397 2754 sanctis
427 2702 592 2754 refici.

258 2789 323 2824 21
360 2774 602 2825 Tmpmx
634 2774 860 2825 Canis-n
886 2788 1184 2823 mnvrras.
1209 2799 1274 2809 —

200 2845 266 2895 Et
292 2844 578 2895 sciendum
607 2846 753 2910 quod
787 2845 982 2910 triplex
1009 2853 1091 2893 est
1118 2842 1275 2893 Chri-

195 2915 269 2966 sti
311 2915 583 2977 nativitaS,
633 2914 833 2966 scilicet
866 2931 882 2964 :
917 2913 1118 2975 divina,
1163 2915 1275 2964 hu-

201 3001 381 3047 mana,
422 2994 474 3036 et
529 2985 777 3052 gratuita.
806 2985 994 3035 Prima
1041 2993 1153 3045 est,
1212 2999 1277 3034 ex

202 3057 360 3107 Patre
384 3055 733 3120 aeternaliter3
777 3055 1033 3117 secunda,
1063 3069 1128 3104 ex
1156 3071 1278 3107 ma-

202 3136 283 3176 tre
324 3125 722 3192 temporaliter;
754 3125 913 3176 tertia
932 3163 947 3186 ,
998 3124 1060 3174 in
1098 3135 1278 3175 mente

203 3196 574 3262 spiritualiter.
595 3196 668 3246 Et
696 3195 811 3246 istae
839 3205 947 3246 tres
976 3193 1279 3246 nativitates

192 3280 501 3335 ‘sumuntur
546 3270 846 3320 secundum
911 3279 1020 3320 tres
1075 3269 1280 3320 Christi

206 3341 556 3406 substantiaS‚
600 3355 721 3406 quae
749 3348 878 3390 sunt
917 3339 1106 3400 deitaS‚
1135 3355 1277 3400 car0,

202 3420 260 3460 et
287 3410 530 3475 spirituS.
583 3411 723 3460 Nam
763 3425 828 3460 ex
856 3411 1014 3460 Patre
1043 3409 1281 3467 nascitur

193 3480 372 3541 Deus,
401 3495 468 3530 ex
495 3488 664 3530 matre
691 3495 830 3542 carc,
860 3479 920 3530 in
948 3490 1127 3531 mente
1183 3495 1281 3530 na-

192 3552 376 3605 ,scitur
429 3568 526 3617 per
570 3552 796 3618 gratiam
855 3553 1097 3620 Spiritus
1138 3554 1282 3603 San-

208 3623 304 3674 cti.
347 3623 428 3673 Ex
469 3624 627 3673 Patre
666 3624 905 3675 nascitur
943 3639 1186 3690 semper;
1218 3638 1282 3674 ex

191 3705 385 3749 *mater
460 3697 656 3760 semel;
743 3696 802 3746 in
879 3706 1060 3747 mente
1123 3711 1280 3762 saepe.

209 3766 522 3817 Secundum
593 3767 926 3819 nativitatem
1007 3766 1251 3818 divinam
1268 3804 1282 3827 ,

215 3836 469 3888 Christus
525 3838 687 3888 habet
738 3840 946 3890 Patrem
1000 3838 1121 3890 sine
1167 3853 1286 3889 ma-

218 3918 329 3972 tre3
368 3909 667 3959 secundum
698 3910 1014 3971 humanam,
1059 3911 1284 3960 Matrem

214 3979 336 4031 sine
391 3991 565 4046 patre3
625 3981 923 4032 secundum
978 3981 1283 4048 gratuitam,

1309 529 1315 536 ,
1354 489 1518 540 habet
1542 498 1747 555 patrem
1774 500 1828 540 et
1845 499 2091 553 matrem,
2122 493 2422 545 secundum

1352 560 1489 610 illud
1521 576 1536 608 z
1569 560 1897 626 Quicumque
1929 560 2133 625 fecerit
2172 563 2424 615 volunta-

1353 640 1456 685 tem
1496 635 1690 685 Patris
1738 635 1843 685 mei
1901 634 1994 699 qui
2029 634 2085 684 in
2133 636 2283 686 coelis
2323 644 2423 701 est,

1353 705 1471 771 ipse
1498 720 1647 756 meus
1679 706 1871 771 frater
1898 713 1951 756 et
1992 720 2151 758 soror
2180 714 2230 758 et
2256 716 2426 760 mater

1353 780 1452 825 est.
1498 776 1609 826 Has
1662 790 1788 825 vero
1861 775 2065 826 Christi
2125 776 2429 830 nativitates

1310 897 1311 902 ,
1353 856 1698 912 repraesentat
1736 848 1986 908 Ecclesia,
2036 848 2094 898 in
2138 849 2225 899 die
2272 850 2430 901 Nati-

1352 917 1535 968 vitatis
1602 918 1734 983 ejuS.
1794 918 2031 967 Primam
2099 919 2430 971 nativitatem

1355 999 1703 1054 repraesentat
1746 989 1804 1039 in
1853 988 2020 1039 missa
2073 1006 2194 1057 quae
2249 1002 2430 1042 ‘canta-

1356 1070 1447 1110 tur
1484 1060 1540 1110 in
1574 1070 1757 1124 nocte3
1803 1060 1931 1127 quia
1963 1060 2150 1110 divina
2178 1062 2431 1114 nativitas

1356 1141 1440 1182 est
1476 1132 1639 1182 nobis
1700 1132 1927 1182 occulta.
1978 1133 2304 1186 Secundam*
2342 1150 2429 1185 re-

1355 1212 1646 1268 praesentat
1687 1202 1746 1252 in
1807 1202 1976 1254 missa
2024 1219 2149 1270 quae
2188 1214 2433 1256 cantatur

1360 1275 1419 1326 in
1447 1290 1641 1326 aurora
1678 1292 1693 1325 ε
1725 1275 1857 1341 quia
1898 1276 2146 1328 nativitas
2195 1279 2435 1332 humana

1359 1344 1467 1395 fuit
1502 1345 1700 1411 partim
1733 1346 1953 1408 occulta,
2008 1347 2207 1398 scilicet
2253 1364 2434 1415 quan-

1361 1425 1480 1465 tum
1521 1415 1587 1465 ad
1617 1416 1873 1480 modum3
1922 1426 1976 1467 et
2004 1417 2200 1482 partim
2243 1415 2435 1469 'mani-

1360 1484 1512 1545 festa,
1543 1484 1747 1535 scilicet
1771 1496 2040 1552 quantum
2069 1487 2135 1536 ad
2164 1488 2434 1543 effectum.

1361 1554 1603 1605 Tertiam
1645 1565 1988 1621 repraesentat
2016 1556 2074 1606 in
2106 1556 2272 1607 missa
2313 1572 2438 1624 quae

1361 1634 1603 1676 cantatur
1626 1625 1684 1675 in
1714 1627 1830 1690 die;
1862 1626 1991 1693 quia
2032 1627 2261 1693 gratuita
2292 1629 2439 1679 nati-

1361 1696 1500 1746 vitas
1543 1695 1828 1747 manifesta
1881 1707 1963 1747 est
2009 1697 2067 1747 in
2123 1698 2335 1760 anima,
2380 1699 2439 1750 in

1363 1781 1473 1833 qua
1515 1766 1769 1818 Christus
1808 1768 2111 1834 concipitur
2169 1785 2263 1835 per
2304 1768 2440 1820 affe-

1365 1839 1533 1894 ctum,
1592 1830 1831 1880 nascitur
1873 1846 1967 1896 per
2009 1831 2289 1896 effectum,
2330 1848 2440 1882 nu·-

1366 1899 1529 1960 tritur
1548 1915 1643 1965 per
1669 1900 1987 1966 profectum.

1432 1985 1499 2019 22
1534 1970 1865 2021 BETHLEHEM
1931 1987 2325 2023 consummi-10.
2372 1999 2437 2010 —

1369 2040 1591 2089 Honora
1630 2049 1759 2090 tunc
1799 2050 1852 2090 et
1878 2056 2132 2092 venerare
2172 2042 2443 2093 civitatem

1370 2110 1687 2160 Bethlehem
1726 2111 1980 2176 pusillam
2036 2122 2088 2161 et
2135 2111 2443 2173 minimam,

1371 2195 1466 2247 per
1502 2196 1667 2248 quam
1704 2181 1805 2232 tibi
1848 2196 2126 2247 regressus
2156 2180 2447 2248 patefactus

1371 2261 1452 2302 est
1471 2252 1538 2301 ad
1559 2252 1885 2317 paradisum,
1904 2261 1956 2301 et
1977 2252 2043 2301 ad
2058 2253 2303 2318 patriam.
2322 2253 2448 2302 Haec

1371 2323 1558 2374 civitas
1599 2323 1770 2388 spatio
1822 2323 2052 2384 modica,
2094 2324 2270 2388 primo
2310 2324 2451 2374 dicta

1373 2405 1453 2447 est
1479 2396 1732 2462 Ephrata,
1764 2398 1857 2446 sed
1884 2405 2069 2461 postea
2095 2397 2232 2447 facta
2262 2406 2341 2447 est
2375 2397 2449 2447 ibi

1374 2467 1543 2518 fames
1571 2483 1760 2533 magna
1777 2483 1792 2532 ;
1831 2483 1938 2534 qua
1967 2477 2288 2530 transeunte,
2318 2468 2452 2520 facta

1375 2550 1472 2611 est·
1504 2539 1706 2604 ibidem
1755 2556 1946 2606 magna
1997 2539 2347 2604 abundantia,
2401 2549 2454 2591 et

1373 2621 1503 2661 tunc
1546 2620 1732 2661 vocata
1778 2621 1856 2661 est
1903 2611 2242 2676 Bethlehem,
2271 2611 2326 2661 id
2354 2619 2453 2675 est,

1376 2682 1569 2732 domus
1633 2681 1801 2747 panis
1820 2719 1835 2746 ,
1912 2692 2131 2748 propter
2203 2691 2453 2734 eventum

1377 2754 1715 2805 abundantiae
1742 2755 2181 2819 supervenientis
2215 2756 2343 2806 Haec
2374 2754 2472 2805 ci-·

1376 2827 1512 2878 vitas
1544 2841 1646 2877 non
1675 2833 1757 2877 est
1781 2826 2000 2877 minima
2030 2829 2084 2878 in
2114 2828 2455 2895 principibus

1379 2898 1547 2960 Juda,
1580 2897 1634 2947 id
1674 2906 1770 2962 est,
1809 2896 2081 2963 dignitatis
2121 2899 2454 2964 excellentia,

1382 2968 1582 3035 quippe
1635 2969 1763 3035 quia
1816 2969 2029 3019 conscia
2074 2970 2456 3038 mysteriorum

1382 3051 1503 3092 ante
1550 3040 1752 3091 Christi
1803 3042 2110 3093 adventum.
2176 3043 2252 3094 Ibi
2312 3042 2457 3094 enim

1384 3123 1579 3165 unctus
1619 3114 1723 3164 fuit
1767 3113 1962 3178 David;
2012 3115 2085 3165 ibi
2136 3115 2459 3167 sacrificium

1384 3186 1819 3252 solemnizatum3
1850 3187 1925 3238 ibi
1949 3189 2281 3239 connubium
2311 3187 2461 3238 Ruth

1387 3270 1441 3312 et
1479 3260 1623 3310 Booz
1664 3259 2009 3325 celebratum,
2038 3261 2093 3311 in
2137 3278 2247 3328 quo
2277 3259 2460 3323 praefi-

1387 3331 1675 3400 gurabatur
1709 3331 2059 3382 humanitatis
2088 3342 2139 3382 et
2173 3329 2462 3382 divinitatis

1386 3402 1746 3469 connubium,
1793 3419 1983 3453 verum
2032 3401 2358 3453 sacrificium
2409 3410 2462 3451 et

1387 3473 1725 3524 immutabile
1774 3489 2020 3541 regnum.
2069 3475 2202 3524 Item
2250 3472 2463 3540 conscia

1388 3544 1711 3612 gaudiorum
1756 3545 1812 3594 in
1858 3547 2085 3596 adventu
2137 3543 2360 3595 Christi.
2411 3543 2460 3594 O

1388 3615 1513 3682 quis
1541 3615 1701 3682 digne
1727 3625 1912 3683 penset
1939 3615 2197 3681 gaudium
2225 3614 2464 3680 Angelo-

1389 3704 1513 3738 rum
1549 3688 1915 3752 laudantium,
1957 3697 2231 3755 pastorum
2274 3685 2465 3755 viden-

1389 3762 1547 3822 tium,
1590 3778 1778 3829 regum
1815 3761 2188 3824 adorantium,
2230 3759 2467 3825 populo-

1390 3852 1514 3886 rum
1587 3834 1955 3886 credentium!
2041 3835 2172 3884 Item
2251 3832 2466 3884 conscia

1391 3908 1769 3976 martyriorum
1812 3917 1931 3973 post
1970 3908 2254 3960 adventum
2297 3905 2466 3958 Chri-

1390 3982 1494 4046 sti,
1534 3983 1747 4048 quando
1792 3982 2030 4033 Herodes
2072 3981 2197 4032 fecit
2240 3981 2465 4032 infantes
