2784 4452
278 369 383 424 152

272 484 549 536 bulatione
577 484 750 550 posita
777 483 979 535 Filium
1005 501 1115 535 non
1152 486 1336 552 perdi-

272 555 382 616 dit,
427 556 520 605 sed
569 567 853 622 postquam
903 557 969 606 ad
1023 556 1337 608 festivitates

273 625 372 677 ivit
400 625 582 691 ipsum
615 627 797 676 amisit
834 642 848 676 ς
883 641 977 691 per
1007 627 1153 692 quod
1181 628 1339 678 datur

273 695 502 762 intelligi
531 698 678 762 quod
705 698 858 748 Jesus
895 712 1033 763 saepe
1058 697 1115 747 in
1144 699 1336 749 adver-

272 765 429 816 sitate
463 767 778 830 custoditur,
808 777 860 819 et
892 768 950 818 in
988 769 1338 835 prosperitate

275 837 537 905 perditur.

338 924 371 974 7
427 908 544 959 Cun
600 924 729 958 pos-r
779 923 1025 959 ‘rmnuuu
1081 926 1338 962 INVENTUs

271 992 370 1028 εει·
412 977 715 1028 Cuntsrus?
754 977 818 1016 '—
853 979 1035 1030 Tertia
1083 996 1207 1034 vero
1250 981 1338 1032 die

272 1048 520 1114 regressi
554 1054 678 1098 sunt
715 1048 768 1098 in
805 1050 1125 1113 Jerusalem,
1164 1067 1196 1102 a
1233 1067 1340 1117 qua

275 1133 372 1184 per
410 1134 576 1168 unam
613 1118 812 1168 dietam
853 1131 1194 1182 recesserant,
1224 1121 1336 1171 ibi-

271 1191 398 1241 dem
449 1205 564 1240 eum
611 1191 956 1274 requirentes.
1005 1193 1138 1244 Puta
1190 1195 1337 1261 quod

274 1276 400 1312 cum
427 1261 607 1312 labore
635 1263 808 1313 multo
837 1262 1064 1325 itineriS,
1090 1275 1143 1315 et
1167 1265 1338 1332 lacry-

275 1330 383 1381 mis
428 1330 678 1396 plurimis
727 1332 894 1399 Virgo
940 1333 1128 1385 iterato
1180 1335 1340 1385 rediit

274 1402 568 1452 Jerusalem
591 1440 605 1463 ,
663 1414 716 1454 et
767 1405 1105 1470 appropriate
1165 1406 1342 1472 potuit

273 1475 451 1526 dicere
480 1476 611 1526 illud
642 1477 846 1527 Cantici
880 1495 893 1527 :
921 1478 1164 1539 Quaesivi
1189 1494 1341 1545 quem

276 1548 468 1613 diligit
510 1549 691 1599 anima
735 1564 879 1611 mea;
924 1551 1150 1616 quaesivi
1190 1551 1341 1601 illum

277 1626 331 1671 et
367 1636 469 1671 non
500 1621 693 1684 inveni,
727 1622 928 1673 scilicet
954 1623 1091 1673 inter
1131 1638 1341 1689 cogna-

279 1698 362 1743 tos
390 1698 442 1741 et
464 1699 636 1743 notos.
658 1720 718 1729 -
746 1693 991 1760 Surgam
1024 1709 1149 1760 ergo
1169 1695 1343 1744 eundo

277 1763 346 1813 de
375 1764 493 1813 loco
529 1765 594 1813 ad
632 1765 845 1824 locum,
863 1771 915 1815 et
945 1765 1178 1817 circuibo
1204 1765 1342 1817 civi—

279 1839 441 1883 tatem
461 1848 565 1899 per
597 1834 760 1895 vicos,
793 1841 845 1884 et
863 1834 1098 1900 plateas,
1121 1841 1172 1885 et
1196 1848 1344 1900 quae-

277 1918 399 1958 ram
435 1918 585 1968 quem
638 1903 826 1969 diligit
868 1904 1048 1954 anima
1090 1918 1226 1955 mea.
1274 1905 1346 1955 Et

273 1981 402 2041 post
444 1976 679 2026 triduum
721 1976 1032 2027 amissionis
1083 1978 1231 2042 ejus,
1287 1977 1344 2028 in

278 2060 389 2111 quo
415 2045 810 2112 praefiguratum
836 2056 914 2097 est
942 2047 1183 2097 triduum
1209 2064 1349 2097 mor·

279 2116 352 2167 tis
394 2117 535 2183 ejus,
583 2118 639 2167 in
679 2134 789 2184 quo
830 2119 1140 2169 credebatur
1179 2120 1347 2170 amis-

279 2202 406 2249 sus,
451 2198 641 2255 quarto
686 2188 774 2240 die
819 2205 992 2250 mane,
1039 2189 1347 2242 invenerunt

281 2272 400 2309 eum
442 2260 496 2309 in
532 2260 742 2326 templo,
780 2270 839 2311 ut
880 2261 1173 2311 secundum
1223 2264 1347 2311 Am-

280 2330 517 2380 brosium
561 2330 708 2380 daret
751 2330 1032 2390 indicium,
1061 2331 1189 2397 quia
1226 2341 1348 2397 post

277 2399 523 2449 triduum
571 2400 920 2466 triumphalis
957 2401 1221 2466 passionis
1259 2416 1346 2451 re-

278 2479 537 2534 surgeret,
581 2470 676 2535 qui
728 2471 1039 2521 credebatur
1080 2481 1344 2532 mortuus,

279 2548 333 2589 et
371 2549 500 2589 tunc
543 2554 666 2588 cum
706 2540 874 2605 gloria
927 2540 1346 2592 immortalitatis

221 2616 226 2621 '
279 2620 363 2662 est
405 2610 676 2662 inventus.
705 2612 1025 2662 Invenerunt
1065 2628 1190 2679 ergo
1227 2628 1346 2664 eum

281 2681 337 2743 in
363 2682 570 2747 templo,
600 2681 656 2730 in
681 2682 797 2732 loco
824 2682 1011 2749 utique
1050 2683 1259 2743 devote,
1286 2684 1344 2734 in

280 2755 399 2805 loco
442 2755 540 2805 Dei
594 2766 796 2806 sancto,
846 2757 968 2806 Non
1026 2755 1346 2807 invenerunt

284 2845 411 2881 eum
441 2830 495 2880 in
521 2830 749 2891 theatro,
783 2840 873 2881 aut
906 2830 1041 2891 for0,
1076 2833 1160 2882 vel
1196 2832 1344 2892 lud0,

284 2901 423 2951 sicut
466 2902 641 2952 solent
679 2902 831 2967 pueri
874 2902 1123 2966 inveniri,
1155 2903 1251 2952 sed
1291 2903 1345 2952 in

281 2975 402 3024 loco
465 2975 715 3040 deputato
774 2975 1031 3027 doctrinae
1084 2991 1242 3026 sacrae
1295 2987 1348 3026 et

282 3044 533 3095 orationi.
583 3045 755 3095 Filius
804 3046 1033 3096 libenter
1080 3046 1134 3096 in
1183 3047 1346 3096 domo

285 3115 453 3181 patris
503 3115 588 3166 sui
636 3127 835 3168 manet.
885 3118 976 3169 Ille
1030 3118 1194 3184 igitur
1250 3117 1344 3184 qui

274 3187 514 3238 ⁴libenter
543 3197 646 3238 stat
679 3188 736 3238 in
761 3188 992 3249 ecclesia,
1017 3189 1234 3255 signum
1269 3198 1348 3239 est

279 3257 428 3323 quod
448 3257 516 3307 sit
535 3256 680 3308 filius
700 3257 814 3321 Dei,
838 3257 966 3325 quia
987 3268 1088 3309 stat
1110 3259 1166 3308 in
1183 3261 1347 3309 domo

284 3327 456 3378 Patris
505 3328 618 3392 sui;
667 3328 758 3379 ille
807 3344 933 3379 vero
985 3329 1078 3395 qui
1122 3329 1348 3379 libenter

281 3408 389 3449 stat
426 3398 484 3449 in
526 3400 768 3462 taberna,
822 3399 1041 3465 signum
1082 3409 1162 3450 est
1202 3399 1391 3465 quodj

281 3468 429 3521 filius
473 3470 544 3520 sit
584 3471 805 3531 diaboli,
845 3471 972 3538 quia
1008 3481 1246 3521 moratur
1289 3470 1347 3520 in

283 3544 448 3596 domo
470 3545 634 3610 patris
664 3545 768 3596 sui.

346 3614 382 3665 8
430 3614 570 3674 Qum
609 3616 871 3666 Cuius-rus
912 3632 965 3666 m
1003 3632 1211 3666 ranno
1249 3632 1348 3665 m-

284 3685 508 3737 ctam-r?
557 3715 617 3726 —
667 3687 1020 3749 Invenerunt,
1087 3686 1346 3752 inquam,

285 3771 403 3807 eum
434 3757 487 3807 in
522 3758 730 3824 templo,
763 3774 869 3807 non
899 3758 1006 3808 huc
1034 3768 1193 3823 atque
1222 3757 1353 3808 illuc

285 3829 499 3890 leviter,
532 3841 691 3896 prout
732 3847 850 3882 mos
881 3842 962 3882 est
985 3831 1198 3898 pueris,
1229 3831 1349 3881 dis-

287 3911 606 3962 currentem,
650 3903 742 3953 sed
782 3912 1035 3969 tanquam
1076 3902 1350 3968 sapientiae

288 3969 514 4034 fontem,
541 3972 594 4021 in
625 3973 798 4024 medio
824 3973 1115 4035 doctorum,
1149 3983 1209 4038 ut
1244 3986 1352 4022 me-

943 370 1183 422 PRIMAE
1212 370 1461 428 PARTIS,
1489 371 1725 424 CAPUT
1749 373 1866 425 XV.

1444 488 1552 538 lius
1575 503 1768 539 omnes
1803 489 1988 541 audire
2015 501 2068 542 et
2095 507 2219 542 cum
2261 491 2340 542 eis
2375 506 2514 543 con-

1445 557 1583 609 ferre
1631 570 1828 625 posset,
1876 561 2172 627 composite
2223 562 2510 625 sedentem,

1445 638 1498 679 et
1545 639 1798 695 tanquam
1846 632 2116 696 exemplar
2164 630 2512 693 humilitatis,

1444 699 1597 766 prius
1650 702 1949 751 audientem
1994 701 2119 751 illos
2175 707 2228 751 et
2273 701 2514 753 interro-

1445 777 1681 836 gantem,
1725 787 1889 837 quam
1927 772 2228 823 docentem.
2277 772 2372 822 Ille
2406 772 2516 822 do·-

1445 852 1618 892 ctores
1665 841 1958 909 interrogat
2009 842 2065 892 in
2122 843 2325 908 templo
2348 881 2361 902 ‚
2414 841 2511 909 qui

1445 914 1681 979 Angelos
1724 914 1878 965 docet
1918 913 1974 964 in
2014 913 2170 965 coelo.
2201 914 2298 964 Ille
2334 912 2513 964 doceri

1447 987 1836 1054 interrogando·
1874 988 2047 1038 voluit
2068 1026 2083 1046 ,
2137 987 2233 1054 qui
2286 987 2515 1037 verbum

1446 1057 1682 1109 scientiae
1725 1058 1856 1124 ipsis
1901 1058 2016 1109 suis
2050 1057 2364 1108 doctoribus
2403 1055 2516 1106 mi-

1448 1128 1707 1179 nistravit.
1740 1129 2101 1195 Interrogabat
2130 1144 2241 1180 non
2264 1127 2394 1193 quia
2420 1126 2520 1176 in-

1446 1202 1676 1269 digeret,
1721 1203 1804 1253 vel
1850 1213 1909 1253 ut
1961 1202 2281 1263 addisceret,
2320 1202 2413 1252 sed
2454 1210 2518 1252 ut

1447 1273 1605 1324 nobis
1654 1272 1963 1323 addiscendi
2010 1282 2063 1323 et
2108 1271 2315 1323 zelandi
2363 1271 2520 1322 Scri-

1449 1353 1633 1408 pturas
1670 1358 1844 1393 sacras
1881 1341 2109 1392 formam
2155 1342 2321 1401 daret,
2360 1350 2412 1391 et
2455 1351 2520 1393 ut

1448 1429 1509 1464 ea
1553 1429 1675 1480 quae
1717 1430 1828 1464 non
1876 1412 2233 1478 intelligimus
2282 1412 2519 1462 interro-

1450 1500 1574 1552 gare
1618 1502 1727 1536 non
1765 1485 2158 1548 erubescamus,
2188 1484 2256 1533 de
2295 1498 2406 1549 quo
2443 1492 2520 1533 ta-

1453 1572 1578 1605 men
1609 1555 1930 1605 erubescunt
1964 1553 2120 1604 multi
2159 1553 2397 1618 superbi,
2427 1551 2520 1602 eli-

1451 1636 1635 1692 gentes
1664 1624 1853 1707 potius
1876 1624 1934 1674 in
1969 1639 2147 1674 errore
2186 1638 2516 1689 permanere,

1450 1713 1614 1764 quam
1662 1696 1875 1747 instrui.
1907 1697 1988 1746 Ad
2023 1697 2328 1761 exemplum
2371 1711 2520 1762 quo-

1450 1783 1556 1833 que
1587 1766 1913 1816 humilitatis
1942 1766 2093 1832 prius
2119 1764 2324 1826 audire,
2350 1781 2518 1831 quam

1453 1838 1717 1888 instruere
1735 1837 1961 1896 volebat,
1982 1836 2177 1886 docens
2192 1838 2337 1901 quod
2352 1835 2519 1887 etiam

1454 1909 1703 1959 homines
1743 1907 1883 1957 docti
1922 1906 2280 1972 promptiores
2324 1907 2519 1957 debent

1451 1994 1567 2029 esse
1609 1979 1674 2028 ad
1716 1977 2064 2036 audiendum,
2102 1991 2267 2041 quam
2308 1977 2371 2027 ad
2415 1977 2520 2026 do·-

1452 2050 1702 2100 cendum.
1739 2048 1879 2109 Quia
1914 2048 2007 2114 qui
2051 2047 2202 2113 prius
2233 2049 2519 2113 respondet

1453 2137 1618 2187 quam
1656 2120 1855 2180 audiat,
1893 2119 2119 2170 stultum
2161 2134 2218 2169 se
2266 2133 2382 2169 esse
2420 2120 2521 2169 de—

1454 2201 1735 2243 monstrat.
1804 2191 1885 2242 Ad
1955 2190 2296 2258 probandum
2356 2189 2519 2241 etiam

1454 2267 1596 2333 quod
1640 2267 1784 2317 Deus
1811 2275 1968 2325 esset,
2001 2265 2218 2315 eosdem
2266 2263 2519 2314 homines

1453 2337 1723 2387 subtiliter
1753 2336 2060 2401 interrogat,
2090 2345 2143 2386 et
2170 2334 2249 2385 eis
2297 2333 2517 2399 sapien-

1452 2417 1533 2458 ter
1557 2407 1860 2473 respondet,
1897 2406 1970 2456 ita
1997 2416 2058 2456 ut
2084 2405 2362 2457 audientes
2392 2404 2519 2455 inde

1451 2488 1745 2545 stuperent.
1803 2477 1955 2528 Unde
2013 2477 2208 2527 dicitur
2254 2494 2267 2526 :
2317 2477 2519 2543 Stupe-

1455 2552 1580 2601 bant
1607 2557 1800 2612 autem,
1836 2548 1890 2598 id
1920 2559 2017 2612 est,
2048 2549 2200 2599 valde
2241 2547 2520 2598 miraban-

1452 2632 1558 2681 tur,
1596 2634 1777 2670 omnes
1814 2619 1908 2685 qui
1941 2633 2057 2669 eum
2097 2618 2384 2668 audiebant
2421 2632 2519 2667 su-

1441 2706 1547 2758 per
1587 2691 1701 2755 ejus
1752 2689 2071 2759 prudentia,
2135 2688 2517 2753 interrogando

1450 2771 1503 2811 et
1538 2760 1878 2826 opponendO,
1907 2765 1959 2809 et
1991 2758 2047 2808 in
2087 2757 2362 2824 responsis
2404 2757 2522 2807 sol-

1451 2831 1653 2881 vendo·
1642 2868 1656 2893 ,
1690 2830 1818 2896 quia
1850 2829 1981 2879 alias
2002 2828 2302 2878 inauditum
2331 2828 2520 2888 fuerat,

1452 2904 1599 2971 quod
1630 2919 1762 2970 puer
1789 2902 1909 2953 talis
1930 2900 2101 2952 aetatis
2121 2911 2229 2951 tam
2249 2900 2521 2966 sapienter

1453 2976 1664 3026 locutus
1722 2984 1879 3026 esset.
1935 2974 2132 3038 Stupor
2184 2971 2385 3051 quippe
2441 2981 2523 3022 est

1454 3046 1744 3097 vehemens
1773 3042 2054 3095 admiratio
2082 3042 2157 3092 rei
2190 3041 2415 3091 omnino
2445 3041 2524 3091 in-

1454 3128 1740 3179 consuetae,
1770 3127 1820 3167 et
1866 3116 1943 3166 sic
1984 3115 2086 3165 fuit
2123 3114 2212 3164 hic
2256 3131 2271 3164 ε
2317 3113 2523 3164 audivit

1456 3189 1599 3239 enim
1647 3187 1946 3247 humiliter,
1989 3184 2236 3252 quaesivit
2278 3184 2520 3250 pruden-

1455 3270 1551 3319 ter,
1578 3269 1630 3310 et
1661 3256 1936 3323 respondit
1963 3255 2250 3322 sapienter,
2275 3269 2400 3304 cum
2437 3263 2524 3304 ta-

1457 3346 1581 3381 men
1621 3338 1760 3380 esset
1800 3343 1948 3394 puer.
1981 3328 2097 3408 lpse
2139 3326 2520 3391 interrogabat,

1457 3401 1572 3467 ipse
1604 3398 1976 3466 respondebat,
2007 3397 2120 3463 ipse
2156 3412 2282 3446 suas
2312 3405 2365 3445 et
2394 3396 2525 3445 illo—

1457 3487 1580 3521 rum
1625 3468 1951 3537 quaestiones
2000 3466 2262 3527 solvebat,
2315 3481 2523 3516 morem

1456 3556 1619 3608 agens
1693 3537 2008 3607 peritissimi
2075 3536 2358 3602 magistri,
2427 3534 2523 3602 qui

1455 3626 1596 3661 nunc
1644 3608 2047 3675 interrogando,
2102 3622 2244 3656 nunc
2294 3621 2527 3671 respon-

1455 3684 1635 3735 dendo
1660 3681 1954 3748 discipulos
1982 3677 2218 3728 instruit.
2242 3677 2415 3738 Unde,
2447 3691 2526 3726 se·

1458 3755 1698 3804 cundum
1746 3752 1970 3813 Bedam,
2014 3750 2078 3800 ad
2125 3748 2525 3799 ostendendum

1455 3825 1602 3891 quod
1639 3824 1815 3874 homo
1847 3831 1987 3881 erat,
2046 3819 2298 3871 homines
2345 3817 2525 3884 magi-

1454 3906 1593 3946 stros
1618 3895 1898 3946 humiliter
1921 3892 2197 3954 audiebat,
2226 3899 2278 3940 et
2283 3886 2367 3939 ad
2396 3904 2526 3954 pro-

1455 3970 1694 4020 bandum
1726 3967 1853 4034 quia
1875 3968 2020 4017 Deus
2048 3973 2176 4025 erat,
2203 3962 2406 4014 eisdem
2437 3962 2525 4011 lo·-
