2784 4452
534 283 629 334 DE
658 282 1076 336 VOCATIONE
1106 283 1456 335 MATTHAEI
1488 284 1590 336 ET
1624 285 1784 337 EJUS
1817 286 2178 340 CONVIVIO.
2210 247 2213 252 >

310 416 374 467 14
400 401 665 453 Cumsrus
691 416 848 451 ronrr
877 414 1148 451 sis-‚cunnus
1175 416 1305 452 snu-

236 488 545 533 trrunmx-m,
578 490 646 524 οε
672 489 997 524 οοκκιεευιυι
1030 489 1304 524 vasi-meu-

235 561 314 595 τι.
354 572 414 583 -
446 544 651 594 Deinde
672 542 824 609 ponit
841 542 1131 593 secundam
1155 542 1303 593 simi·

234 616 550 680 litudinem,
602 614 762 681 quia,
796 629 964 679 nemo,
1002 614 1215 681 sapiens
1249 625 1301 666 et

232 699 436 740 secrete
466 703 690 754 operans
719 687 964 748 assumit,
998 688 1081 737 vel
1113 688 1300 738 immit-

234 761 315 822 tit,
351 769 404 810 et
442 759 632 810 inserit
666 758 833 809 veteri
862 758 1183 809 vestimento
1222 774 1298 809 as-

232 839 569 893 sumentum,
608 830 723 889 vel,
762 829 1200 894 commissuram,
1240 829 1293 880 id

228 910 310 952 est
340 903 655 969 particulam
692 916 790 951 seu
832 900 1292 967 supplementum,

225 974 395 1038 panni
430 973 617 1037 rudiS,
653 972 856 1026 scilicet
896 973 1139 1024 nondum
1175 973 1293 1023 usi—

224 1046 351 1111 tati,
387 1046 514 1114 quia
559 1046 616 1097 in
653 1045 889 1099 novitate
944 1055 1025 1095 est
1071 1046 1293 1113 spissior

226 1127 280 1169 et
306 1119 514 1169 rudior.
542 1119 755 1169 Novum
792 1117 969 1179 enim,
997 1119 1137 1170 tollit
1165 1119 1289 1184 ple-

226 1189 543 1253 nitudinem,
592 1189 647 1240 id
696 1198 779 1240 est
832 1188 1287 1250 uniformitatem,

223 1274 320 1310 seu
364 1258 845 1325 pulchritudinem,
883 1274 919 1310 a
958 1259 1284 1322 ves-timente,

221 1343 276 1383 et
316 1332 443 1382 facit
494 1330 924 1392 difformitatem,
970 1343 1022 1383 et
1069 1341 1286 1397 propter

220 1404 435 1469 pondus
492 1418 653 1454 suum
717 1401 924 1467 rumpit
979 1410 1132 1452 vetus
1154 1440 1168 1465 ,
1233 1412 1285 1454 et

216 1472 344 1524 facit
387 1473 448 1524 in
495 1488 559 1523 eo
613 1473 896 1524 scissuram
940 1487 1036 1522 seu
1092 1482 1283 1537 ruptu-

213 1558 331 1594 ram
371 1543 647 1608 majorem.
680 1542 1047 1593 Commissura
1082 1542 1283 1609 quippe

212 1613 360 1665 idem
398 1625 480 1664 est
516 1612 663 1680 quod
694 1613 955 1678 junctura,
990 1627 1084 1663 seu
1124 1612 1282 1678 parti·

212 1684 333 1735 cula
381 1699 502 1750 quae
556 1683 787 1734 mittitur
829 1698 953 1733 curn
992 1683 1095 1733 alia
1134 1700 1147 1734 2
1190 1684 1277 1732 di-

212 1766 295 1807 cta
323 1772 353 1807 a
384 1772 519 1821 cum,
550 1757 603 1807 id
628 1767 710 1808 est
734 1757 920 1820 simul,
947 1766 1000 1807 et
1035 1756 1275 1817 mittere,

209 1826 365 1893 quasi
391 1827 553 1878 simul
578 1828 785 1877 mittere
813 1844 831 1878 .·
860 1826 951 1877 illa
975 1827 1120 1879 enim
1154 1843 1276 1895 quae

207 1898 607 1964 conjunguntur
627 1898 791 1948 simul
822 1898 1132 1949 mittuntur.

281 1985 301 2019 1
315 1968 342 2019 5
368 1970 538 2020 Pomr
561 1986 791 2021 'renunt
811 1987 878 2020 na
894 1986 1019 2021 vnto
1039 1987 1106 2021 m·
1127 1986 1277 2021 trtiu-

207 2058 321 2093 sus.
356 2069 417 2082 -—
450 2043 655 2094 Deinde
690 2044 845 2111 ponit
878 2044 1089 2095 tertiam
1127 2044 1275 2094 simi-

207 2115 523 2177 litudinem,
564 2115 694 2182 quia
750 2131 911 2166 nemo
962 2114 1177 2180 sapiens
1220 2126 1272 2167 et

204 2185 433 2238 discrete
464 2202 647 2254 agens,
677 2186 839 2238 mittit
869 2187 1045 2238 vinum
1082 2201 1270 2239 novum

202 2258 259 2309 in
310 2265 456 2310 utres
481 2266 711 2324 vetera,
764 2259 892 2326 quia
932 2269 1059 2311 tunc
1103 2271 1183 2311 est
1212 2261 1268 2311 in

199 2331 540 2393 ebullitione,
584 2338 638 2382 et
685 2338 847 2396 utreS,
898 2342 1117 2399 propter
1155 2332 1268 2383 vini

196 2404 595 2466 fortitudinem,
610 2411 998 2470 rumperentur,
1018 2414 1069 2456 et
1081 2405 1266 2456 vinum

198 2474 592 2538 effunderetur3
623 2481 675 2525 et
703 2488 853 2526 nemo
893 2474 1073 2531 bibens
1119 2482 1268 2527 vetus

196 2547 376 2597 vinum
435 2547 618 2598 statim
675 2546 788 2605 vult
850 2560 1069 2610 novum,
1135 2564 1266 2614 pro-

197 2626 317 2683 pter
354 2627 683 2668 consuetum
722 2616 918 2668 veteris
945 2632 1128 2669 usum.
1175 2617 1266 2668 Sic

194 2700 227 2736 a
279 2685 450 2738 simili
515 2686 837 2737 hominibus
899 2687 1064 2737 veteri
1129 2703 1264 2738 con-

194 2757 486 2808 suetudine
533 2757 760 2808 imbutis
786 2795 801 2818 ,
884 2767 936 2808 et
997 2758 1063 2808 de
1124 2775 1263 2809 novo

194 2828 487 2889 conversis,
516 2844 627 2880 non
669 2827 884 2893 expedit
926 2827 1109 2878 statim
1151 2844 1263 2894 gra-

190 2912 316 2948 vem
356 2897 738 2950 abstinentiam
780 2898 1092 2963 imponere,
1133 2898 1263 2964 quia

190 2968 411 3022 difficile
449 2981 530 3022 est
568 2981 779 3023 assueta
821 2971 1141 3038 relinquere.
1180 2970 1261 3022 Ex

190 3040 453 3092 omnibus
491 3040 578 3092 his
627 3040 1085 3091 similitudinibus
1125 3055 1258 3091 con-

187 3112 404 3165 cludere
441 3116 556 3169 vult
598 3114 852 3181 Magister
884 3113 1079 3174 bonus,
1109 3113 1256 3178 quod

187 3184 443 3252 discipuli
501 3187 586 3241 sui
636 3188 812 3240 adhuc
858 3186 1013 3254 quasi
1063 3185 1253 3237 novitii

186 3272 298 3309 non
345 3260 574 3313 debeant
613 3270 889 3311 austerum
942 3258 1252 3311 continuare

183 3327 495 3396 jejunium3
551 3331 645 3382 sed
714 3341 899 3397 postea
949 3330 1251 3396 jejunarent

2371 289 2470 343 301

1412 418 1536 453 cum
1567 413 1748 454 essent
1776 404 1949 470 magis
1986 404 2198 456 solidati
2238 416 2291 458 et
2325 408 2477 461 inno-

1410 472 1516 523 vati
1580 488 1674 538 per
1729 473 1993 540 Spiritum
2055 476 2324 529 Sanctum.
2393 480 2472 532 Ex

1410 543 1497 594 his
1553 544 1715 594 etiam
1769 544 1885 595 vult
1931 546 2273 611 concludere,
2324 552 2471 633 quod

1409 614 1618 665 noviter
1669 616 1912 667 conversi
1960 632 2071 666 non
2126 627 2251 669 sunt
2305 621 2472 675 nimis

1405 701 1499 753 per
1531 688 1895 768 poenitentiam
1923 689 2206 751 onerandi,
2234 707 2300 742 ne
2339 710 2471 758 pro—

1405 767 1522 821 pter
1547 757 1769 808 nimiam
1797 758 2158 809 austeritatem
2187 762 2471 828 desperent

1406 838 1458 878 et
1486 838 1656 878 totum
1687 828 1985 891 dimittant,
2016 839 2068 879 et
2097 845 2157 881 ea
2193 848 2315 898 quae
2344 846 2471 887 sunt

1403 898 1739 963 perfectionis
1771 915 1998 966 magnae,
2038 917 2148 951 non
2189 913 2318 954 sunt
2360 899 2468 956 ho-

1401 970 1638 1022 minibus
1700 972 2056 1038 imponenda,
2120 974 2286 1025 donec
2334 993 2466 1043 spo-

1398 1041 1512 1092 liati
1562 1041 1761 1094 fuerint
1799 1043 1963 1094 veteri
2003 1043 2130 1105 vita,
2180 1046 2308 1112 quia
2358 1047 2466 1099 ho-

1399 1116 1637 1167 minibus
1692 1116 1757 1166 de
1803 1131 1941 1166 novo
1983 1118 2251 1169 conversis
2302 1135 2465 1186 opera

1395 1184 1707 1238 inconsueta
1748 1196 1874 1237 sunt
1918 1186 2155 1238 difficilia
2203 1198 2255 1240 et
2298 1192 2462 1259 dura;

1392 1257 1486 1307 sed
1517 1256 1773 1323 paulatim
1800 1256 2195 1308 assuefaciendo
2224 1233 2465 1313 efficiun1

1391 1339 1482 1378 tur
1522 1328 1696 1379 facilia
1733 1338 1787 1379 et
1817 1328 2015 1379 suavia.
2053 1330 2160 1389 Qui
2193 1346 2320 1397 ergo
2347 1334 2466 1386 vult

1388 1399 1624 1467 aliquem
1677 1400 1745 1451 ad
1798 1400 2020 1451 virtutes
2072 1410 2124 1452 et
2181 1403 2464 1468 perfectio-

1388 1489 1512 1525 nem
1557 1474 1838 1535 inducere,
1877 1489 2036 1540 parva
2079 1476 2326 1541 quaedam
2372 1480 2464 1531 de-

1389 1545 1480 1595 bet
1517 1545 1756 1611 primum
1789 1545 2011 1596 suadere
2050 1548 2362 1612 emendare3
2405 1560 2459 1602 et

1388 1616 1466 1667 sic
1511 1617 1768 1683 gradatim
1797 1618 1935 1668 ultra
1963 1618 2275 1683 procedere.
2304 1620 2457 1673 Unde

1388 1688 1811 1757 Chrysostomus
1843 1706 1862 1739 .-
1895 1706 1922 1734 «
1952 1687 2066 1737 Hoc
2091 1698 2269 1738 autem
2298 1691 2453 1755 dixit,

1350 1773 1354 1777 ·
1385 1761 1627 1826 regulam
1644 1761 1775 1810 dans
1789 1758 1904 1810 suis
1916 1758 2214 1825 discipulis,
2232 1769 2293 1812 ut
2304 1762 2458 1815 disci·

1385 1832 1542 1896 pulos
1561 1846 1626 1882 ex
1641 1831 1888 1881 universo
1908 1830 2038 1880 orbe
2056 1840 2314 1882 terrarum
2329 1849 2453 1885 cum

1383 1900 1796 1952 mansuetudine
1815 1899 2128 1965 suscipiant.
2147 1902 2329 1969 ltaque
2355 1921 2453 1956 ne·—

1382 1987 1488 2039 que
1529 1987 1627 2022 nos
1651 1970 1831 2021 omnia
1872 1971 1938 2020 ab
1978 1971 2229 2030 omnibus
2257 1989 2450 2040 exspe-

1380 2052 1589 2093 ctamus
1625 2041 1683 2091 in
1714 2040 1968 2106 prooemis
2009 2042 2102 2091 sed
2144 2057 2446 2108 quemcun-

1380 2130 1486 2182 que
1525 2113 1806 2181 possibilia
1845 2120 1971 2164 sunt
2011 2123 2063 2163 et
2096 2113 2346 2165 velociter
2390 2128 2444 2169 et

1377 2189 1517 2240 ultra
1536 2186 1845 2238 incedemus
1866 2203 1880 2238 :
1905 2185 1928 2233 i·
1960 2185 2072 2237 haec
2105 2185 2441 2253 Chrysosto-

1377 2273 1512 2310 mus.
1548 2258 1721 2324 Hujus
1750 2257 1851 2308 loci
1884 2272 2093 2308 mernor
2131 2257 2289 2308 debet
2326 2275 2442 2312 esse

1377 2327 1605 2411 quilibet
1642 2327 1873 2377 condens
1919 2326 2125 2377 decreta
2161 2328 2244 2377 vel
2284 2329 2442 2380 tradi-

1375 2401 1577 2462 tiones;
1608 2409 1659 2450 et
1676 2399 1837 2450 etiam
1863 2397 2164 2449 confessor
2151 2415 2438 2466 imponens

1374 2469 1744 2550 poenitentiam
1805 2469 2204 2536 poenitentibus.
2244 2465 2438 2523 Melius

1373 2551 1455 2591 est
1476 2539 1624 2593 enim
1651 2540 1895 2605 exemplo
1918 2539 2139 2589 Domini
2166 2540 2436 2605 poeniten-

1372 2611 1505 2663 tiam
1532 2611 1703 2662 levem
1731 2619 1783 2661 et
1810 2609 2141 2660 tolerabilem
2166 2610 2366 2663 alicui
2353 2628 2437 2662 in·-

1369 2684 1590 2749 jungere
1616 2696 1736 2748 quae
1769 2681 2069 2746 impleatur,
2113 2695 2277 2747 quam
2311 2697 2433 2748 gra-

1369 2769 1491 2804 vem
1544 2765 1595 2802 et
1653 2751 2048 2818 importabilem
2073 2788 2088 2810 ,
2159 2765 2265 2817 qua
2320 2768 2431 2802 non

1370 2823 1590 2889 impleta
1629 2832 1881 2873 oneratus
1908 2836 2031 2871 reus
2058 2820 2430 2873 constituatur.

1368 2898 1558 2948 Melior
1579 2905 1660 2947 est
1686 2894 1819 2946 levis
1846 2893 2164 2960 poenitentia
2188 2892 2433 2945 hilariter

1367 2979 1576 3035 peracta
1593 3006 1607 3029 ,
1651 2981 1815 3034 quam
1837 2964 2013 3031 gravis
2050 2964 2104 3014 in
2132 2964 2350 3030 angaria
2377 2975 2430 3017 et

1366 3043 1570 3106 rejecta.
1611 3042 1689 3091 Ita
1729 3046 1810 3090 est
1836 3039 1902 3090 de
1937 3037 2198 3088 sententia
2232 3037 2425 3103 danda,

1363 3112 1439 3164 ita
1494 3114 1561 3164 de
1621 3112 1829 3162 decreto
1892 3109 2310 3176 promulgandO,
2365 3118 2426 3159 ut

1361 3197 1571 3249 semper
1617 3179 1982 3232 misericordia
2010 3188 2063 3231 et
2103 3177 2292 3229 lenitas
2328 3193 2424 3228 su·-

1360 3254 1648 3322 perexaltet
1715 3252 1977 3319 judicium
2035 3261 2088 3304 et
2139 3248 2422 3302 austerita-

1357 3338 1485 3380 tem.

1166 3525 1436 3578 ORATIO

235 3693 470 3746 Domine
490 3696 616 3748 Jesu
637 3698 879 3782 Christe,
907 3697 1003 3764 qui
1027 3695 1215 3747 multis
1235 3695 1415 3747 modis
1447 3710 1536 3746 me
1562 3707 1720 3745 vocas
1744 3700 1799 3744 et
1824 3690 2100 3755 admones,
2131 3697 2192 3740 ut
2223 3702 2418 3755 sequar

175 3774 246 3827 te,
274 3776 354 3829 tu,
401 3767 585 3820 divina
636 3769 990 3836 inspiratione
1014 3784 1108 3821 cor
1133 3783 1315 3819 meum
1345 3766 1590 3827 accende,
1631 3773 1693 3816 ut
1719 3774 1771 3816 te
1797 3773 2076 3815 vocantem
2107 3776 2302 3828 sequar
2325 3771 2417 3811 tua

172 3837 363 3903 gratia,
390 3854 488 3892 nec
514 3840 721 3907 aliquid
751 3857 839 3893 me
867 3852 1073 3907 separet
1105 3855 1136 3891 a
1160 3839 1416 3893 charitate
1446 3849 1555 3891 tua.
1584 3838 1664 3889 Da
1700 3837 1839 3888 mihi
1869 3845 1929 3887 ut
1956 3836 2035 3886 de
2040 3833 2236 3886 sanctis
2262 3831 2416 3899 cogi-
2446 3898 2449 3901 Δ

173 3909 490 3980 udonibus,
520 3913 976 3977 meditationibus,
996 3923 1049 3967 et
1067 3912 1459 3976 affectionibus,
1479 3909 1746 3977 bonisque
1764 3907 2018 3977 operibus
2046 3916 2098 3960 et
2107 3901 2415 3959 virtutibus
