2784 4452
306 252 412 303 400

309 325 455 392 quod
480 322 697 389 respicit
729 318 962 371 maxime
989 332 1150 384 opera
1175 332 1367 382 super-

310 393 653 462 erogationis,
724 420 783 430 —
854 388 1089 451 Quintus
1155 388 1370 438 effectus

311 465 479 517 estin
522 462 864 514 tribulatione
902 457 1230 517 consolatio,
1279 472 1370 522 per

312 550 475 602 quam
503 533 682 583 anima
703 530 1013 582 fortificatur
1039 529 1103 578 ad
1137 528 1373 578 toleran-

313 606 443 655 dum
483 604 718 665 adversa,
777 612 829 652 et
874 600 978 650 hoc
1008 607 1268 665 quantum
1307 597 1372 647 ad

315 676 520 725 donum
559 670 911 731 fortitudinis,
945 684 1065 736 quae
1110 668 1374 734 praecipue

315 746 605 799 attenditur
624 747 681 796 in
704 743 984 796 tolerantia
1007 744 1372 793 adversorum.

316 846 376 857 -—
412 820 601 869 Sextus
638 827 718 867 est
746 812 1017 866 charitatis
1046 820 1098 862 et
1130 811 1376 862 dilectio-

319 890 405 940 nis
430 888 527 939 Dei
566 885 940 944 inflammatio,
975 894 1028 934 et
1055 883 1158 933 hoc
1200 897 1375 948 quan-

317 971 436 1011 tum
464 960 529 1010 ad
567 960 772 1009 donum
800 956 1119 1015 intellectus,
1150 954 1244 1021 qui
1274 954 1376 1003 do-

320 1041 403 1081 cet
438 1029 753 1094 intelligere,
803 1025 857 1076 id
901 1036 979 1077 est
1018 1025 1164 1076 intus
1196 1023 1378 1090 legere

323 1102 419 1154 Dei
470 1101 758 1161 beneficia,
793 1115 887 1166 per
932 1115 1053 1165 quae
1093 1097 1272 1148 anima
1320 1095 1377 1145 in

318 1175 433 1240 ejus
470 1186 709 1223 amorem
736 1168 1036 1220 accenditur
1080 1178 1132 1218 et
1175 1167 1382 1217 inflam-

323 1254 514 1294 matur.
548 1270 609 1280 —
650 1239 922 1305 Septimus
965 1248 1046 1289 est
1086 1253 1117 1287 a
1159 1235 1382 1287 terrenis

322 1313 543 1365 elevatio
584 1321 636 1362 et
658 1310 955 1361 coelestium
984 1306 1380 1374 contemplati0‚

325 1393 378 1434 et
404 1382 508 1432 hoc
536 1391 796 1447 quantum
824 1380 888 1430 ad
931 1380 1137 1429 donum
1165 1377 1384 1443 sapien-

323 1455 430 1519 tiae,
466 1470 585 1521 quae
614 1463 692 1505 est
715 1454 780 1503 de
809 1453 1039 1513 aeternis,
1073 1451 1275 1503 scilicet
1293 1450 1387 1499 do-

328 1527 414 1576 nis
463 1542 583 1593 quae
621 1540 838 1576 sursum
878 1534 1005 1575 sunt
1039 1537 1241 1589 sapere,
1277 1536 1386 1571 non

328 1615 450 1666 quae
509 1614 672 1665 super
708 1608 923 1648 terram.
980 1597 1056 1648 Et
1107 1594 1388 1661 confestim

327 1671 584 1721 mundata
607 1674 688 1720 est
715 1667 866 1733 lepra
895 1667 1010 1735 ejus
1039 1686 1056 1719 .·
1084 1668 1148 1718 ad
1168 1664 1388 1716 Domini

325 1741 617 1808 imperium
646 1751 697 1790 et
726 1740 1059 1790 voluntatem
1098 1737 1277 1790 statim
1310 1746 1392 1786 est

328 1828 465 1880 opus
482 1821 742 1862 secutum.
760 1810 1067 1861 Secundum
1100 1810 1145 1860 C
1145 1806 1388 1875 >rr-illum,

330 1885 430 1935 ista
459 1882 640 1943 dictio,
670 1882 973 1948 confestim,
1033 1880 1238 1931 tardius
1265 1895 1391 1946 pro-

330 1954 523 2014 fertur,
564 1968 687 2004 cum
714 1968 851 2018 opus
889 1951 1187 2003 sanationis
1233 1949 1395 2001 fuerit

331 2028 549 2079 factum.
587 2026 723 2076 Cum
752 2034 931 2076 autem
955 2024 1042 2074 hic
1072 2039 1266 2090 magna
1293 2038 1394 2088 ap-

333 2109 511 2167 pareat
536 2097 758 2148 Domini
786 2107 1046 2164 potestas‚
1078 2112 1188 2147 non
1215 2095 1396 2145 minor

333 2172 448 2238 ejus
471 2171 762 2222 declaratur
781 2168 1076 2219 humilitas,
1094 2167 1394 2235 Leprosum

335 2242 480 2293 enim
509 2258 671 2310 quem
710 2242 819 2290 Lex
846 2250 992 2290 extra
1020 2250 1189 2290 castra
1216 2238 1396 2305 ejicie-

338 2315 445 2375 bat,
484 2328 646 2379 quem
696 2311 892 2361 Scribae
947 2320 999 2361 et
1027 2309 1279 2361 Pharisaei
1305 2309 1397 2359 vix

337 2387 596 2453 respicere
621 2384 982 2451 dignabantur
998 2423 1010 2443 ‚
1042 2383 1154 2449 ipse
1181 2393 1398 2449 tangere

341 2475 451 2509 non
480 2456 772 2516 recusavit,
819 2472 927 2506 non
968 2457 1145 2506 solum
1184 2464 1400 2522 propter

339 2529 605 2578 occultum
627 2525 703 2576 rei
736 2525 1073 2591 mysterium,
1098 2527 1192 2576 sed
1220 2535 1280 2576 ut
1309 2541 1402 2575 no-

342 2599 429 2649 bis
478 2597 707 2647 formam
757 2595 1075 2646 humilitatis
1142 2596 1401 2662 praeberet

340 2679 393 2720 et
414 2666 805 2733 compassionis
833 2668 1157 2734 exemplum,
1189 2684 1257 2718 ne
1276 2667 1402 2733 quis

340 2738 623 2789 hominem
665 2754 760 2804 pro
804 2754 1123 2805 quacunque
1164 2739 1402 2806 corporis

344 2808 720 2872 maculatione,
763 2809 848 2859 vel
889 2808 1220 2869 infirmitate,
1247 2824 1404 2874 sper-

345 2890 525 2942 neret,
570 2882 654 2931 vel
685 2882 1011 2932 abhorreret.
1051 2882 1183 2932 Item
1226 2881 1405 2947 tetigit

346 2968 491 3012 eum,
512 2960 574 3002 ut
600 2968 657 3002 se
687 2968 796 3002 non
826 2968 941 3003 esse
977 2953 1079 3003 sub
1119 2953 1276 3019 Lege,
1311 2954 1404 3004 sed

344 3038 506 3089 supra
549 3024 763 3089 Legem,
795 3039 918 3089 quae
963 3025 1234 3089 leprosum
1280 3033 1406 3074 tan-

346 3110 471 3162 gere
504 3094 871 3161 prohibuerat,
903 3110 1001 3145 nec
1041 3110 1274 3157 servum,
1314 3095 1406 3146 sed

347 3166 645 3218 Dominum
699 3164 860 3231 Legis
900 3167 1200 3217 ostenderet
1227 3205 1241 3227 ,
1311 3166 1407 3233 qui

347 3255 473 3289 cum
502 3239 799 3289 secundum
839 3238 1038 3305 Legem
1064 3238 1406 3300 ambulasset,

346 3311 508 3363 etiam
557 3328 717 3379 supra
771 3311 965 3379 Legem
1024 3321 1232 3364 sanaret
1277 3327 1371 3363 eos
1391 3351 1407 3377 ,

346 3400 486 3452 quos
514 3385 747 3435 remedia
765 3384 920 3451 Legis
934 3401 1042 3436 non
1070 3395 1408 3436 sanaverunt.

352 3458 483 3508 Item
513 3467 574 3508 ut
588 3458 751 3523 lepra,
772 3473 892 3524 quae
921 3458 1285 3507 contaminare
1300 3467 1413 3508 tan-

352 3537 568 3593 gentem
596 3528 816 3589 solebat,
848 3544 877 3578 e
925 3537 1108 3578 contra
1136 3537 1273 3578 tactu
1298 3527 1411 3577 Do-

356 3596 492 3647 mini
521 3597 809 3664 fugaretur,
839 3609 890 3649 et
915 3599 1192 3659 recederet,
1238 3613 1412 3664 neque

354 3666 504 3717 enim
532 3683 726 3719 manus
772 3684 803 3718 a
835 3670 981 3735 lepra
1009 3668 1145 3719 facta
1195 3677 1274 3719 est
1302 3668 1412 3718 im-

354 3740 587 3804 munda,
630 3742 723 3792 sed
795 3756 988 3807 corpus
1054 3740 1325 3806 leprosum
1381 3756 1412 3791 a

354 3825 519 3861 manu
552 3821 770 3873 tactum,
808 3822 886 3863 est
922 3812 1259 3862 mundatum.
1304 3811 1412 3862 Lex

947 228 1186 280 PRIMAE
1221 227 1468 278 PARTIS
1502 225 1735 276 CAPUT
1765 224 1900 275 XLI.

1479 329 1712 380 namque
1765 328 1887 379 quae
1942 312 2111 363 facere
2159 329 2266 363 non
2331 313 2538 379 potuit,

1475 397 1538 437 ut
1584 387 1729 452 lepra
1779 395 2084 451 tangentem
2141 401 2255 436 non
2298 385 2543 436 sordida-

1481 468 1589 516 ret,
1662 458 1782 507 ideo
1854 456 2054 523 lepram
2125 456 2272 522 tangi
2350 456 2545 522 prohi-
2622 457 2628 465 ’

1480 529 1618 590 buit,
1637 545 1747 579 non
1768 539 1829 579 ut
1857 528 2052 593 leprosi
2079 543 2184 578 non
2205 540 2544 591 sanarentur,

1483 604 1576 654 sed
1641 611 1701 652 ut
1754 612 2032 667 tangentes
2112 617 2221 651 non
2286 601 2549 668 inquina-

1482 684 1689 737 rentur;
1727 689 1836 723 non
1869 682 2047 722 autem
2089 671 2363 738 inquinari
2399 689 2429 723 a
2467 674 2548 724 le-

1482 762 1578 812 pra
1617 744 1808 810 potuit,
1847 744 1942 810 qui
1984 760 2099 795 eam
2139 744 2451 805 mundavit,
2498 754 2550 796 et

1481 818 1602 868 ideo
1634 815 1880 882 quamvis
1908 815 2140 866 litteram
2179 816 2338 882 Legis
2369 817 2550 867 solve-

1481 889 1579 949 rit,
1619 898 1797 938 tamen
1836 887 2192 954 prohibitioni
2236 889 2401 954 Legis
2437 905 2550 939 non

1483 959 1742 1019 obviavit,
1785 974 1882 1008 nec
1919 958 2256 1024 propositum
2289 960 2404 1024 ejus
2433 960 2551 1009 sol-

1483 1033 1560 1084 vit
1587 1049 1601 1082 t
1628 1031 1757 1098 quia
1780 1047 1890 1081 non
1923 1040 2031 1082 erat
2055 1031 2394 1097 prohibitum
2423 1040 2551 1081 tan-

1484 1119 1605 1171 gere
1638 1106 1909 1169 leprosum
1951 1103 2000 1153 ei
2046 1102 2141 1167 qui
2170 1118 2234 1152 ex
2272 1113 2416 1154 tactu
2450 1118 2551 1153 suo

1488 1172 1691 1241 potera
1731 1189 1913 1224 curare
1941 1189 2097 1233 eum,
2141 1173 2278 1224 sicut
2312 1175 2459 1224 Elias
2499 1183 2552 1226 et

1490 1246 1714 1297 Elisaeus
1745 1261 1855 1295 non
1881 1244 2120 1295 fecerunt
2146 1254 2329 1294 contra
2353 1245 2552 1311 Legem

1488 1317 1756 1382 tangendo
1810 1326 2083 1366 mortuum
2129 1317 2192 1366 ad
2236 1317 2555 1367 resuscitan-

1490 1388 1640 1436 dum.
1684 1386 1832 1436 Licet
1862 1385 2024 1437 etiam
2064 1385 2328 1435 Dominus
2375 1395 2555 1451 posset

1493 1459 1609 1508 solo
1639 1457 1805 1508 verbo
1833 1472 2014 1507 curare
2037 1456 2338 1521 leprosum,
2374 1466 2555 1506 tamen

1494 1526 1743 1594 apposuit
1779 1543 2033 1588 manum,
2077 1527 2204 1593 quia
2249 1528 2559 1578 humanitas

1496 1597 1696 1650 Christi
1757 1607 1866 1648 erat
1923 1598 2076 1664 quasi
2133 1597 2560 1649 instrumentum

1497 1672 1669 1738 ipsius
1695 1671 2015 1735 divinitatis;
2042 1680 2093 1720 et
2120 1670 2257 1731 ideo,
2301 1670 2443 1720 sicut
2472 1686 2562 1721 ar·

1495 1743 1626 1794 tifex
1667 1742 1936 1793 mediante
1969 1742 2329 1792 instrumento
2369 1756 2564 1808 opera-

1500 1824 1603 1875 tur,
1630 1812 1706 1863 sic
1733 1812 1903 1863 virtus
1930 1812 2111 1863 divina
2131 1812 2188 1863 in
2218 1812 2442 1863 Christo
2471 1826 2565 1878 per

1497 1886 1910 1953 applicationem
1943 1885 2296 1936 humanitatis
2323 1885 2564 1951 aliquam

1497 1957 1722 2008 faciebat
1756 1967 1816 2007 ut
1855 1972 1971 2006 eam
1999 1957 2340 2022 conjunctam
2368 1955 2571 2006 divini·

1497 2029 1591 2079 tati
1619 2029 1920 2078 declararet.

1559 2116 1591 2166 4
1628 2098 1748 2149 Cun‘
1783 2114 1836 2147 Et
1878 2113 2212 2148 raaecnpmur
2252 2112 2569 2147 mmcumm

1500 2186 1683 2222 namur
1721 2169 1949 2219 menna?
1991 2197 2062 2224 -Α
2094 2170 2164 2219 Et
2215 2168 2471 2236 praecepit
2520 2169 2570 2219 ei

1499 2240 1780 2300 DominuS‚
1825 2240 1969 2306 quod
2006 2240 2325 2291 miraculum
2366 2239 2571 2289 factum

1504 2310 1706 2363 nemini
1739 2311 1952 2369 diceret,
1980 2327 2048 2361 ne
2064 2311 2315 2376 jactanter
2334 2326 2391 2361 se
2421 2324 2577 2360 sana-

1504 2394 1622 2433 tum
1651 2396 1766 2432 esse
1794 2380 2117 2447 praedicaret‚
2148 2392 2208 2432 ut
2232 2382 2451 2431 daretur
2480 2397 2579 2431 no-

1506 2458 1590 2508 bis
1634 2456 1939 2521 exemplum
1981 2465 2034 2506 et
2067 2471 2167 2505 nos
2199 2456 2409 2505 doceret
2459 2471 2576 2505 non

1503 2529 1725 2596 diligere
1756 2527 2166 2577 ostentationem
2199 2536 2250 2576 et
2283 2527 2575 2587 honorem,

1505 2613 1558 2653 et
1595 2602 1732 2651 bona
1766 2615 1886 2665 quae
1919 2598 2146 2649 facimus
2189 2615 2297 2648 non
2328 2613 2444 2648 esse
2483 2597 2579 2648 di-

1505 2674 1787 2740 vulganda,
1838 2673 1932 2723 sed
1974 2672 2314 2735 subticenda;
2360 2681 2420 2722 ut
2462 2688 2578 2721 non

1506 2747 1683 2798 solum
1706 2743 2071 2794 abstineamus
2093 2758 2123 2793 a
2142 2744 2384 2793 mercede
2407 2758 2579 2809 pecu-

1510 2818 1629 2877 niae,
1655 2816 1747 2867 sed
1771 2813 1932 2865 etiam
1964 2813 2146 2880 gratiae
2177 2830 2236 2864 ac
2264 2814 2439 2864 laudis
2466 2813 2579 2863 hu-

1511 2901 1684 2938 manae
1725 2895 1776 2936 et
1812 2899 1961 2936 vanae
2002 2885 2212 2950 gloriae,
2253 2896 2304 2935 et
2332 2885 2434 2935 ista
2465 2900 2578 2935 non

1509 2972 1815 3025 quaeramus
1856 2956 1911 3006 in
1950 2955 2203 3021 operibus
2235 2955 2466 3017 nostriS,
2507 2971 2579 3006 ne

1512 3045 1753 3096 unquam
1794 3028 1972 3094 aliqua
2010 3025 2230 3078 sinistra
2277 3043 2472 3077 manus
2515 3043 2579 3079 se

1512 3100 1799 3152 admisceat
1834 3099 2031 3149 dextrae
2076 3097 2132 3148 in
2173 3099 2269 3149 εἰς.
2308 3099 2462 3150 Unde
2500 3099 2580 3149 ait

1515 3171 1936 3239 Chrysostomus
1965 3186 1982 3219 .·
2011 3187 2038 3215 α
2063 3170 2129 3220 Et
2159 3170 2294 3220 nulli
2319 3170 2421 3221 hoc
2448 3186 2581 3220 eum

1512 3242 1671 3309 jussit
1688 3239 1860 3301 fateri,
1881 3240 2078 3290 docens
2108 3256 2271 3306 quam
2290 3253 2429 3291 esset
2454 3240 2585 3291 alie-

1515 3329 1619 3363 nus
1651 3312 1718 3362 ab
1764 3326 1892 3362 aura
1921 3309 2103 3377 gloriae
2151 3321 2203 3362 et
2250 3327 2447 3377 pompa
2495 3311 2584 3375 ja-

1515 3385 1743 3436 ctantiae.
1788 3385 1854 3435 Et
1893 3394 2030 3435 certe
2069 3394 2285 3434 noverat
2318 3384 2423 3447 ille,
2449 3383 2586 3449 quia

1517 3471 1626 3506 non
1651 3464 1790 3506 esset
1815 3454 2090 3515 tacituruS,
2115 3454 2207 3504 sed
2238 3454 2439 3519 passim
2469 3463 2584 3504 tam

1516 3525 1715 3593 grande
1734 3523 2049 3575 beneficium
2075 3525 2492 3590 praedicaturus3
2530 3534 2586 3575 et

1516 3607 1697 3647 tamen
1742 3605 2003 3662 quantum
2038 3595 2096 3645 in
2129 3596 2247 3661 ipso
2292 3604 2401 3654 est,
2442 3594 2589 3661 fugit

1518 3676 1780 3718 ostentare
1807 3667 1954 3733 quod
1980 3666 2187 3717 fecerat.
2217 3667 2283 3716 Et
2314 3664 2442 3716 alibi
2474 3680 2588 3732 pu-

1517 3737 1703 3789 blicari
1724 3737 1849 3788 talia
1871 3737 1985 3803 ipse
2015 3737 2277 3805 praecepit,
2306 3752 2414 3786 non
2443 3752 2586 3787 con*—

1520 3819 1602 3861 tra
1642 3825 1699 3860 se
1737 3809 1990 3875 veniens,
2038 3809 2130 3861 sed
2183 3817 2393 3860 curatos
2439 3822 2471 3859 a
2527 3822 2588 3859 se
