2784 4452
626 317 720 367 DE
749 316 984 368 SERVO
1015 314 1499 367 CENTURIONIS
1536 316 2002 369 PARALYTICO.

179 444 298 483 cam
359 441 411 481 et
464 431 589 481 talia
642 431 783 481 mala
829 430 890 481 in
953 439 1009 482 te
1061 429 1253 490 sentis,

181 520 316 571 roga
342 516 394 555 et
426 505 581 554 mitte
608 506 849 565 sanctos,
875 513 939 555 ut
965 504 1033 555 ad
1060 503 1253 553 Domi-

182 591 317 625 num
341 574 665 624 intercedant
686 590 782 640 pro
813 584 884 638 te,
910 574 1050 625 sicut
1080 574 1257 624 senio-

180 663 268 697 res
310 663 408 713 pro
468 647 836 708 Centurione,
889 657 940 697 et
986 647 1155 697 clama
1190 645 1255 695 ad

181 720 515 779 Dominum,
564 719 745 769 dicens
784 719 975 770 devote
1009 736 1130 769 cum
1160 734 1257 769 eo-

178 791 306 841 dem
334 807 346 839 :
371 792 623 853 Domine,
637 807 779 857 puer
808 806 954 842 meus
971 793 1125 859 jacet
1147 806 1256 859 pa-

178 861 453 928 ralyticus
470 862 522 911 in
544 862 697 911 domo
722 867 775 911 et
791 863 929 912 male
949 868 1222 928 torquetur·
1235 879 1257 924 ;

177 937 310 980 —et
330 945 430 981 non
464 946 579 981 sum
611 931 829 997 dignust,
850 941 1069 997 propter
1091 932 1257 998 fragi-

177 1001 386 1052 litatem
436 1011 638 1052 naturae
660 1041 674 1062 ,
716 1012 930 1068 propter
963 1002 1254 1053 foeditatem

178 1072 349 1136 culpae
419 1082 470 1122 et
521 1072 967 1138 multiplicitatem
1008 1072 1254 1133 miseriae,

180 1147 239 1190 ut
285 1141 456 1191 intres
512 1142 611 1193 sub
663 1147 849 1192 tectum
902 1156 1100 1205 meum,
1145 1152 1254 1192 tam

179 1222 508 1277 angustum,
557 1223 666 1262 tam
716 1212 1095 1273 immundum,
1143 1222 1253 1263 tam

177 1283 465 1333 ruinosum
482 1299 496 1346 ;
530 1284 626 1333 sed
660 1290 861 1334 tantum
887 1284 975 1334 dic
1005 1286 1183 1345 verbo,
1205 1291 1256 1335 et

180 1356 492 1418 sanabitur,
530 1357 594 1405 ad
641 1366 797 1406 tuum
839 1356 1149 1422 imperium.
1190 1358 1255 1406 Et

179 1429 311 1495 quia
336 1429 479 1478 istud
504 1429 728 1479 verbum
762 1430 1107 1489 Centurionis
1136 1440 1252 1480 tan-

180 1511 247 1551 tae
286 1500 535 1551 efficaciae
581 1501 713 1564 fuit,
758 1502 938 1566 quod,
986 1512 1046 1552 ut
1092 1518 1253 1567 supra

178 1571 386 1621 dictum
423 1580 521 1630 est,
551 1571 780 1637 dignum
810 1572 1079 1638 praestitit,
1111 1581 1171 1621 ut
1200 1572 1252 1621 in

177 1643 338 1694 corde
363 1643 478 1707 ejus
508 1644 761 1695 Christus
791 1645 1072 1704 habitaret,
1104 1654 1155 1694 et
1186 1645 1253 1694 ad

175 1714 552 1779 recipiendum
589 1731 784 1780 corpus
813 1715 1020 1767 Christi
1067 1714 1127 1765 in
1162 1730 1253 1765 sa-

175 1795 453 1836 cramento
515 1786 868 1837 Eucharistiae
930 1786 1115 1835 nullus
1174 1796 1255 1836 est

174 1857 379 1923 dignus
389 1873 406 1920 ;
456 1857 578 1907 ideo
624 1860 841 1925 quando
883 1859 957 1909 ad
1008 1874 1253 1909 mensam

177 1927 390 1980 Christi
451 1929 758 1980 accedimus
817 1940 870 1980 et
902 1928 1248 1995 flagilitatem

177 2010 423 2052 nostram
456 2001 876 2066 consideramus,
901 2002 1081 2060 verbis
1121 2003 1257 2053 Cen-

174 2072 413 2124 tutionis
456 2073 657 2137 edocti,
708 2074 953 2127 dimmus
1003 2074 1256 2140 singuli:
1305 2112 1306 2117 ¹

174 2143 432 2205 Domine,
465 2159 566 2194 non
595 2158 711 2194 sum
740 2145 941 2211 dignus
979 2151 1042 2196 ut
1090 2146 1259 2197 intres
1301 2142 1306 2181 ’ἶ

177 2215 282 2266 sub
321 2221 518 2266 tectum
548 2231 735 2279 meum,
779 2233 888 2267 non
907 2234 1035 2269 sum
1063 2216 1261 2283 dignus

174 2296 238 2337 ut
256 2286 467 2351 Corpus
486 2297 538 2336 et
562 2287 891 2352 Sanguinem
911 2299 1068 2340 tuum
1093 2289 1262 2339 susci-

174 2357 325 2423 piam
369 2358 425 2406 in
463 2373 524 2406 os
554 2373 754 2421 meum,
786 2369 846 2410 ut
872 2360 1118 2411 videlicet
1145 2360 1260 2409 vir-

172 2437 291 2479 tute
326 2428 613 2478 verborum
656 2429 882 2480 istorum
929 2430 1081 2496 digni
1119 2429 1261 2480 effici

173 2516 503 2552 mereamur.
538 2501 692 2552 Unde
713 2502 981 2567 Origenes
1010 2520 1028 2553 τ
1059 2520 1088 2549 «
1110 2504 1263 2553 Nunc

173 2574 342 2625 etiam
377 2576 595 2641 quando
635 2575 806 2626 sancti
833 2586 887 2626 et
913 2569 1264 2641 acceptabiles

173 2647 538 2698 Ecclesiarum
585 2648 850 2699 antistites
903 2648 1008 2698 sub
1061 2658 1260 2698 tectum

172 2731 337 2773 tuum
367 2719 593 2782 intrant,
627 2720 830 2770 ibidem
869 2721 1140 2770 Dominus
1167 2736 1263 2786 per

173 2804 272 2839 eos
289 2788 612 2854 ingreditur,
625 2800 681 2839 et
694 2800 753 2839 tu
774 2789 850 2840 sic
862 2790 1113 2848 estimes,
1134 2805 1263 2855 qua-

173 2861 224 2912 si
248 2860 543 2910 Dominum
573 2861 902 2926 suscipiens,
943 2872 997 2912 et
1041 2863 1259 2928 quando

175 2932 393 2995 Corpus
424 2942 476 2981 et
499 2932 827 2998 Sanguinem
853 2932 1074 2983 Domini
1101 2949 1258 2983 man-

175 3001 345 3049 ducas
388 3010 440 3049 et
487 3001 658 3060 bibis,
700 3013 828 3052 tunc
850 3002 1121 3052 Dominus
1150 3004 1255 3052 sub

176 3080 384 3121 tectum
415 3081 569 3120 tuum
602 3072 780 3131 intrat,
808 3082 859 3123 et
887 3081 947 3123 tu
985 3088 1116 3138 ergo
1145 3074 1253 3123 hu-

2322 331 2422 381 4rt

1363 445 1550 481 meum.
1578 432 1683 483 Ubi
1709 432 1853 484 enim
1875 432 2097 498 indigne
2117 432 2435 499 ingreditur,

1362 500 1440 550 ibi
1459 502 1525 551 ad
1548 502 1810 566 judicium
1834 502 2135 569 ingreditur
2164 502 2432 568 accipien-

1363 571 1405 620 ti
1441 590 1454 622 ε
1482 592 1509 620 n
1540 573 1655 623 haec
1685 573 1968 639 Origene&

1427 659 1460 709 9
1493 643 1548 692 In
1573 659 1735 694 sensu
1776 660 1972 693 nonam
2018 644 2294 693 Cam-uiuo
2329 658 2430 692 RA-

1362 729 1566 775 rtoms,
1624 731 1860 772 esusque
1905 731 2099 765 senvus
2148 730 2436 764 appe-rmus

1364 803 1618 837 senstrtvt
1677 804 1854 839 rvpuu
1899 803 2188 838 cesenam.
2228 816 2288 825 —
2333 787 2439 838 Pet·

1364 858 1531 909 istum
1576 858 1739 909 etiam
1789 860 2174 910 Centurionem
2218 858 2432 925 signifi-

1364 939 1515 979 catur
1557 929 1731 991 ratic,
1777 930 1859 980 vel
1909 929 2238 988 intellectuS,
2280 928 2434 993 cujus

1365 1014 1550 1049 servus
1578 1009 1657 1049 est
1684 1000 1954 1065 appetitus
1983 998 2304 1060 sensitivus,
2336 997 2431 1063 qui

1363 1064 1521 1123 debet
1552 1072 1771 1122 obedire
1803 1072 2028 1135 rationi;
2075 1072 2166 1121 sed
2208 1086 2272 1121 ex
2308 1086 2435 1121 cor-

1363 1144 1618 1210 ruptione
1670 1154 1873 1196 naturae
1935 1155 2015 1196 est
2064 1143 2312 1195 infirmus
2367 1144 2432 1193 ad

1363 1216 1721 1267 obediendum
1752 1216 1820 1280 ei,
1844 1227 2062 1282 propter
2089 1216 2235 1282 quod
2266 1217 2430 1265 homo

1363 1306 1459 1356 per
1492 1290 1756 1340 rationem
1792 1306 2129 1356 cognoscens
2173 1290 2311 1339 hanc
2341 1289 2435 1338 in-

1363 1361 1674 1411 firmitatem
1723 1361 1779 1410 in
1809 1376 1908 1410 suo
1938 1361 2179 1427 appetitu
2211 1359 2429 1411 sensiti-

1360 1447 1448 1491 VO,
1481 1446 1573 1496 per
1607 1446 1665 1481 se
1690 1441 1742 1481 et
1780 1445 1875 1496 per
1900 1430 2038 1480 alios
2068 1431 2226 1481 debet
2250 1444 2436 1495 rogare

1361 1503 1534 1552 Deum
1550 1513 1615 1553 ut
1651 1513 1803 1553 sanet
1830 1517 2043 1551 servum
2070 1517 2257 1564 suurn3
2286 1511 2337 1552 et
2360 1501 2439 1551 sic

1362 1588 1499 1639 puer
1536 1574 1649 1638 ejus
1696 1583 1917 1623 sanatur
1973 1588 2066 1637 per
2115 1572 2433 1622 Do'minum.

1364 1645 1515 1705 Item,
1546 1645 1688 1695 sicut
1731 1644 1821 1694 ille
1866 1642 2126 1694 Centurio
2178 1642 2433 1692 dicebat:

1362 1717 1511 1766 Nam
1529 1722 1582 1765 et
1606 1729 1710 1781 ego
1732 1714 1890 1765 homo
1910 1728 2031 1764 sum
2051 1714 2151 1764 sub
2162 1719 2432 1780 potestate
2488 1722 2489 1725 ’

1362 1786 1698 1848 constitutus,
1730 1785 1930 1836 habens
1973 1785 2072 1834 ,πώ
2094 1798 2182 1834 me
2207 1784 2428 1846 milites,

1360 1863 1416 1906 et
1440 1857 1564 1906 dico
1586 1856 1714 1906 huic
1730 1874 1752 1907 .·
1771 1856 1924 1918 vade,
1951 1861 2008 1905 et
2024 1855 2204 1915 vadi&
2225 1860 2276 1904 et
2298 1854 2401 1903 alii
2417 1871 2437 1903 .-

1363 1927 1512 1986 καί,
1552 1932 1607 1976 et
1649 1926 1824 1987 veni&
1860 1932 1913 1975 et
1943 1940 2101 1975 servo
2143 1938 2258 1974 meo
2293 1923 2440 1988 :fac

1365 1996 1480 2058 hoc,
1510 1996 1738 2061 etfacit.
1763 1996 1917 2051 Sicut
1942 1994 2079 2044 dicit
2114 1993 2434 2054 Cassianus,

1363 2067 1595 2132 perfecta
1645 2082 1828 2126 mens,
1866 2081 1990 2132 quoe
2022 2080 2119 2130 per
2144 2063 2440 2114 Centurio-

1366 2152 1495 2187 nem
1536 2136 1889 2203 intelligitur,
1920 2135 2026 2187 sub
2052 2134 2150 2185 Dei
2180 2142 2439 2199 potestate

1368 2208 1660 2261 constituta
1708 2207 1970 2260 omnibus
2036 2206 2244 2258 viri-bus
2312 2203 2438 2256 suis

1365 2282 1712 2344 dominatur,
1766 2292 1822 2332 et
1885 2281 2050 2331 habet
2118 2287 2438 2346 potestatem

1365 2352 1719 2419 cogitationes
1748 2351 1935 2402 noxias
1958 2348 2263 2416 depellendi
2292 2358 2344 2399 et
2381 2347 2438 2397 in

1369 2424 1529 2475 bonis
1599 2422 2017 2489 cogitationibus
2089 2418 2436 2471 immorandi.

1370 2497 1526 2547 Tunc
1574 2496 1734 2547 malis
1791 2492 2210 2560 cogitationibus
2262 2491 2439 2541 dicere

1372 2584 1703 2635 possumus:
1720 2568 1882 2627 abite,
1910 2578 1965 2617 et
1990 2565 2307 2627 abscedent3
2336 2564 2438 2613 bo-

1367 2642 1458 2693 nis
1477 2657 1605 2692 vero
1634 2641 1812 2691 dicere
1840 2657 1855 2691 ε
1884 2640 2081 2699 venite,
2103 2648 2159 2688 et
2190 2637 2439 2698 venient3

1366 2729 1524 2765 servo
1545 2727 1765 2779 quoque
1790 2721 1997 2770 nostr0,
2021 2710 2075 2759 id
2105 2719 2186 2758 est
2204 2706 2437 2773 corpori,

1361 2787 1514 2854 quod
1541 2787 1703 2837 debet
1731 2785 1931 2836 set-vive
1959 2782 2202 2849 spiritui,
2224 2797 2289 2831 ea
2316 2795 2437 2847 quae

1361 2857 1625 2923 castitatis
1655 2866 1709 2906 et
1730 2854 2085 2917 continentiae
2113 2863 2262 2914 sunt,
2293 2851 2442 2901 simi-

1363 2930 1487 2980 liter
1515 2929 1889 2994 injungemus,
1922 2936 1975 2977 et
2010 2925 2134 2976 sine
2162 2925 2272 2974 ulla
2300 2938 2437 2972 con-

1362 3002 1685 3052 tradictione
1719 2998 2116 3064 obtemperabit
2135 3036 2148 3057 ,
2182 3008 2436 3045 omnem-

1363 3089 1472 3140 que
1519 3071 1871 3136 suanis
1911 3068 2131 3136 spiritui
2174 3065 2443 3118 exhibens

178 3144 403 3195 miliens
457 3146 689 3209 teipsum
709 3185 722 3206 ,
778 3147 920 3197 dicas
952 3162 967 3196 τ
1003 3147 1249 3210 Domine,
1301 3189 1302 3192 ,
1359 3144 1709 3194 famulatum.

176 3230 284 3267 non
303 3229 422 3266 sum
439 3216 660 3281 dignu-5,
681 3224 738 3268 ut
751 3217 923 3269 intres
943 3218 1041 3268 sub
1055 3223 1247 3268 tecnon

1173 3410 1448 3465 ORATIO

246 3578 487 3630 Domine
508 3579 634 3630 Jesu
654 3579 885 3641 Christe,
916 3549 1172 3632 non⁰sum
1193 3581 1398 3646 dignus
1420 3587 1481 3628 ut
1507 3577 1674 3627 intres
1700 3573 1807 3626 sub
1837 3580 2039 3620 tectum
2067 3569 2246 3619 carnis
2276 3582 2433 3627 meae‚

181 3648 314 3714 quia
342 3666 474 3715 puer
497 3651 860 3702 sensualitatis
883 3654 1018 3715 iacet
1045 3652 1391 3718 paralyticuS‚
1423 3647 1720 3699 dissolutus
1748 3642 1937 3722 morbo
1958 3640 2153 3706 peccati
2181 3641 2237 3689 in
2264 3640 2441 3721 domo·

184 3719 425 3783 corporis
450 3721 575 3781 mei,
600 3731 653 3771 et
682 3722 820 3770 male
848 3733 1128 3787 torquetur
1170 3717 1721 3785 concupiscentiarum
1764 3712 2031 3774 mot1bus;
2073 3712 2165 3761 sed
2190 3726 2309 3760 vent
2336 3724 2434 3774 per

186 3787 372 3852 gratiae
396 3790 746 3851 infusionem,
777 3802 830 3841 et
853 3792 937 3842 dic
959 3793 1123 3843 verbo
1157 3791 1398 3842 veritatis
1420 3800 1480 3840 ut
1509 3794 1724 3839 sanetur
1753 3797 1885 3848 puer
1911 3797 2083 3846 meuS,
2108 3792 2159 3832 et
2189 3789 2432 3863 resurgat

183 3873 218 3908 a
242 3861 485 3923 peccatis.
518 3865 731 3927 Praesta,
758 3864 1066 3915 misericors
1092 3866 1255 3924 Deus,
1288 3862 1427 3911 mihi
1455 3861 1654 3911 misero
1689 3855 1790 3904 sub
1817 3864 2073 3919 potestate
2104 3864 2212 3905 tuae
2246 3862 2428 3920 grattae

185 3928 487 3982 constituto
520 3944 574 3984 et
601 3934 820 3985 habenti
855 3935 922 3985 de
948 3945 1041 3986 tua
1073 3934 1243 4001 gratia
1278 3933 1381 3983 sub
1414 3946 1503 3981 me
1532 3929 1675 3980 vires
1707 3934 1759 3975 et
1785 3923 2010 3976 virtutes
2046 3925 2332 3987 naturales,
2368 3932 2430 3973 ut
