2784 4452
331 375 439 430 294

921 359 1158 411 PRIMAE
1190 352 1441 408 PARTts
1471 351 1706 405 CAPUT
1728 352 1876 404 XXX

1122 785 1458 857 CAPUT
1526 763 1769 853 xxxi

679 1037 785 1103 De
826 1035 1183 1104 vocatione
1224 1034 1556 1103 Matthaei
1599 1042 1666 1102 et
1710 1034 1855 1119 ejus
1899 1029 2232 1100 convivio,

595 1282 881 1345 Matthaei
923 1303 1057 1366 cap.
1094 1305 1159 1366 9,
1211 1280 1414 1345 Marci
1458 1300 1592 1364 cap.
1644 1301 1678 1342 2
1722 1291 1785 1342 et
1832 1277 2023 1341 Lucae
2068 1298 2205 1359 cap.
2263 1280 2317 1340 5.

349 1554 359 1579 ·'
386 1566 407 1601 ι
441 1550 682 1602 νοσΑτιο
709 1551 972 1599 Murum
1009 1564 1074 1598 Αο
1116 1564 1388 1598 ‘ri-:Lomun

326 1639 588 1676 septuns.
599 1623 750 1674 -Et
766 1638 880 1673 cum
887 1623 1199 1689 proeteriret
1212 1623 1392 1672 Domi-

325 1709 427 1746 nus
449 1694 630 1757 Jecur,
658 1694 801 1744 venit
827 1694 900 1744 ad
933 1707 1082 1744 mare
1119 1694 1388 1758 Galilaeae,

325 1765 420 1818 ubi
448 1765 744 1832 vectigalia,
762 1765 994 1814 maxime
1023 1764 1089 1813 de
1111 1764 1273 1815 rebus
1298 1780 1395 1829 per

325 1850 473 1889 mare
501 1837 760 1897 deductis,
786 1838 1146 1887 solvebantur.
1163 1836 1241 1886 Et
1259 1837 1395 1887 vidit

326 1910 418 1974 ihi,
450 1925 560 1960 non
597 1919 708 1959 tarn
745 1909 1003 1974 corporis,
1036 1923 1200 1974 quam
1229 1924 1391 1959 men-

326 1980 399 2031 tis
420 1989 474 2031 et
497 1980 806 2031 miserantis
838 1980 1038 2030 intuitu
1053 2018 1066 2040 ,
1092 1979 1351 2030 hominem
1372 1997 1391 2030 .-

326 2050 526 2102 scilicet
554 2051 886 2111 Matthaeum,
923 2050 1018 2116 qui
1048 2059 1101 2100 et
1131 2050 1260 2100 Levi
1294 2066 1390 2101 an-

327 2133 381 2173 te
417 2123 756 2173 vocationem
802 2122 979 2172 dictus
1033 2132 1132 2183 est,
1180 2122 1391 2187 Alphaei

327 2192 520 2255 filium,
544 2193 823 2256 sedentem,
858 2193 914 2244 in
948 2193 1130 2254 dom0,
1151 2193 1225 2244 ad
1256 2193 1394 2245 telo-

327 2267 488 2329 niarii,
529 2267 584 2317 id
621 2278 718 2328 est,
748 2267 1022 2319 adsui-am
1049 2277 1110 2317 'et
1140 2267 1390 2333 dipensa-

325 2339 530 2389 tionem
567 2339 906 2405 vectigalium
945 2356 962 2389 t
1013 2335 1196 2406 Τέλος
1242 2338 1391 2388 enim

329 2410 527 2469 Graece,
548 2410 784 2475 vectigal
802 2409 1176 2475 interpretatur
1186 2410 1389 2461 Latine.

327 2480 553 2530 Sedebat
603 2480 824 2545 quippe,
875 2479 929 2528 id
982 2490 1080 2541 est,
1134 2480 1389 2546 pertinaci

328 2549 512 2600 animo
533 2549 696 2599 lucris
726 2550 970 2600 inhiabat
1000 2567 1015 2599 :
1043 2550 1214 2600 sessio
1240 2551 1390 2600 enim

329 2626 538 2672 moram
574 2621 631 2670 in
672 2621 820 2671 lucro
869 2621 1247 2686 consequendo
1286 2638 1391 2672 no·-

330 2703 423 2744 tat.
453 2694 531 2744 Et
562 2694 645 2744 ait
670 2694 770 2756 illi,
802 2695 955 2745 Jesus
984 2710 1002 2743 τ
1029 2694 1263 2759 Sequere
1288 2709 1387 2757 me,

330 2767 483 2833 quasi
514 2767 715 2817 diceret
739 2768 787 2817 ei
814 2784 826 2816 x
858 2768 974 2817 ,lam
1003 2783 1110 2816 non
1130 2767 1270 2833 sede,
1296 2769 1389 2817 sed

331 2839 524 2889 amodo
569 2856 807 2906 sequere,
848 2856 957 2890 non
998 2841 1063 2891 ad
1103 2841 1263 2903 lucra,
1296 2857 1390 2891 nec

332 2910 587 2960 secularia
607 2911 846 2977 negotia3
879 2911 972 2961 sed
1002 2926 1106 2971 me,
1126 2920 1178 2961 et
1199 2910 1388 2961 affectu

333 2980 525 3043 cordis,
554 2990 607 3030 et
634 2981 810 3031 officio
840 2981 1096 3047 corporis,
1127 2992 1179 3032 et
1202 2981 1390 3033 effectu

333 3052 529 3119 operis.
561 3052 872 3104 Matthaeum
897 3063 1073 3104 autem
1095 3053 1291 3104 talibus
1310 3052 1391 3104 oc-

332 3134 583 3190 cupatum
615 3125 838 3188 vocavit,
896 3135 956 3175 ut
983 3127 1050 3175 de
1085 3125 1253 3191 gratia
1292 3125 1388 3177 Dei

334 3196 517 3246 nullus
590 3196 856 3260 desperet,
909 3206 1391 3263 quantumcunque

331 3266 528 3318 vilibus
558 3276 845 3331 occupatus
869 3265 1047 3316 fuerit.
1078 3267 1185 3326 Qui
1210 3269 1391 3319 statim

332 3350 580 3404 surgens,
624 3352 657 3387 a
683 3336 886 3387 telonio
922 3336 977 3386 in
1007 3353 1116 3404 quo
1143 3339 1390 3400 sedebat,

331 3417 386 3461 et
412 3408 482 3458 de
506 3423 688 3459 amore
720 3413 1057 3458 terrenorum
1086 3409 1153 3458 ad
1175 3409 1391 3461 deside-

331 3479 476 3530 rium
504 3494 880 3545 supernorum,
909 3478 1113 3530 relictis
1130 3482 1388 3545 omnibus,

332 3549 534 3602 scilicet
559 3551 675 3602 suis
706 3559 759 3600 et
787 3549 949 3601 etiam
976 3550 1183 3613 alienis,
1212 3567 1276 3603 ex
1305 3568 1391 3603 ra-

332 3621 723 3690 pinacollectis
750 3638 766 3675 z
804 3621 1022 3688 reliquit
1055 3624 1200 3675 enim
1228 3624 1389 3676 etiam

332 3694 565 3760 propria,
590 3694 684 3761 qui
729 3710 911 3761 rapere
951 3695 1168 3747 solebat.
1196 3697 1391 3758 aliena,

332 3765 478 3830 quia,
505 3766 803 3816 secundum
817 3767 1279 3836 Chrysostomum,
1303 3779 1390 3820 te-

332 3836 543 3886 lonium
585 3846 665 3887 est
689 3837 872 3903 rapina
905 3838 1193 3903 permissa;
1233 3855 1389 3891 secu-

337 3911 420 3957 tus
446 3914 529 3958 est
554 3922 688 3971 eum,
728 3908 843 3958 sine
882 3909 1059 3976 aliqua
1102 3911 1385 3975 dilatione,

333 3985 444 4027 tam
471 3993 676 4044 gressu,
709 3995 872 4047 quam
898 3980 1104 4044 affectu,
1137 3982 1275 4034 sicut
1313 3983 1391 4033 di-

1498 1546 1740 1613 scipulus
1759 1543 2097 1611 Magistrum,
2115 1542 2257 1593 sicut
2278 1542 2451 1592 viator
2468 1544 2568 1593 du·

1497 1635 1616 1670 cem
1656 1634 1836 1678 suum,
1865 1618 2008 1667 sicut
2034 1631 2221 1666 servus
2244 1614 2565 1679 Dominum,

1502 1690 1645 1740 sicut
1687 1689 1805 1740 ovis
1835 1698 2103 1754 pastorem
2145 1702 2339 1751 suum;
2377 1686 2569 1739 funem

1497 1759 1807 1826 praecidenS,
1843 1774 1952 1808 non
1989 1759 2222 1821 solvenS,
2270 1757 2569 1807 secundum

1498 1831 1829 1899 Hieronymi
1863 1830 2172 1880 consilium.
2215 1830 2445 1880 Secutus
2486 1840 2571 1880 est

1499 1903 1722 1970 quidem
1748 1902 1867 1952 sine
1886 1901 2167 1965 dilatione,
2187 1901 2373 1951 divina
2389 1911 2575 1967 poten·

1500 1976 1574 2026 tia
1612 1975 1762 2026 intus
1811 1984 2098 2040 operante,
2147 1975 2463 2025 accendente
2518 1985 2572 2026 et
2608 2003 2613 2006 Α

1499 2048 1736 2098 docente.
1766 2047 1872 2108 Qui
1902 2046 2047 2096 enirn
2077 2047 2311 2097 exterius
2340 2047 2570 2113 vocavit,

1502 2127 1564 2168 ut
1600 2133 1728 2168 mox
1770 2127 2081 2184 sequeretur
2119 2117 2266 2168 intus
2306 2117 2568 2179 accendit,

1500 2191 1662 2243 traxit
1674 2199 1727 2242 et
1739 2191 1961 2241 modum
1982 2190 2181 2242 docuit.
2205 2191 2360 2242 Unde
2372 2191 2570 2243 Hiero-

1501 2276 1702 2331 nymus
1732 2279 1750 2313 .-
1787 2279 1815 2307 α
1837 2263 2038 2327 Fulgor
2083 2261 2201 2328 ipse
2228 2271 2281 2312 et
2321 2263 2574 2327 majestas

1488 2332 1712 2382 deitatis
1740 2333 1980 2393 occultae,
2012 2348 2120 2399 qua
2153 2332 2316 2383 etiam
2345 2332 2403 2383 in
2435 2332 2575 2384 facie

1502 2405 1773 2455 relucebat
1815 2405 2068 2465 humana,
2112 2405 2359 2456 videntes
2402 2406 2470 2455 ad
2512 2420 2575 2456 se

1501 2477 1711 2527 trahere
1740 2487 1947 2543 poterat
1969 2478 2025 2527 in
2048 2476 2227 2543 primo
2254 2486 2487 2543 aspectu.
2512 2476 2575 2527 Si

1499 2548 1648 2598 enim
1693 2548 1752 2598 in
1785 2559 2033 2615 magnete
2077 2548 2253 2613 lapide
2300 2548 2413 2598 haec
2453 2563 2576 2600 esse

1498 2619 1583 2669 vis
1613 2619 1812 2670 dicitur
1839 2629 1898 2670 ut
1925 2619 2125 2668 ferrum
2151 2619 2342 2679 trahat,
2368 2628 2573 2685 quanto

1498 2690 1671 2756 magis
1710 2690 1980 2740 Dominus
2014 2691 2264 2740 omnium
2296 2699 2570 2741 creatura-

1497 2778 1623 2813 rum
1665 2765 1729 2814 ad
1754 2780 1812 2815 se
1836 2765 2046 2815 trahere
2075 2774 2284 2831 poterat
2316 2779 2456 2830 quos
2475 2779 2574 2814 vo·

1496 2835 1666 2886 lebat?
1693 2856 1721 2883 n
1744 2836 1850 2888 Ubi
1870 2847 1923 2887 et
1943 2836 2395 2903 Chrysostomus:
2416 2854 2445 2883 ι
2459 2834 2570 2886 Sic·

1496 2918 1557 2961 ut
1608 2909 1791 2961 vidisti
1870 2910 2108 2960 vocantis
2154 2909 2429 2972 virtutem,
2491 2908 2571 2958 ita

1495 2982 1708 3033 addisce
1745 2980 1916 3032 vocati
1955 2980 2339 3032 obedientiam.
2380 2980 2573 3047 Neque

1496 3055 1643 3105 enim
1685 3054 1900 3116 restitit,
1936 3069 2109 3121 neque
2150 3052 2446 3113 vacillavit,
2472 3054 2572 3103 sed

1497 3124 1742 3190 protinus
1772 3124 1976 3190 paruit;
2003 3134 2065 3183 etx
2085 3138 2181 3174 nec
2212 3123 2269 3173 in
2293 3122 2573 3189 propriam

1495 3197 1721 3248 domum
1749 3197 1901 3248 abire
1928 3196 2166 3262 rogavit,
2196 3205 2259 3246 ut
2305 3195 2421 3246 suis
2453 3195 2574 3247 haec

1495 3267 1767 3318 intimaret
1791 3283 1805 3316 z
1839 3286 1863 3314 ι
1893 3268 2005 3317 haec
2032 3267 2480 3332 Chrysostomus.

1562 3354 1594 3389 2
1628 3338 1932 3389 Convxvtmt
1971 3340 2264 3389 Murum·
2290 3351 2573 3396 rtumsotm

1496 3426 1725 3462 xoiums
1750 3425 2117 3461 stoi-umento.
2130 3438 2191 3448 -
2202 3411 2379 3460 Laetus
2401 3409 2575 3475 igimr

1498 3481 1795 3532 Dominum
1842 3496 2091 3546 sequens,
2140 3489 2193 3530 et
2232 3489 2417 3546 gratus
2466 3493 2573 3529 ex·-

1499 3556 1688 3617 istenS,
1719 3569 1844 3604 eum
1879 3565 1931 3605 et
1965 3554 2261 3619 discipulos
2298 3552 2470 3619 ipsius
2504 3551 2571 3602 in

1498 3627 1663 3677 domo
1696 3642 1793 3676 sua
1825 3625 2043 3692 recepit,
2084 3636 2138 3676 et
2173 3624 2407 3676 convivii
2446 3638 2573 3674 ma-

1495 3697 1589 3765 gni
1640 3707 1955 3763 apparatum
2006 3697 2085 3747 eis
2154 3698 2374 3748 exhibet
2431 3709 2573 3745 con-

1496 3783 1682 3835 gruam
1758 3768 1984 3827 coelestis
2065 3767 2311 3818 beneficii
2391 3764 2572 3815 vicem

1496 3839 1713 3891 Christo
1756 3839 2069 3905 rependens,
2104 3847 2165 3889 ut
2203 3839 2284 3889 illi
2324 3837 2572 3888 redderet

1495 3919 1722 3974 terrena,
1750 3911 1845 3976 qui
1874 3909 1921 3961 ei
1941 3910 2289 3961 seminaverat
2314 3906 2570 3974 spiritua·

1496 3983 1590 4047 lia;
1620 3993 1671 4034 et
1703 3976 2124 4034 accommodaret
2167 3978 2499 4047 temporalia,
2533 3993 2568 4030 a
