<?xml version="1.0" encoding="UTF-8"?>
<!DOCTYPE html PUBLIC "-//W3C//DTD XHTML 1.0 Transitional//EN"
    "http://www.w3.org/TR/xhtml1/DTD/xhtml1-transitional.dtd">
<html xmlns="http://www.w3.org/1999/xhtml" xml:lang="en" lang="en">
 <head>
  <title>
</title>
<meta http-equiv="Content-Type" content="text/html;charset=utf-8" />
  <meta name='ocr-system' content='tesseract 3.04.00' />
  <meta name='ocr-capabilities' content='ocr_page ocr_carea ocr_par ocr_line ocrx_word'/>
</head>
<body>
  <div class='ocr_page' id='page_1' title='image "./vitajesuchristi00sachgoog_0322.png"; bbox 0 0 2784 4452; ppageno 0'>
   <div class='ocr_carea' id='block_1_1' title="bbox 335 219 442 274">
    <p class='ocr_par' dir='ltr' id='par_1_1' title="bbox 335 219 442 274">
     <span class='ocr_line' id='line_1_1' title="bbox 335 219 442 274; baseline 0 -1"><span class='ocrx_word' id='word_1_1' title='bbox 335 219 442 274; x_wconf 80' lang='lat'>306</span> 
     </span>
    </p>
   </div>
   <div class='ocr_carea' id='block_1_2' title="bbox 263 334 1405 3253">
    <p class='ocr_par' dir='ltr' id='par_1_2' title="bbox 263 334 1405 962">
     <span class='ocr_line' id='line_1_2' title="bbox 332 334 1399 405; baseline -0.002 -17"><span class='ocrx_word' id='word_1_2' title='bbox 332 336 561 405; x_wconf 85' lang='lat' dir='ltr'>aliquos,</span> <span class='ocrx_word' id='word_1_3' title='bbox 603 351 712 388; x_wconf 89' lang='lat' dir='ltr'>non</span> <span class='ocrx_word' id='word_1_4' title='bbox 753 336 964 398; x_wconf 83' lang='lat' dir='ltr'>divites,</span> <span class='ocrx_word' id='word_1_5' title='bbox 1019 353 1126 388; x_wconf 92' lang='lat' dir='ltr'>non</span> <span class='ocrx_word' id='word_1_6' title='bbox 1163 334 1399 400; x_wconf 85' lang='lat' dir='ltr'>nobiles;</span> 
     </span>
     <span class='ocr_line' id='line_1_3' title="bbox 330 410 1405 478; baseline -0.003 -16"><span class='ocrx_word' id='word_1_7' title='bbox 330 412 422 462; x_wconf 83' lang='lat' dir='ltr'>sed</span> <span class='ocrx_word' id='word_1_8' title='bbox 473 410 759 478; x_wconf 82' lang='lat' dir='ltr'>piscatores</span> <span class='ocrx_word' id='word_1_9' title='bbox 803 421 855 461; x_wconf 93' lang='lat' dir='ltr'>et</span> <span class='ocrx_word' id='word_1_10' title='bbox 896 410 1228 477; x_wconf 76' lang='lat' dir='ltr'>publicanOS,</span> <span class='ocrx_word' id='word_1_11' title='bbox 1263 419 1405 475; x_wconf 74' lang='lat' dir='ltr'>quos</span> 
     </span>
     <span class='ocr_line' id='line_1_4' title="bbox 263 481 1402 548; baseline 0 -17"><span class='ocrx_word' id='word_1_12' title='bbox 263 501 264 506; x_wconf 48' lang='lat'>¹</span> <span class='ocrx_word' id='word_1_13' title='bbox 330 481 598 547; x_wconf 77' lang='lat' dir='ltr'>dirigeret,</span> <span class='ocrx_word' id='word_1_14' title='bbox 638 482 815 547; x_wconf 86' lang='lat' dir='ltr'>elegit,</span> <span class='ocrx_word' id='word_1_15' title='bbox 848 484 915 532; x_wconf 84' lang='lat' dir='ltr'>n&#39;e</span> <span class='ocrx_word' id='word_1_16' title='bbox 943 482 1236 532; x_wconf 86' lang='lat' dir='ltr'>traduxisse</span> <span class='ocrx_word' id='word_1_17' title='bbox 1268 493 1402 548; x_wconf 81' lang='lat' dir='ltr'>pm·-</span> 
     </span>
     <span class='ocr_line' id='line_1_5' title="bbox 335 555 1401 616; baseline -0.001 -10"><span class='ocrx_word' id='word_1_18' title='bbox 335 556 530 616; x_wconf 85' lang='lat' dir='ltr'>dentia,</span> <span class='ocrx_word' id='word_1_19' title='bbox 586 571 653 606; x_wconf 92' lang='lat' dir='ltr'>ne</span> <span class='ocrx_word' id='word_1_20' title='bbox 703 556 993 607; x_wconf 79' lang='lat' dir='ltr'>redemisse</span> <span class='ocrx_word' id='word_1_21' title='bbox 1046 555 1283 615; x_wconf 88' lang='lat' dir='ltr'>divitiis,</span> <span class='ocrx_word' id='word_1_22' title='bbox 1334 565 1401 605; x_wconf 90' lang='lat' dir='ltr'>ne</span> 
     </span>
     <span class='ocr_line' id='line_1_6' title="bbox 331 624 1400 693; baseline -0.003 -16"><span class='ocrx_word' id='word_1_23' title='bbox 331 625 585 693; x_wconf 86' lang='lat' dir='ltr'>potentiae</span> <span class='ocrx_word' id='word_1_24' title='bbox 632 626 1037 692; x_wconf 79' lang='lat' dir='ltr'>nobilitatisque</span> <span class='ocrx_word' id='word_1_25' title='bbox 1091 624 1400 676; x_wconf 87' lang='lat' dir='ltr'>auctoritate</span> 
     </span>
     <span class='ocr_line' id='line_1_7' title="bbox 325 695 1398 767; baseline -0.005 -18"><span class='ocrx_word' id='word_1_26' title='bbox 325 697 549 749; x_wconf 85' lang='lat' dir='ltr'>traxisse</span> <span class='ocrx_word' id='word_1_27' title='bbox 590 698 799 767; x_wconf 87' lang='lat' dir='ltr'>aliquos</span> <span class='ocrx_word' id='word_1_28' title='bbox 840 698 905 748; x_wconf 92' lang='lat' dir='ltr'>ad</span> <span class='ocrx_word' id='word_1_29' title='bbox 958 711 1112 747; x_wconf 89' lang='lat' dir='ltr'>suam</span> <span class='ocrx_word' id='word_1_30' title='bbox 1172 695 1398 763; x_wconf 86' lang='lat' dir='ltr'>gratiam</span> 
     </span>
     <span class='ocr_line' id='line_1_8' title="bbox 322 767 1397 833; baseline -0.002 -15"><span class='ocrx_word' id='word_1_31' title='bbox 322 768 617 833; x_wconf 76' lang='lat' dir='ltr'>videretur3</span> <span class='ocrx_word' id='word_1_32' title='bbox 676 778 739 819; x_wconf 91' lang='lat' dir='ltr'>ut</span> <span class='ocrx_word' id='word_1_33' title='bbox 781 768 1016 819; x_wconf 86' lang='lat' dir='ltr'>veritatis</span> <span class='ocrx_word' id='word_1_34' title='bbox 1066 767 1231 828; x_wconf 90' lang='lat' dir='ltr'>ratio,</span> <span class='ocrx_word' id='word_1_35' title='bbox 1284 782 1397 817; x_wconf 91' lang='lat' dir='ltr'>non</span> 
     </span>
     <span class='ocr_line' id='line_1_9' title="bbox 327 837 1396 906; baseline -0.003 -18"><span class='ocrx_word' id='word_1_36' title='bbox 327 837 708 906; x_wconf 84' lang='lat' dir='ltr'>disputationis</span> <span class='ocrx_word' id='word_1_37' title='bbox 758 838 926 905; x_wconf 87' lang='lat' dir='ltr'>gratia</span> <span class='ocrx_word' id='word_1_38' title='bbox 973 838 1323 905; x_wconf 66' lang='lat' dir='ltr'>praevaleret:</span> <span class='ocrx_word' id='word_1_39' title='bbox 1367 855 1396 885; x_wconf 69' lang='lat' dir='ltr'>n</span> 
     </span>
     <span class='ocr_line' id='line_1_10' title="bbox 323 910 804 962; baseline -0.002 -1"><span class='ocrx_word' id='word_1_40' title='bbox 323 912 438 961; x_wconf 77' lang='lat' dir='ltr'>haec</span> <span class='ocrx_word' id='word_1_41' title='bbox 470 910 804 962; x_wconf 76' lang='lat' dir='ltr'>Ambrosius,</span> 
     </span>
    </p>

    <p class='ocr_par' dir='ltr' id='par_1_3' title="bbox 266 979 1403 3253">
     <span class='ocr_line' id='line_1_11' title="bbox 390 979 1397 1033; baseline -0.004 0"><span class='ocrx_word' id='word_1_42' title='bbox 390 979 418 1032; x_wconf 89' lang='lat'><strong>5</strong></span> <span class='ocrx_word' id='word_1_43' title='bbox 452 981 571 1033; x_wconf 77' lang='lat' dir='ltr'>Cun</span> <span class='ocrx_word' id='word_1_44' title='bbox 631 997 823 1032; x_wconf 61' lang='lat' dir='ltr'>siamus</span> <span class='ocrx_word' id='word_1_45' title='bbox 861 997 1109 1032; x_wconf 69' lang='lat' dir='ltr'>nom-AM</span> <span class='ocrx_word' id='word_1_46' title='bbox 1150 995 1397 1031; x_wconf 69' lang='lat' dir='ltr'>parram-r</span> 
     </span>
     <span class='ocr_line' id='line_1_12' title="bbox 325 1049 1398 1119; baseline -0.001 -15"><span class='ocrx_word' id='word_1_47' title='bbox 325 1049 593 1105; x_wconf 74' lang='lat' dir='ltr'>Cnarsrus</span> <span class='ocrx_word' id='word_1_48' title='bbox 617 1055 634 1103; x_wconf 75' lang='grc' dir='ltr'><strong><em>ἓ</em></strong></span> <span class='ocrx_word' id='word_1_49' title='bbox 655 1082 718 1091; x_wconf 94' lang='grc'><strong>-</strong></span> <span class='ocrx_word' id='word_1_50' title='bbox 742 1055 824 1104; x_wconf 89' lang='lat' dir='ltr'>Ad</span> <span class='ocrx_word' id='word_1_51' title='bbox 854 1065 1110 1106; x_wconf 87' lang='lat' dir='ltr'>montana</span> <span class='ocrx_word' id='word_1_52' title='bbox 1147 1069 1272 1119; x_wconf 89' lang='lat' dir='ltr'>ergo</span> <span class='ocrx_word' id='word_1_53' title='bbox 1296 1053 1398 1103; x_wconf 88' lang='lat' dir='ltr'>Do-</span> 
     </span>
     <span class='ocr_line' id='line_1_13' title="bbox 324 1123 1395 1185; baseline -0.001 -10"><span class='ocrx_word' id='word_1_54' title='bbox 324 1124 511 1176; x_wconf 87' lang='lat' dir='ltr'>minus</span> <span class='ocrx_word' id='word_1_55' title='bbox 538 1123 867 1185; x_wconf 88' lang='lat' dir='ltr'>conscendit,</span> <span class='ocrx_word' id='word_1_56' title='bbox 902 1136 963 1176; x_wconf 88' lang='lat' dir='ltr'>ut</span> <span class='ocrx_word' id='word_1_57' title='bbox 987 1141 1018 1175; x_wconf 92' lang='lat' dir='ltr'>a</span> <span class='ocrx_word' id='word_1_58' title='bbox 1044 1124 1219 1176; x_wconf 87' lang='lat' dir='ltr'>turbis</span> <span class='ocrx_word' id='word_1_59' title='bbox 1246 1139 1395 1174; x_wconf 90' lang='lat' dir='ltr'>rece-</span> 
     </span>
     <span class='ocr_line' id='line_1_14' title="bbox 266 1195 1398 1261; baseline 0 -16"><span class='ocrx_word' id='word_1_60' title='bbox 266 1247 273 1255; x_wconf 66' lang='lat'>,</span> <span class='ocrx_word' id='word_1_61' title='bbox 324 1196 470 1247; x_wconf 88' lang='lat' dir='ltr'>deret</span> <span class='ocrx_word' id='word_1_62' title='bbox 496 1205 550 1246; x_wconf 92' lang='lat' dir='ltr'>et</span> <span class='ocrx_word' id='word_1_63' title='bbox 572 1196 751 1261; x_wconf 90' lang='lat' dir='ltr'>quiete</span> <span class='ocrx_word' id='word_1_64' title='bbox 774 1206 965 1257; x_wconf 90' lang='lat' dir='ltr'>oraret,</span> <span class='ocrx_word' id='word_1_65' title='bbox 987 1206 1038 1247; x_wconf 91' lang='lat' dir='ltr'>et</span> <span class='ocrx_word' id='word_1_66' title='bbox 1066 1195 1398 1246; x_wconf 89' lang='lat' dir='ltr'>familiariter</span> 
     </span>
     <span class='ocr_line' id='line_1_15' title="bbox 323 1266 1397 1334; baseline -0.001 -16"><span class='ocrx_word' id='word_1_67' title='bbox 323 1267 612 1332; x_wconf 79' lang='lat' dir='ltr'>Apostolos</span> <span class='ocrx_word' id='word_1_68' title='bbox 643 1266 858 1334; x_wconf 91' lang='lat' dir='ltr'>eligeret</span> <span class='ocrx_word' id='word_1_69' title='bbox 888 1278 942 1318; x_wconf 89' lang='lat' dir='ltr'>et</span> <span class='ocrx_word' id='word_1_70' title='bbox 984 1267 1298 1330; x_wconf 89' lang='lat' dir='ltr'>instrueret,</span> <span class='ocrx_word' id='word_1_71' title='bbox 1334 1276 1397 1317; x_wconf 88' lang='lat' dir='ltr'>ut</span> 
     </span>
     <span class='ocr_line' id='line_1_16' title="bbox 324 1337 1392 1403; baseline -0.001 -14"><span class='ocrx_word' id='word_1_72' title='bbox 324 1345 379 1389; x_wconf 74' lang='lat' dir='ltr'>et</span> <span class='ocrx_word' id='word_1_73' title='bbox 426 1337 608 1389; x_wconf 86' lang='lat' dir='ltr'>turbas</span> <span class='ocrx_word' id='word_1_74' title='bbox 663 1340 729 1389; x_wconf 83' lang='lat' dir='ltr'>ad</span> <span class='ocrx_word' id='word_1_75' title='bbox 775 1339 964 1389; x_wconf 89' lang='lat' dir='ltr'>altiora</span> <span class='ocrx_word' id='word_1_76' title='bbox 1009 1340 1268 1403; x_wconf 82' lang='lat' dir='ltr'>traheret3</span> <span class='ocrx_word' id='word_1_77' title='bbox 1300 1340 1392 1390; x_wconf 88' lang='lat' dir='ltr'>sed</span> 
     </span>
     <span class='ocr_line' id='line_1_17' title="bbox 323 1407 1391 1470; baseline 0.003 -13"><span class='ocrx_word' id='word_1_78' title='bbox 323 1407 499 1458; x_wconf 84' lang='lat' dir='ltr'>turbis</span> <span class='ocrx_word' id='word_1_79' title='bbox 553 1410 833 1459; x_wconf 88' lang='lat' dir='ltr'>ascendere</span> <span class='ocrx_word' id='word_1_80' title='bbox 889 1425 999 1459; x_wconf 90' lang='lat' dir='ltr'>non</span> <span class='ocrx_word' id='word_1_81' title='bbox 1062 1410 1391 1470; x_wconf 86' lang='lat' dir='ltr'>valentibus,</span> 
     </span>
     <span class='ocr_line' id='line_1_18' title="bbox 324 1481 1397 1547; baseline 0.003 -18"><span class='ocrx_word' id='word_1_82' title='bbox 324 1487 628 1546; x_wconf 81' lang='lat' dir='ltr'>sequuntur</span> <span class='ocrx_word' id='word_1_83' title='bbox 692 1481 942 1546; x_wconf 88' lang='lat' dir='ltr'>discipuli</span> <span class='ocrx_word' id='word_1_84' title='bbox 1006 1482 1140 1547; x_wconf 76' lang='lat' dir='ltr'>ejuS.</span> <span class='ocrx_word' id='word_1_85' title='bbox 1207 1481 1397 1533; x_wconf 83' lang='lat' dir='ltr'>Voluit</span> 
     </span>
     <span class='ocr_line' id='line_1_19' title="bbox 324 1549 1394 1603; baseline 0.002 -2"><span class='ocrx_word' id='word_1_86' title='bbox 324 1549 486 1601; x_wconf 84' lang='lat' dir='ltr'>etiam</span> <span class='ocrx_word' id='word_1_87' title='bbox 530 1550 786 1602; x_wconf 91' lang='lat' dir='ltr'>docturus</span> <span class='ocrx_word' id='word_1_88' title='bbox 834 1552 890 1602; x_wconf 89' lang='lat' dir='ltr'>in</span> <span class='ocrx_word' id='word_1_89' title='bbox 933 1563 1176 1603; x_wconf 90' lang='lat' dir='ltr'>montem</span> <span class='ocrx_word' id='word_1_90' title='bbox 1204 1567 1394 1603; x_wconf 87' lang='lat' dir='ltr'>ascen-</span> 
     </span>
     <span class='ocr_line' id='line_1_20' title="bbox 324 1620 1391 1689; baseline 0 -16"><span class='ocrx_word' id='word_1_91' title='bbox 324 1620 465 1683; x_wconf 81' lang='lat' dir='ltr'>dere,</span> <span class='ocrx_word' id='word_1_92' title='bbox 510 1631 572 1673; x_wconf 90' lang='lat' dir='ltr'>ut</span> <span class='ocrx_word' id='word_1_93' title='bbox 613 1622 802 1672; x_wconf 89' lang='lat' dir='ltr'>altiora</span> <span class='ocrx_word' id='word_1_94' title='bbox 823 1627 826 1632; x_wconf 89' lang='lat'>&#39;</span> <span class='ocrx_word' id='word_1_95' title='bbox 847 1634 1119 1689; x_wconf 67' lang='lat' dir='ltr'>praecepta‘</span> <span class='ocrx_word' id='word_1_96' title='bbox 1139 1624 1361 1675; x_wconf 89' lang='lat' dir='ltr'>daturus</span> <span class='ocrx_word' id='word_1_97' title='bbox 1378 1663 1391 1686; x_wconf 93' lang='lat'>,</span> 
     </span>
     <span class='ocr_line' id='line_1_21' title="bbox 324 1691 1395 1761; baseline 0.002 -18"><span class='ocrx_word' id='word_1_98' title='bbox 324 1692 392 1743; x_wconf 76' lang='lat' dir='ltr'>de</span> <span class='ocrx_word' id='word_1_99' title='bbox 430 1691 553 1746; x_wconf 88' lang='lat' dir='ltr'>altis</span> <span class='ocrx_word' id='word_1_100' title='bbox 594 1709 655 1743; x_wconf 88' lang='lat' dir='ltr'>ea</span> <span class='ocrx_word' id='word_1_101' title='bbox 694 1693 1023 1759; x_wconf 71' lang='lat' dir='ltr'>praedicaret.</span> <span class='ocrx_word' id='word_1_102' title='bbox 1065 1695 1131 1745; x_wconf 92' lang='lat' dir='ltr'>Et</span> <span class='ocrx_word' id='word_1_103' title='bbox 1158 1695 1254 1761; x_wconf 88' lang='lat' dir='ltr'>qui</span> <span class='ocrx_word' id='word_1_104' title='bbox 1284 1695 1395 1745; x_wconf 90' lang='lat' dir='ltr'>mi-</span> 
     </span>
     <span class='ocr_line' id='line_1_22' title="bbox 325 1763 1395 1830; baseline 0.002 -15"><span class='ocrx_word' id='word_1_105' title='bbox 325 1778 457 1815; x_wconf 85' lang='lat' dir='ltr'>nora</span> <span class='ocrx_word' id='word_1_106' title='bbox 507 1763 664 1830; x_wconf 82' lang='lat' dir='ltr'>Legis</span> <span class='ocrx_word' id='word_1_107' title='bbox 712 1776 978 1830; x_wconf 83' lang='lat' dir='ltr'>praecepta</span> <span class='ocrx_word' id='word_1_108' title='bbox 1040 1764 1168 1816; x_wconf 92' lang='lat' dir='ltr'>filiis</span> <span class='ocrx_word' id='word_1_109' title='bbox 1237 1767 1395 1817; x_wconf 83' lang='lat' dir='ltr'>Israel</span> 
     </span>
     <span class='ocr_line' id='line_1_23' title="bbox 323 1834 1397 1903; baseline 0.002 -18"><span class='ocrx_word' id='word_1_110' title='bbox 323 1834 382 1885; x_wconf 77' lang='lat' dir='ltr'>in</span> <span class='ocrx_word' id='word_1_111' title='bbox 413 1844 598 1884; x_wconf 89' lang='lat' dir='ltr'>monte</span> <span class='ocrx_word' id='word_1_112' title='bbox 623 1834 856 1897; x_wconf 85' lang='lat' dir='ltr'>dederat,</span> <span class='ocrx_word' id='word_1_113' title='bbox 889 1836 1083 1900; x_wconf 78' lang='lat' dir='ltr'>majora</span> <span class='ocrx_word' id='word_1_114' title='bbox 1114 1836 1397 1903; x_wconf 85' lang='lat' dir='ltr'>discipulis</span> 
     </span>
     <span class='ocr_line' id='line_1_24' title="bbox 324 1907 1397 1992; baseline 0.004 -36"><span class='ocrx_word' id='word_1_115' title='bbox 324 1907 579 1973; x_wconf 81' lang='lat' dir='ltr'>angelicis</span> <span class='ocrx_word' id='word_1_116' title='bbox 624 1907 682 1958; x_wconf 89' lang='lat' dir='ltr'>in</span> <span class='ocrx_word' id='word_1_117' title='bbox 718 1919 904 1959; x_wconf 87' lang='lat' dir='ltr'>monte</span> <span class='ocrx_word' id='word_1_118' title='bbox 940 1911 1065 1960; x_wconf 88' lang='lat' dir='ltr'>dare</span> <span class='ocrx_word' id='word_1_119' title='bbox 1100 1910 1290 1970; x_wconf 85' lang='lat' dir='ltr'>voluit,</span> <span class='ocrx_word' id='word_1_120' title='bbox 1335 1920 1397 1992; x_wconf 64' lang='grc' dir='ltr'>υς</span> 
     </span>
     <span class='ocr_line' id='line_1_25' title="bbox 324 1977 1394 2046; baseline 0.004 -20"><span class='ocrx_word' id='word_1_121' title='bbox 324 1991 383 2027; x_wconf 86' lang='lat' dir='ltr'>se</span> <span class='ocrx_word' id='word_1_122' title='bbox 429 1977 679 2028; x_wconf 87' lang='lat' dir='ltr'>eumdem</span> <span class='ocrx_word' id='word_1_123' title='bbox 715 1978 888 2028; x_wconf 89' lang='lat' dir='ltr'>Deum</span> <span class='ocrx_word' id='word_1_124' title='bbox 934 1980 1263 2040; x_wconf 88' lang='lat' dir='ltr'>ostenderet,</span> <span class='ocrx_word' id='word_1_125' title='bbox 1298 1996 1394 2046; x_wconf 78' lang='lat' dir='ltr'>qut</span> 
     </span>
     <span class='ocr_line' id='line_1_26' title="bbox 326 2049 1394 2114; baseline 0.004 -16"><span class='ocrx_word' id='word_1_126' title='bbox 326 2049 523 2114; x_wconf 88' lang='lat' dir='ltr'>Legem</span> <span class='ocrx_word' id='word_1_127' title='bbox 542 2057 607 2098; x_wconf 78' lang='lat' dir='ltr'>‘et</span> <span class='ocrx_word' id='word_1_128' title='bbox 635 2049 1009 2114; x_wconf 88' lang='lat' dir='ltr'>Evangelicam</span> <span class='ocrx_word' id='word_1_129' title='bbox 1040 2051 1207 2101; x_wconf 85' lang='lat' dir='ltr'>vitam</span> <span class='ocrx_word' id='word_1_130' title='bbox 1232 2051 1394 2103; x_wconf 87' lang='lat' dir='ltr'>dedit.</span> 
     </span>
     <span class='ocr_line' id='line_1_27' title="bbox 326 2118 1395 2188; baseline 0.004 -19"><span class='ocrx_word' id='word_1_131' title='bbox 326 2118 457 2169; x_wconf 86' lang='lat' dir='ltr'>Post</span> <span class='ocrx_word' id='word_1_132' title='bbox 475 2118 786 2169; x_wconf 88' lang='lat' dir='ltr'>electionem</span> <span class='ocrx_word' id='word_1_133' title='bbox 803 2120 980 2187; x_wconf 90' lang='lat' dir='ltr'>itaque</span> <span class='ocrx_word' id='word_1_134' title='bbox 994 2122 1395 2188; x_wconf 83' lang='lat' dir='ltr'>Apostolorum,</span> 
     </span>
     <span class='ocr_line' id='line_1_28' title="bbox 326 2188 1398 2259; baseline 0.004 -18"><span class='ocrx_word' id='word_1_135' title='bbox 326 2188 500 2241; x_wconf 73' lang='lat' dir='ltr'>voluit</span> <span class='ocrx_word' id='word_1_136' title='bbox 538 2203 632 2241; x_wconf 86' lang='lat' dir='ltr'>eos</span> <span class='ocrx_word' id='word_1_137' title='bbox 669 2190 735 2242; x_wconf 90' lang='lat' dir='ltr'>de</span> <span class='ocrx_word' id='word_1_138' title='bbox 772 2192 1026 2257; x_wconf 89' lang='lat' dir='ltr'>operibus</span> <span class='ocrx_word' id='word_1_139' title='bbox 1055 2192 1398 2259; x_wconf 88' lang='lat' dir='ltr'>perfectionis</span> 
     </span>
     <span class='ocr_line' id='line_1_29' title="bbox 328 2262 1397 2332; baseline 0.005 -20"><span class='ocrx_word' id='word_1_140' title='bbox 328 2262 592 2313; x_wconf 74' lang='lat' dir='ltr'>instruere</span> <span class='ocrx_word' id='word_1_141' title='bbox 608 2302 622 2324; x_wconf 95' lang='lat'>,</span> <span class='ocrx_word' id='word_1_142' title='bbox 648 2263 774 2329; x_wconf 90' lang='lat' dir='ltr'>quia</span> <span class='ocrx_word' id='word_1_143' title='bbox 798 2265 864 2313; x_wconf 88' lang='lat' dir='ltr'>ad</span> <span class='ocrx_word' id='word_1_144' title='bbox 884 2265 1108 2329; x_wconf 90' lang='lat' dir='ltr'>gradum</span> <span class='ocrx_word' id='word_1_145' title='bbox 1141 2267 1397 2332; x_wconf 88' lang='lat' dir='ltr'>majorem</span> 
     </span>
     <span class='ocr_line' id='line_1_30' title="bbox 326 2333 1400 2401; baseline 0.007 -19"><span class='ocrx_word' id='word_1_146' title='bbox 326 2333 581 2399; x_wconf 83' lang='lat' dir='ltr'>promoti,</span> <span class='ocrx_word' id='word_1_147' title='bbox 644 2334 841 2384; x_wconf 90' lang='lat' dir='ltr'>debent</span> <span class='ocrx_word' id='word_1_148' title='bbox 878 2336 1239 2401; x_wconf 89' lang='lat' dir='ltr'>cognitionem</span> <span class='ocrx_word' id='word_1_149' title='bbox 1280 2353 1400 2389; x_wconf 86' lang='lat' dir='ltr'>ma·-</span> 
     </span>
     <span class='ocr_line' id='line_1_31' title="bbox 325 2404 1398 2475; baseline 0.006 -22"><span class='ocrx_word' id='word_1_150' title='bbox 325 2404 495 2470; x_wconf 70' lang='lat' dir='ltr'>jorem</span> <span class='ocrx_word' id='word_1_151' title='bbox 534 2404 748 2454; x_wconf 88' lang='lat' dir='ltr'>habere.</span> <span class='ocrx_word' id='word_1_152' title='bbox 798 2405 952 2455; x_wconf 90' lang='lat' dir='ltr'>Unde</span> <span class='ocrx_word' id='word_1_153' title='bbox 988 2406 1141 2457; x_wconf 86' lang='lat' dir='ltr'>Beda</span> <span class='ocrx_word' id='word_1_154' title='bbox 1166 2427 1183 2458; x_wconf 88' lang='lat'>.-</span> <span class='ocrx_word' id='word_1_155' title='bbox 1218 2425 1246 2454; x_wconf 84' lang='lat'>«</span> <span class='ocrx_word' id='word_1_156' title='bbox 1275 2409 1398 2475; x_wconf 89' lang='lat' dir='ltr'>My-</span> 
     </span>
     <span class='ocr_line' id='line_1_32' title="bbox 330 2473 1400 2544; baseline 0.007 -21"><span class='ocrx_word' id='word_1_157' title='bbox 330 2473 462 2523; x_wconf 87' lang='lat' dir='ltr'>stice</span> <span class='ocrx_word' id='word_1_158' title='bbox 501 2488 661 2524; x_wconf 88' lang='lat' dir='ltr'>mons</span> <span class='ocrx_word' id='word_1_159' title='bbox 710 2474 829 2535; x_wconf 89' lang='lat' dir='ltr'>ille,</span> <span class='ocrx_word' id='word_1_160' title='bbox 889 2475 946 2525; x_wconf 91' lang='lat' dir='ltr'>in</span> <span class='ocrx_word' id='word_1_161' title='bbox 995 2492 1107 2543; x_wconf 93' lang='lat' dir='ltr'>quo</span> <span class='ocrx_word' id='word_1_162' title='bbox 1166 2478 1400 2544; x_wconf 82' lang='lat' dir='ltr'>Aposto-</span> 
     </span>
     <span class='ocr_line' id='line_1_33' title="bbox 327 2544 1399 2609; baseline 0.006 -15"><span class='ocrx_word' id='word_1_163' title='bbox 327 2545 410 2594; x_wconf 87' lang='lat' dir='ltr'>los</span> <span class='ocrx_word' id='word_1_164' title='bbox 474 2544 634 2609; x_wconf 89' lang='lat' dir='ltr'>elegit</span> <span class='ocrx_word' id='word_1_165' title='bbox 706 2545 1005 2607; x_wconf 90' lang='lat' dir='ltr'>Dominus,</span> <span class='ocrx_word' id='word_1_166' title='bbox 1062 2548 1399 2600; x_wconf 87' lang='lat' dir='ltr'>altitudinem</span> 
     </span>
     <span class='ocr_line' id='line_1_34' title="bbox 326 2612 1399 2682; baseline 0.007 -18"><span class='ocrx_word' id='word_1_167' title='bbox 326 2612 573 2679; x_wconf 85' lang='lat' dir='ltr'>designat</span> <span class='ocrx_word' id='word_1_168' title='bbox 629 2614 875 2679; x_wconf 66' lang='lat' dir='ltr'>justitiae,</span> <span class='ocrx_word' id='word_1_169' title='bbox 930 2632 1037 2682; x_wconf 90' lang='lat' dir='ltr'>qua</span> <span class='ocrx_word' id='word_1_170' title='bbox 1097 2618 1399 2671; x_wconf 87' lang='lat' dir='ltr'>instruendi</span> 
     </span>
     <span class='ocr_line' id='line_1_35' title="bbox 325 2688 1401 2752; baseline 0.006 -17"><span class='ocrx_word' id='word_1_171' title='bbox 325 2692 477 2735; x_wconf 77' lang='lat' dir='ltr'>erant</span> <span class='ocrx_word' id='word_1_172' title='bbox 502 2693 558 2734; x_wconf 87' lang='lat' dir='ltr'>et</span> <span class='ocrx_word' id='word_1_173' title='bbox 584 2699 744 2750; x_wconf 83' lang='lat' dir='ltr'>quam</span> <span class='ocrx_word' id='word_1_174' title='bbox 790 2688 1121 2752; x_wconf 75' lang='lat' dir='ltr'>praedicaturi</span> <span class='ocrx_word' id='word_1_175' title='bbox 1155 2689 1401 2742; x_wconf 86' lang='lat' dir='ltr'>homini-</span> 
     </span>
     <span class='ocr_line' id='line_1_36' title="bbox 327 2756 1401 2823; baseline 0.007 -16"><span class='ocrx_word' id='word_1_176' title='bbox 327 2757 448 2808; x_wconf 87' lang='lat' dir='ltr'>bus.</span> <span class='ocrx_word' id='word_1_177' title='bbox 506 2756 641 2807; x_wconf 87' lang='lat' dir='ltr'>Nam</span> <span class='ocrx_word' id='word_1_178' title='bbox 690 2758 818 2823; x_wconf 90' lang='lat' dir='ltr'>quia</span> <span class='ocrx_word' id='word_1_179' title='bbox 859 2760 1126 2812; x_wconf 87' lang='lat' dir='ltr'>missurus</span> <span class='ocrx_word' id='word_1_180' title='bbox 1163 2772 1273 2813; x_wconf 89' lang='lat' dir='ltr'>erat</span> <span class='ocrx_word' id='word_1_181' title='bbox 1309 2779 1401 2815; x_wconf 90' lang='lat' dir='ltr'>eos</span> 
     </span>
     <span class='ocr_line' id='line_1_37' title="bbox 327 2826 1400 2900; baseline 0.007 -25"><span class='ocrx_word' id='word_1_182' title='bbox 327 2827 393 2876; x_wconf 82' lang='lat' dir='ltr'>ad</span> <span class='ocrx_word' id='word_1_183' title='bbox 427 2826 835 2892; x_wconf 83' lang='lat' dir='ltr'>praedicandum</span> <span class='ocrx_word' id='word_1_184' title='bbox 873 2831 1222 2896; x_wconf 89' lang='lat' dir='ltr'>Evangelium</span> <span class='ocrx_word' id='word_1_185' title='bbox 1250 2834 1400 2900; x_wconf 89' lang='lat' dir='ltr'>regni</span> 
     </span>
     <span class='ocr_line' id='line_1_38' title="bbox 327 2896 1400 2966; baseline 0.007 -19"><span class='ocrx_word' id='word_1_186' title='bbox 327 2896 577 2959; x_wconf 85' lang='lat' dir='ltr'>coelestis,</span> <span class='ocrx_word' id='word_1_187' title='bbox 628 2900 821 2950; x_wconf 88' lang='lat' dir='ltr'>merito</span> <span class='ocrx_word' id='word_1_188' title='bbox 866 2915 966 2966; x_wconf 91' lang='lat' dir='ltr'>per</span> <span class='ocrx_word' id='word_1_189' title='bbox 1012 2901 1400 2954; x_wconf 87' lang='lat' dir='ltr'>sublimitatem</span> 
     </span>
     <span class='ocr_line' id='line_1_39' title="bbox 328 2967 1402 3035; baseline 0.007 -16"><span class='ocrx_word' id='word_1_190' title='bbox 328 2967 451 3030; x_wconf 84' lang='lat' dir='ltr'>loci,</span> <span class='ocrx_word' id='word_1_191' title='bbox 485 2968 541 3018; x_wconf 89' lang='lat' dir='ltr'>in</span> <span class='ocrx_word' id='word_1_192' title='bbox 577 2983 691 3035; x_wconf 87' lang='lat' dir='ltr'>quo</span> <span class='ocrx_word' id='word_1_193' title='bbox 717 2973 870 3023; x_wconf 87' lang='lat' dir='ltr'>electi</span> <span class='ocrx_word' id='word_1_194' title='bbox 907 2984 1065 3035; x_wconf 89' lang='lat' dir='ltr'>sunt,</span> <span class='ocrx_word' id='word_1_195' title='bbox 1113 2975 1402 3026; x_wconf 89' lang='lat' dir='ltr'>admonere</span> 
     </span>
     <span class='ocr_line' id='line_1_40' title="bbox 327 3038 1403 3100; baseline 0.007 -10"><span class='ocrx_word' id='word_1_196' title='bbox 327 3038 500 3090; x_wconf 77' lang='lat' dir='ltr'>voluit</span> <span class='ocrx_word' id='word_1_197' title='bbox 526 3054 637 3100; x_wconf 87' lang='lat' dir='ltr'>eos,</span> <span class='ocrx_word' id='word_1_198' title='bbox 670 3058 780 3092; x_wconf 90' lang='lat' dir='ltr'>non</span> <span class='ocrx_word' id='word_1_199' title='bbox 809 3043 866 3093; x_wconf 90' lang='lat' dir='ltr'>in</span> <span class='ocrx_word' id='word_1_200' title='bbox 895 3043 1097 3095; x_wconf 87' lang='lat' dir='ltr'>infimis</span> <span class='ocrx_word' id='word_1_201' title='bbox 1121 3045 1403 3097; x_wconf 85' lang='lat' dir='ltr'>desideriis</span> 
     </span>
     <span class='ocr_line' id='line_1_41' title="bbox 328 3109 1402 3182; baseline 0.007 -22"><span class='ocrx_word' id='word_1_202' title='bbox 328 3109 496 3160; x_wconf 79' lang='lat' dir='ltr'>animi</span> <span class='ocrx_word' id='word_1_203' title='bbox 544 3110 854 3176; x_wconf 83' lang='lat' dir='ltr'>dissolvere,</span> <span class='ocrx_word' id='word_1_204' title='bbox 909 3116 1001 3164; x_wconf 89' lang='lat' dir='ltr'>sed</span> <span class='ocrx_word' id='word_1_205' title='bbox 1056 3115 1121 3166; x_wconf 92' lang='lat' dir='ltr'>ad</span> <span class='ocrx_word' id='word_1_206' title='bbox 1169 3131 1402 3182; x_wconf 83' lang='lat' dir='ltr'>superna</span> 
     </span>
     <span class='ocr_line' id='line_1_42' title="bbox 329 3179 1403 3253; baseline 0.006 -23"><span class='ocrx_word' id='word_1_207' title='bbox 329 3179 673 3232; x_wconf 77' lang='lat' dir='ltr'>desideranda</span> <span class='ocrx_word' id='word_1_208' title='bbox 737 3192 796 3233; x_wconf 85' lang='lat' dir='ltr'>et</span> <span class='ocrx_word' id='word_1_209' title='bbox 860 3186 1146 3250; x_wconf 84' lang='lat' dir='ltr'>quaerenda</span> <span class='ocrx_word' id='word_1_210' title='bbox 1193 3201 1403 3253; x_wconf 86' lang='lat' dir='ltr'>semper</span> 
     </span>
    </p>
   </div>
   <div class='ocr_carea' id='block_1_3' title="bbox 936 217 1966 274">
    <p class='ocr_par' dir='ltr' id='par_1_4' title="bbox 936 217 1966 274">
     <span class='ocr_line' id='line_1_43' title="bbox 936 217 1966 274; baseline 0 0"><span class='ocrx_word' id='word_1_211' title='bbox 936 221 1175 274; x_wconf 80' lang='lat' dir='ltr'>PRIMAE</span> <span class='ocrx_word' id='word_1_212' title='bbox 1209 220 1456 273; x_wconf 84' lang='lat' dir='ltr'>PARTIS</span> <span class='ocrx_word' id='word_1_213' title='bbox 1489 217 1723 272; x_wconf 79' lang='lat' dir='ltr'>CAPUT</span> <span class='ocrx_word' id='word_1_214' title='bbox 1754 223 1966 274; x_wconf 82' lang='lat' dir='ltr'><strong>XXXII.</strong></span> 
     </span>
    </p>
   </div>
   <div class='ocr_carea' id='block_1_4' title="bbox 1501 335 2586 1896">
    <p class='ocr_par' dir='ltr' id='par_1_5' title="bbox 1501 335 2586 1896">
     <span class='ocr_line' id='line_1_44' title="bbox 1509 335 2582 406; baseline 0.007 -20"><span class='ocrx_word' id='word_1_215' title='bbox 1509 335 1708 403; x_wconf 87' lang='lat' dir='ltr'>erigere</span> <span class='ocrx_word' id='word_1_216' title='bbox 1757 338 1964 389; x_wconf 88' lang='lat' dir='ltr'>debere.</span> <span class='ocrx_word' id='word_1_217' title='bbox 2018 339 2105 389; x_wconf 87' lang='lat' dir='ltr'>Sic</span> <span class='ocrx_word' id='word_1_218' title='bbox 2160 340 2319 390; x_wconf 84' lang='lat' dir='ltr'>etiam</span> <span class='ocrx_word' id='word_1_219' title='bbox 2375 340 2582 406; x_wconf 82' lang='lat' dir='ltr'>Legem</span> 
     </span>
     <span class='ocr_line' id='line_1_45' title="bbox 1508 408 2585 475; baseline 0.005 -18"><span class='ocrx_word' id='word_1_220' title='bbox 1508 408 1727 458; x_wconf 90' lang='lat' dir='ltr'>daturus</span> <span class='ocrx_word' id='word_1_221' title='bbox 1756 409 1922 475; x_wconf 90' lang='lat' dir='ltr'>priori</span> <span class='ocrx_word' id='word_1_222' title='bbox 1951 410 2151 475; x_wconf 89' lang='lat' dir='ltr'>populo</span> <span class='ocrx_word' id='word_1_223' title='bbox 2181 425 2282 460; x_wconf 88' lang='lat' dir='ltr'>suo</span> <span class='ocrx_word' id='word_1_224' title='bbox 2311 410 2369 459; x_wconf 88' lang='lat' dir='ltr'>in</span> <span class='ocrx_word' id='word_1_225' title='bbox 2390 421 2585 463; x_wconf 88' lang='lat' dir='ltr'>monte</span> 
     </span>
     <span class='ocr_line' id='line_1_46' title="bbox 1507 479 2584 549; baseline 0.005 -21"><span class='ocrx_word' id='word_1_226' title='bbox 1507 479 1769 545; x_wconf 85' lang='lat' dir='ltr'>apparuit,</span> <span class='ocrx_word' id='word_1_227' title='bbox 1821 480 1890 529; x_wconf 91' lang='lat' dir='ltr'>de</span> <span class='ocrx_word' id='word_1_228' title='bbox 1942 490 2122 531; x_wconf 90' lang='lat' dir='ltr'>monte</span> <span class='ocrx_word' id='word_1_229' title='bbox 2180 497 2302 547; x_wconf 89' lang='lat' dir='ltr'>quae</span> <span class='ocrx_word' id='word_1_230' title='bbox 2374 485 2584 549; x_wconf 81' lang='lat' dir='ltr'>agenda</span> 
     </span>
     <span class='ocr_line' id='line_1_47' title="bbox 1505 551 2583 607; baseline 0.006 -8"><span class='ocrx_word' id='word_1_231' title='bbox 1505 559 1680 600; x_wconf 89' lang='lat' dir='ltr'>essent</span> <span class='ocrx_word' id='word_1_232' title='bbox 1720 551 1970 603; x_wconf 89' lang='lat' dir='ltr'>innotuit.</span> <span class='ocrx_word' id='word_1_233' title='bbox 2002 571 2032 600; x_wconf 70' lang='grc' dir='ltr'>ι)</span> <span class='ocrx_word' id='word_1_234' title='bbox 2065 552 2219 603; x_wconf 89' lang='lat' dir='ltr'>Unde</span> <span class='ocrx_word' id='word_1_235' title='bbox 2255 562 2308 603; x_wconf 94' lang='lat' dir='ltr'>et</span> <span class='ocrx_word' id='word_1_236' title='bbox 2337 554 2544 605; x_wconf 79' lang='lat' dir='ltr'>Glossa</span> <span class='ocrx_word' id='word_1_237' title='bbox 2564 574 2583 607; x_wconf 72' lang='grc' dir='ltr'><strong><em>ε</em></strong></span> 
     </span>
     <span class='ocr_line' id='line_1_48' title="bbox 1506 623 2583 691; baseline 0.007 -22"><span class='ocrx_word' id='word_1_238' title='bbox 1506 639 1535 669; x_wconf 85' lang='lat'>«</span> <span class='ocrx_word' id='word_1_239' title='bbox 1562 623 1813 673; x_wconf 81' lang='lat' dir='ltr'>Ascendit</span> <span class='ocrx_word' id='word_1_240' title='bbox 1833 624 2034 691; x_wconf 89' lang='lat' dir='ltr'>quippe</span> <span class='ocrx_word' id='word_1_241' title='bbox 2058 639 2213 674; x_wconf 91' lang='lat' dir='ltr'>mons</span> <span class='ocrx_word' id='word_1_242' title='bbox 2237 625 2293 674; x_wconf 90' lang='lat' dir='ltr'>in</span> <span class='ocrx_word' id='word_1_243' title='bbox 2316 637 2583 688; x_wconf 85' lang='lat' dir='ltr'>montem,</span> 
     </span>
     <span class='ocr_line' id='line_1_49' title="bbox 1506 696 2581 765; baseline 0.004 -19"><span class='ocrx_word' id='word_1_244' title='bbox 1506 706 1566 746; x_wconf 94' lang='lat' dir='ltr'>ut</span> <span class='ocrx_word' id='word_1_245' title='bbox 1583 696 1774 748; x_wconf 91' lang='lat' dir='ltr'>altiora</span> <span class='ocrx_word' id='word_1_246' title='bbox 1795 697 2056 748; x_wconf 82' lang='lat' dir='ltr'>virtutum</span> <span class='ocrx_word' id='word_1_247' title='bbox 2080 699 2316 749; x_wconf 90' lang='lat' dir='ltr'>culmina</span> <span class='ocrx_word' id='word_1_248' title='bbox 2344 699 2581 765; x_wconf 88' lang='lat' dir='ltr'>doceret,</span> 
     </span>
     <span class='ocr_line' id='line_1_50' title="bbox 1506 767 2583 835; baseline 0.003 -18"><span class='ocrx_word' id='word_1_249' title='bbox 1506 776 1559 817; x_wconf 87' lang='lat' dir='ltr'>et</span> <span class='ocrx_word' id='word_1_250' title='bbox 1609 767 1936 829; x_wconf 86' lang='lat' dir='ltr'>Ecclesiam,</span> <span class='ocrx_word' id='word_1_251' title='bbox 1994 784 2156 834; x_wconf 90' lang='lat' dir='ltr'>super</span> <span class='ocrx_word' id='word_1_252' title='bbox 2199 785 2365 835; x_wconf 90' lang='lat' dir='ltr'>quam</span> <span class='ocrx_word' id='word_1_253' title='bbox 2428 770 2583 821; x_wconf 86' lang='lat' dir='ltr'>sedet</span> 
     </span>
     <span class='ocr_line' id='line_1_51' title="bbox 1504 838 2584 906; baseline 0.003 -17"><span class='ocrx_word' id='word_1_254' title='bbox 1504 838 1795 904; x_wconf 83' lang='lat' dir='ltr'>praedicans</span> <span class='ocrx_word' id='word_1_255' title='bbox 1831 849 2150 906; x_wconf 88' lang='lat' dir='ltr'>praeceptum</span> <span class='ocrx_word' id='word_1_256' title='bbox 2179 841 2434 903; x_wconf 90' lang='lat' dir='ltr'>Domini,</span> <span class='ocrx_word' id='word_1_257' title='bbox 2477 857 2584 892; x_wconf 89' lang='lat' dir='ltr'>su-</span> 
     </span>
     <span class='ocr_line' id='line_1_52' title="bbox 1506 908 2583 979; baseline 0.006 -21"><span class='ocrx_word' id='word_1_258' title='bbox 1506 908 1725 959; x_wconf 90' lang='lat' dir='ltr'>blimius</span> <span class='ocrx_word' id='word_1_259' title='bbox 1754 910 2061 976; x_wconf 86' lang='lat' dir='ltr'>erigendam</span> <span class='ocrx_word' id='word_1_260' title='bbox 2076 912 2394 972; x_wconf 89' lang='lat' dir='ltr'>ostenderet,</span> <span class='ocrx_word' id='word_1_261' title='bbox 2412 928 2583 979; x_wconf 89' lang='lat' dir='ltr'>quam</span> 
     </span>
     <span class='ocr_line' id='line_1_53' title="bbox 1504 979 2584 1048; baseline 0.006 -20"><span class='ocrx_word' id='word_1_262' title='bbox 1504 979 1688 1029; x_wconf 90' lang='lat' dir='ltr'>eadem</span> <span class='ocrx_word' id='word_1_263' title='bbox 1728 980 1970 1030; x_wconf 89' lang='lat' dir='ltr'>doctrina</span> <span class='ocrx_word' id='word_1_264' title='bbox 1992 996 2166 1048; x_wconf 89' lang='lat' dir='ltr'>usque</span> <span class='ocrx_word' id='word_1_265' title='bbox 2188 982 2252 1032; x_wconf 89' lang='lat' dir='ltr'>ad</span> <span class='ocrx_word' id='word_1_266' title='bbox 2281 980 2448 1031; x_wconf 90' lang='lat' dir='ltr'>finem</span> <span class='ocrx_word' id='word_1_267' title='bbox 2484 982 2584 1034; x_wconf 62' lang='lat' dir='ltr'>sess-</span> 
     </span>
     <span class='ocr_line' id='line_1_54' title="bbox 1503 1050 2584 1122; baseline 0.006 -22"><span class='ocrx_word' id='word_1_268' title='bbox 1503 1050 1608 1101; x_wconf 90' lang='lat' dir='ltr'>culi</span> <span class='ocrx_word' id='word_1_269' title='bbox 1640 1051 1854 1118; x_wconf 90' lang='lat' dir='ltr'>plenius</span> <span class='ocrx_word' id='word_1_270' title='bbox 1885 1053 2133 1104; x_wconf 88' lang='lat' dir='ltr'>erudiret.</span> <span class='ocrx_word' id='word_1_271' title='bbox 2165 1054 2423 1114; x_wconf 86' lang='lat' dir='ltr'>Quamvis</span> <span class='ocrx_word' id='word_1_272' title='bbox 2449 1070 2584 1122; x_wconf 89' lang='lat' dir='ltr'>ergo</span> 
     </span>
     <span class='ocr_line' id='line_1_55' title="bbox 1504 1119 2583 1188; baseline 0.006 -19"><span class='ocrx_word' id='word_1_273' title='bbox 1504 1119 1705 1171; x_wconf 86' lang='lat' dir='ltr'>ibidem</span> <span class='ocrx_word' id='word_1_274' title='bbox 1752 1122 1948 1173; x_wconf 85' lang='lat' dir='ltr'>docere</span> <span class='ocrx_word' id='word_1_275' title='bbox 1977 1133 2183 1188; x_wconf 92' lang='lat' dir='ltr'>poterat</span> <span class='ocrx_word' id='word_1_276' title='bbox 2211 1124 2305 1174; x_wconf 88' lang='lat' dir='ltr'>ubi</span> <span class='ocrx_word' id='word_1_277' title='bbox 2341 1134 2471 1185; x_wconf 90' lang='lat' dir='ltr'>erat,</span> <span class='ocrx_word' id='word_1_278' title='bbox 2517 1125 2583 1175; x_wconf 88' lang='lat' dir='ltr'>in</span> 
     </span>
     <span class='ocr_line' id='line_1_56' title="bbox 1503 1193 2581 1259; baseline 0.005 -19"><span class='ocrx_word' id='word_1_279' title='bbox 1503 1200 1746 1242; x_wconf 89' lang='lat' dir='ltr'>montem</span> <span class='ocrx_word' id='word_1_280' title='bbox 1811 1202 1990 1243; x_wconf 87' lang='lat' dir='ltr'>tamen</span> <span class='ocrx_word' id='word_1_281' title='bbox 2055 1193 2122 1243; x_wconf 92' lang='lat' dir='ltr'>ad</span> <span class='ocrx_word' id='word_1_282' title='bbox 2176 1195 2581 1259; x_wconf 69' lang='lat' dir='ltr'>praedicandum</span> 
     </span>
     <span class='ocr_line' id='line_1_57' title="bbox 1504 1260 2583 1329; baseline 0.006 -20"><span class='ocrx_word' id='word_1_283' title='bbox 1504 1260 1763 1322; x_wconf 87' lang='lat' dir='ltr'>aseendit,</span> <span class='ocrx_word' id='word_1_284' title='bbox 1809 1260 1867 1311; x_wconf 90' lang='lat' dir='ltr'>in</span> <span class='ocrx_word' id='word_1_285' title='bbox 1904 1262 2123 1328; x_wconf 89' lang='lat' dir='ltr'>signum</span> <span class='ocrx_word' id='word_1_286' title='bbox 2153 1265 2297 1329; x_wconf 93' lang='lat' dir='ltr'>quod</span> <span class='ocrx_word' id='word_1_287' title='bbox 2321 1264 2381 1315; x_wconf 92' lang='lat' dir='ltr'>in</span> <span class='ocrx_word' id='word_1_288' title='bbox 2410 1280 2583 1315; x_wconf 87' lang='lat' dir='ltr'>mon-</span> 
     </span>
     <span class='ocr_line' id='line_1_58' title="bbox 1503 1332 2586 1387; baseline 0.005 -5"><span class='ocrx_word' id='word_1_289' title='bbox 1503 1340 1612 1382; x_wconf 91' lang='lat' dir='ltr'>tem</span> <span class='ocrx_word' id='word_1_290' title='bbox 1647 1342 1701 1382; x_wconf 91' lang='lat' dir='ltr'>et</span> <span class='ocrx_word' id='word_1_291' title='bbox 1738 1332 2077 1383; x_wconf 90' lang='lat' dir='ltr'>altitudinem</span> <span class='ocrx_word' id='word_1_292' title='bbox 2116 1334 2378 1386; x_wconf 89' lang='lat' dir='ltr'>virtutum</span> <span class='ocrx_word' id='word_1_293' title='bbox 2417 1337 2586 1387; x_wconf 87' lang='lat' dir='ltr'>debet</span> 
     </span>
     <span class='ocr_line' id='line_1_59' title="bbox 1502 1401 2585 1469; baseline 0.006 -19"><span class='ocrx_word' id='word_1_294' title='bbox 1502 1401 1800 1463; x_wconf 87' lang='lat' dir='ltr'>ascendere,</span> <span class='ocrx_word' id='word_1_295' title='bbox 1852 1402 1948 1467; x_wconf 89' lang='lat' dir='ltr'>qui</span> <span class='ocrx_word' id='word_1_296' title='bbox 2007 1404 2293 1469; x_wconf 85' lang='lat' dir='ltr'>praedicare</span> <span class='ocrx_word' id='word_1_297' title='bbox 2337 1406 2484 1466; x_wconf 75' lang='lat' dir='ltr'>vult,</span> <span class='ocrx_word' id='word_1_298' title='bbox 2523 1417 2585 1457; x_wconf 88' lang='lat' dir='ltr'>et</span> 
     </span>
     <span class='ocr_line' id='line_1_60' title="bbox 1503 1470 2584 1545; baseline 0.004 -25"><span class='ocrx_word' id='word_1_299' title='bbox 1503 1470 1767 1536; x_wconf 79' lang='lat' dir='ltr'>justitiam</span> <span class='ocrx_word' id='word_1_300' title='bbox 1795 1473 1893 1523; x_wconf 90' lang='lat' dir='ltr'>Dei</span> <span class='ocrx_word' id='word_1_301' title='bbox 1923 1474 2132 1524; x_wconf 91' lang='lat' dir='ltr'>docere.</span> <span class='ocrx_word' id='word_1_302' title='bbox 2169 1493 2196 1522; x_wconf 66' lang='lat'>³)</span> <span class='ocrx_word' id='word_1_303' title='bbox 2224 1475 2380 1525; x_wconf 89' lang='lat' dir='ltr'>Unde</span> <span class='ocrx_word' id='word_1_304' title='bbox 2399 1476 2584 1545; x_wconf 74' lang='lat' dir='ltr'>Chry.</span> 
     </span>
     <span class='ocr_line' id='line_1_61' title="bbox 1502 1544 2584 1598; baseline 0.006 -6"><span class='ocrx_word' id='word_1_305' title='bbox 1502 1548 1764 1595; x_wconf 81' lang='lat' dir='ltr'>sostomus</span> <span class='ocrx_word' id='word_1_306' title='bbox 1798 1559 1815 1594; x_wconf 93' lang='grc'>.·</span> <span class='ocrx_word' id='word_1_307' title='bbox 1844 1561 1872 1591; x_wconf 77' lang='grc' dir='ltr'>α</span> <span class='ocrx_word' id='word_1_308' title='bbox 1909 1545 1968 1594; x_wconf 90' lang='lat' dir='ltr'>In</span> <span class='ocrx_word' id='word_1_309' title='bbox 2013 1544 2234 1595; x_wconf 85' lang='lat' dir='ltr'>veritate</span> <span class='ocrx_word' id='word_1_310' title='bbox 2286 1546 2584 1598; x_wconf 89' lang='lat' dir='ltr'>consistere</span> 
     </span>
     <span class='ocr_line' id='line_1_62' title="bbox 1501 1614 2581 1681; baseline 0.005 -17"><span class='ocrx_word' id='word_1_311' title='bbox 1501 1614 1660 1665; x_wconf 91' lang='lat' dir='ltr'>debet</span> <span class='ocrx_word' id='word_1_312' title='bbox 1698 1615 1794 1681; x_wconf 91' lang='lat' dir='ltr'>qui</span> <span class='ocrx_word' id='word_1_313' title='bbox 1827 1614 2088 1680; x_wconf 79' lang='lat' dir='ltr'>justitiam</span> <span class='ocrx_word' id='word_1_314' title='bbox 2121 1616 2274 1665; x_wconf 89' lang='lat' dir='ltr'>docet</span> <span class='ocrx_word' id='word_1_315' title='bbox 2299 1617 2531 1668; x_wconf 49' lang='lat' dir='ltr'>et‘audit</span> <span class='ocrx_word' id='word_1_316' title='bbox 2562 1636 2581 1669; x_wconf 75' lang='lat' dir='ltr'>t</span> 
     </span>
     <span class='ocr_line' id='line_1_63' title="bbox 1504 1686 2580 1753; baseline 0.005 -18"><span class='ocrx_word' id='word_1_317' title='bbox 1504 1700 1663 1737; x_wconf 90' lang='lat' dir='ltr'>nemo</span> <span class='ocrx_word' id='word_1_318' title='bbox 1711 1686 1860 1736; x_wconf 86' lang='lat' dir='ltr'>enim</span> <span class='ocrx_word' id='word_1_319' title='bbox 1910 1696 2083 1753; x_wconf 89' lang='lat' dir='ltr'>potest</span> <span class='ocrx_word' id='word_1_320' title='bbox 2142 1687 2199 1736; x_wconf 91' lang='lat' dir='ltr'>in</span> <span class='ocrx_word' id='word_1_321' title='bbox 2246 1689 2381 1739; x_wconf 78' lang='lat' dir='ltr'>valle</span> <span class='ocrx_word' id='word_1_322' title='bbox 2414 1698 2580 1751; x_wconf 87' lang='lat' dir='ltr'>stare,</span> 
     </span>
     <span class='ocr_line' id='line_1_64' title="bbox 1502 1757 2583 1823; baseline 0.005 -18"><span class='ocrx_word' id='word_1_323' title='bbox 1502 1766 1555 1806; x_wconf 90' lang='lat' dir='ltr'>et</span> <span class='ocrx_word' id='word_1_324' title='bbox 1603 1757 1670 1806; x_wconf 88' lang='lat' dir='ltr'>de</span> <span class='ocrx_word' id='word_1_325' title='bbox 1715 1766 1898 1806; x_wconf 88' lang='lat' dir='ltr'>monte</span> <span class='ocrx_word' id='word_1_326' title='bbox 1947 1757 2115 1823; x_wconf 90' lang='lat' dir='ltr'>loqui.</span> <span class='ocrx_word' id='word_1_327' title='bbox 2147 1757 2252 1808; x_wconf 91' lang='lat' dir='ltr'>Ubi</span> <span class='ocrx_word' id='word_1_328' title='bbox 2283 1768 2407 1820; x_wconf 89' lang='lat' dir='ltr'>stas,</span> <span class='ocrx_word' id='word_1_329' title='bbox 2449 1759 2583 1811; x_wconf 88' lang='lat' dir='ltr'>inde</span> 
     </span>
     <span class='ocr_line' id='line_1_65' title="bbox 1501 1829 2579 1896; baseline 0.006 -18"><span class='ocrx_word' id='word_1_330' title='bbox 1501 1829 1722 1895; x_wconf 85' lang='lat' dir='ltr'>loquere</span> <span class='ocrx_word' id='word_1_331' title='bbox 1731 1844 1747 1892; x_wconf 91' lang='lat'>;</span> <span class='ocrx_word' id='word_1_332' title='bbox 1773 1839 1864 1879; x_wconf 89' lang='lat' dir='ltr'>aut</span> <span class='ocrx_word' id='word_1_333' title='bbox 1890 1831 2034 1880; x_wconf 91' lang='lat' dir='ltr'>unde</span> <span class='ocrx_word' id='word_1_334' title='bbox 2072 1830 2330 1896; x_wconf 87' lang='lat' dir='ltr'>loqueris,</span> <span class='ocrx_word' id='word_1_335' title='bbox 2365 1831 2443 1881; x_wconf 92' lang='lat' dir='ltr'>ibi</span> <span class='ocrx_word' id='word_1_336' title='bbox 2471 1842 2579 1884; x_wconf 85' lang='lat' dir='ltr'>sta.</span> 
     </span>
    </p>
   </div>
   <div class='ocr_carea' id='block_1_5' title="bbox 1456 1900 2580 1970">
    <p class='ocr_par' dir='ltr' id='par_1_6' title="bbox 1456 1900 2580 1970">
     <span class='ocr_line' id='line_1_66' title="bbox 1456 1900 2580 1970; baseline 0.005 -20"><span class='ocrx_word' id='word_1_337' title='bbox 1456 1923 1469 1944; x_wconf 68' lang='lat' dir='ltr'>x</span> <span class='ocrx_word' id='word_1_338' title='bbox 1502 1900 1562 1950; x_wconf 89' lang='lat' dir='ltr'>Si</span> <span class='ocrx_word' id='word_1_339' title='bbox 1599 1900 1814 1951; x_wconf 85' lang='lat' dir='ltr'>animus</span> <span class='ocrx_word' id='word_1_340' title='bbox 1861 1912 1942 1952; x_wconf 90' lang='lat' dir='ltr'>est</span> <span class='ocrx_word' id='word_1_341' title='bbox 1990 1901 2048 1952; x_wconf 91' lang='lat' dir='ltr'>in</span> <span class='ocrx_word' id='word_1_342' title='bbox 2084 1911 2257 1963; x_wconf 88' lang='lat' dir='ltr'>terra,</span> <span class='ocrx_word' id='word_1_343' title='bbox 2298 1905 2580 1970; x_wconf 83' lang='lat' dir='ltr'>quomodo</span> 
     </span>
    </p>
   </div>
   <div class='ocr_carea' id='block_1_6' title="bbox 1502 1970 2582 3186">
    <p class='ocr_par' dir='ltr' id='par_1_7' title="bbox 1502 1970 2582 3186">
     <span class='ocr_line' id='line_1_67' title="bbox 1503 1970 2580 2038; baseline 0.005 -18"><span class='ocrx_word' id='word_1_344' title='bbox 1503 1970 1569 2021; x_wconf 90' lang='lat' dir='ltr'>de</span> <span class='ocrx_word' id='word_1_345' title='bbox 1600 1970 1732 2021; x_wconf 87' lang='lat' dir='ltr'>coelo</span> <span class='ocrx_word' id='word_1_346' title='bbox 1775 1971 2054 2038; x_wconf 80' lang='lat' dir='ltr'>loqueris?</span> <span class='ocrx_word' id='word_1_347' title='bbox 2101 1972 2157 2023; x_wconf 91' lang='lat' dir='ltr'>Si</span> <span class='ocrx_word' id='word_1_348' title='bbox 2204 1974 2272 2023; x_wconf 94' lang='lat' dir='ltr'>de</span> <span class='ocrx_word' id='word_1_349' title='bbox 2315 1975 2447 2025; x_wconf 87' lang='lat' dir='ltr'>coelo</span> <span class='ocrx_word' id='word_1_350' title='bbox 2485 1975 2580 2025; x_wconf 89' lang='lat' dir='ltr'>lo-</span> 
     </span>
     <span class='ocr_line' id='line_1_68' title="bbox 1504 2042 2582 2110; baseline 0.006 -19"><span class='ocrx_word' id='word_1_351' title='bbox 1504 2042 1704 2109; x_wconf 78' lang='lat' dir='ltr'>queriS,</span> <span class='ocrx_word' id='word_1_352' title='bbox 1732 2042 1790 2092; x_wconf 93' lang='lat' dir='ltr'>in</span> <span class='ocrx_word' id='word_1_353' title='bbox 1818 2044 1954 2093; x_wconf 90' lang='lat' dir='ltr'>coelo</span> <span class='ocrx_word' id='word_1_354' title='bbox 1984 2043 2232 2095; x_wconf 87' lang='lat' dir='ltr'>consiste.</span> <span class='ocrx_word' id='word_1_355' title='bbox 2261 2044 2326 2094; x_wconf 86' lang='lat' dir='ltr'>Et</span> <span class='ocrx_word' id='word_1_356' title='bbox 2352 2045 2399 2095; x_wconf 89' lang='lat' dir='ltr'>si</span> <span class='ocrx_word' id='word_1_357' title='bbox 2427 2046 2582 2110; x_wconf 83' lang='lat' dir='ltr'>justi-</span> 
     </span>
     <span class='ocr_line' id='line_1_69' title="bbox 1503 2112 2580 2182; baseline 0.003 -18"><span class='ocrx_word' id='word_1_358' title='bbox 1503 2114 1634 2164; x_wconf 89' lang='lat' dir='ltr'>tiam</span> <span class='ocrx_word' id='word_1_359' title='bbox 1663 2112 1832 2164; x_wconf 85' lang='lat' dir='ltr'>facere</span> <span class='ocrx_word' id='word_1_360' title='bbox 1862 2131 1973 2164; x_wconf 91' lang='lat' dir='ltr'>non</span> <span class='ocrx_word' id='word_1_361' title='bbox 2010 2115 2110 2176; x_wconf 78' lang='lat' dir='ltr'>viS,</span> <span class='ocrx_word' id='word_1_362' title='bbox 2139 2118 2415 2182; x_wconf 88' lang='lat' dir='ltr'>quomodo</span> <span class='ocrx_word' id='word_1_363' title='bbox 2452 2119 2580 2168; x_wconf 87' lang='lat' dir='ltr'>Ma-</span> 
     </span>
     <span class='ocr_line' id='line_1_70' title="bbox 1502 2186 2581 2258; baseline 0.006 -22"><span class='ocrx_word' id='word_1_364' title='bbox 1502 2186 1731 2254; x_wconf 88' lang='lat' dir='ltr'>gistrum</span> <span class='ocrx_word' id='word_1_365' title='bbox 1798 2187 2013 2255; x_wconf 83' lang='lat' dir='ltr'>justitiae</span> <span class='ocrx_word' id='word_1_366' title='bbox 2092 2186 2285 2242; x_wconf 78' lang='lat' dir='ltr'>audis?</span> <span class='ocrx_word' id='word_1_367' title='bbox 2364 2190 2581 2258; x_wconf 90' lang='lat' dir='ltr'>thuid</span> 
     </span>
     <span class='ocr_line' id='line_1_71' title="bbox 1505 2257 2581 2326; baseline 0.005 -18"><span class='ocrx_word' id='word_1_368' title='bbox 1505 2257 1819 2323; x_wconf 88' lang='lat' dir='ltr'>Magistrum</span> <span class='ocrx_word' id='word_1_369' title='bbox 1842 2275 2021 2320; x_wconf 85' lang='lat' dir='ltr'>vocas,</span> <span class='ocrx_word' id='word_1_370' title='bbox 2046 2262 2198 2326; x_wconf 86' lang='lat' dir='ltr'>cujus</span> <span class='ocrx_word' id='word_1_371' title='bbox 2222 2278 2332 2312; x_wconf 89' lang='lat' dir='ltr'>non</span> <span class='ocrx_word' id='word_1_372' title='bbox 2350 2277 2435 2312; x_wconf 66' lang='lat' dir='ltr'>ins</span> <span class='ocrx_word' id='word_1_373' title='bbox 2458 2277 2581 2313; x_wconf 89' lang='lat' dir='ltr'>esse</span> 
     </span>
     <span class='ocr_line' id='line_1_72' title="bbox 1504 2328 2580 2393; baseline 0.007 -16"><span class='ocrx_word' id='word_1_374' title='bbox 1504 2328 1832 2393; x_wconf 83' lang='lat' dir='ltr'>discipulus?</span> <span class='ocrx_word' id='word_1_375' title='bbox 1875 2348 1904 2376; x_wconf 71' lang='lat' dir='ltr'>n</span> <span class='ocrx_word' id='word_1_376' title='bbox 1981 2331 2133 2381; x_wconf 88' lang='lat' dir='ltr'>Unde</span> <span class='ocrx_word' id='word_1_377' title='bbox 2203 2332 2512 2383; x_wconf 82' lang='lat' dir='ltr'>Richardus</span> <span class='ocrx_word' id='word_1_378' title='bbox 2557 2351 2580 2385; x_wconf 73' lang='grc' dir='ltr'><em>τ</em></span> 
     </span>
     <span class='ocr_line' id='line_1_73' title="bbox 1507 2400 2577 2470; baseline 0.009 -25"><span class='ocrx_word' id='word_1_379' title='bbox 1507 2417 1536 2445; x_wconf 77' lang='grc' dir='ltr'>α</span> <span class='ocrx_word' id='word_1_380' title='bbox 1557 2400 1700 2460; x_wconf 83' lang='lat' dir='ltr'>Quia</span> <span class='ocrx_word' id='word_1_381' title='bbox 1712 2410 1889 2451; x_wconf 84' lang='lat' dir='ltr'>autem</span> <span class='ocrx_word' id='word_1_382' title='bbox 1917 2403 2172 2454; x_wconf 89' lang='lat' dir='ltr'>docturus</span> <span class='ocrx_word' id='word_1_383' title='bbox 2200 2404 2494 2470; x_wconf 87' lang='lat' dir='ltr'>discipulos</span> <span class='ocrx_word' id='word_1_384' title='bbox 2510 2403 2577 2455; x_wconf 88' lang='lat' dir='ltr'>in</span> 
     </span>
     <span class='ocr_line' id='line_1_74' title="bbox 1505 2473 2577 2540; baseline 0.005 -20"><span class='ocrx_word' id='word_1_385' title='bbox 1505 2479 1748 2521; x_wconf 86' lang='lat' dir='ltr'>montem</span> <span class='ocrx_word' id='word_1_386' title='bbox 1758 2473 2016 2534; x_wconf 91' lang='lat' dir='ltr'>ascendit,</span> <span class='ocrx_word' id='word_1_387' title='bbox 2028 2473 2130 2523; x_wconf 90' lang='lat' dir='ltr'>hoc</span> <span class='ocrx_word' id='word_1_388' title='bbox 2144 2475 2300 2524; x_wconf 90' lang='lat' dir='ltr'>nobis</span> <span class='ocrx_word' id='word_1_389' title='bbox 2311 2473 2577 2540; x_wconf 85' lang='lat' dir='ltr'>insinuat,</span> 
     </span>
     <span class='ocr_line' id='line_1_75' title="bbox 1506 2541 2577 2610; baseline 0.004 -19"><span class='ocrx_word' id='word_1_390' title='bbox 1506 2541 1654 2607; x_wconf 90' lang='lat' dir='ltr'>quod</span> <span class='ocrx_word' id='word_1_391' title='bbox 1695 2542 1792 2610; x_wconf 91' lang='lat' dir='ltr'>qui</span> <span class='ocrx_word' id='word_1_392' title='bbox 1832 2558 1994 2594; x_wconf 88' lang='lat' dir='ltr'>sacrae</span> <span class='ocrx_word' id='word_1_393' title='bbox 2044 2545 2302 2595; x_wconf 87' lang='lat' dir='ltr'>doctrinae</span> <span class='ocrx_word' id='word_1_394' title='bbox 2344 2545 2577 2596; x_wconf 82' lang='lat' dir='ltr'>verbum</span> 
     </span>
     <span class='ocr_line' id='line_1_76' title="bbox 1504 2612 2575 2683; baseline 0.004 -21"><span class='ocrx_word' id='word_1_395' title='bbox 1504 2612 1794 2678; x_wconf 88' lang='lat' dir='ltr'>dispensat,</span> <span class='ocrx_word' id='word_1_396' title='bbox 1823 2630 1934 2664; x_wconf 89' lang='lat' dir='ltr'>non</span> <span class='ocrx_word' id='word_1_397' title='bbox 1960 2615 2018 2665; x_wconf 91' lang='lat' dir='ltr'>in</span> <span class='ocrx_word' id='word_1_398' title='bbox 2035 2616 2173 2666; x_wconf 86' lang='lat' dir='ltr'>valle</span> <span class='ocrx_word' id='word_1_399' title='bbox 2198 2616 2346 2683; x_wconf 87' lang='lat' dir='ltr'>pravi</span> <span class='ocrx_word' id='word_1_400' title='bbox 2371 2617 2575 2681; x_wconf 77' lang='lat' dir='ltr'>operiS,</span> 
     </span>
     <span class='ocr_line' id='line_1_77' title="bbox 1506 2686 2578 2754; baseline 0.005 -19"><span class='ocrx_word' id='word_1_401' title='bbox 1506 2686 1688 2736; x_wconf 91' lang='lat' dir='ltr'>nonin</span> <span class='ocrx_word' id='word_1_402' title='bbox 1709 2702 1896 2754; x_wconf 88' lang='lat' dir='ltr'>campo</span> <span class='ocrx_word' id='word_1_403' title='bbox 1915 2689 2177 2740; x_wconf 85' lang='lat' dir='ltr'>effrenatae</span> <span class='ocrx_word' id='word_1_404' title='bbox 2196 2689 2578 2740; x_wconf 87' lang='lat' dir='ltr'>dissolutionis</span> 
     </span>
     <span class='ocr_line' id='line_1_78' title="bbox 1506 2757 2575 2823; baseline 0.003 -17"><span class='ocrx_word' id='word_1_405' title='bbox 1506 2757 1798 2807; x_wconf 90' lang='lat' dir='ltr'>consistere</span> <span class='ocrx_word' id='word_1_406' title='bbox 1844 2758 2056 2823; x_wconf 69' lang='lat' dir='ltr'>debeat3</span> <span class='ocrx_word' id='word_1_407' title='bbox 2094 2759 2187 2809; x_wconf 89' lang='lat' dir='ltr'>sed</span> <span class='ocrx_word' id='word_1_408' title='bbox 2226 2759 2285 2810; x_wconf 90' lang='lat' dir='ltr'>in</span> <span class='ocrx_word' id='word_1_409' title='bbox 2329 2770 2575 2809; x_wconf 87' lang='lat' dir='ltr'>montem</span> 
     </span>
     <span class='ocr_line' id='line_1_79' title="bbox 1504 2828 2578 2896; baseline 0.004 -19"><span class='ocrx_word' id='word_1_410' title='bbox 1504 2828 1803 2894; x_wconf 86' lang='lat' dir='ltr'>spiritualis</span> <span class='ocrx_word' id='word_1_411' title='bbox 1839 2830 2254 2881; x_wconf 90' lang='lat' dir='ltr'>conversationis</span> <span class='ocrx_word' id='word_1_412' title='bbox 2290 2846 2384 2896; x_wconf 91' lang='lat' dir='ltr'>per</span> <span class='ocrx_word' id='word_1_413' title='bbox 2418 2845 2578 2881; x_wconf 82' lang='lat' dir='ltr'>exer-</span> 
     </span>
     <span class='ocr_line' id='line_1_80' title="bbox 1506 2898 2576 2952; baseline 0.002 -3"><span class='ocrx_word' id='word_1_414' title='bbox 1506 2898 1631 2950; x_wconf 87' lang='lat' dir='ltr'>citia</span> <span class='ocrx_word' id='word_1_415' title='bbox 1667 2899 1929 2951; x_wconf 84' lang='lat' dir='ltr'>virtutum</span> <span class='ocrx_word' id='word_1_416' title='bbox 1960 2911 2012 2951; x_wconf 93' lang='lat' dir='ltr'>et</span> <span class='ocrx_word' id='word_1_417' title='bbox 2040 2901 2431 2952; x_wconf 84' lang='lat' dir='ltr'>exhibitionem</span> <span class='ocrx_word' id='word_1_418' title='bbox 2467 2901 2576 2952; x_wconf 91' lang='lat' dir='ltr'>bo-</span> 
     </span>
     <span class='ocr_line' id='line_1_81' title="bbox 1506 2973 2579 3037; baseline 0.004 -18"><span class='ocrx_word' id='word_1_419' title='bbox 1506 2985 1703 3020; x_wconf 88' lang='lat' dir='ltr'>norum</span> <span class='ocrx_word' id='word_1_420' title='bbox 1729 2986 1955 3037; x_wconf 89' lang='lat' dir='ltr'>operum</span> <span class='ocrx_word' id='word_1_421' title='bbox 1980 2973 2245 3036; x_wconf 88' lang='lat' dir='ltr'>ascendat,</span> <span class='ocrx_word' id='word_1_422' title='bbox 2279 2973 2416 3023; x_wconf 87' lang='lat' dir='ltr'>sicut</span> <span class='ocrx_word' id='word_1_423' title='bbox 2448 2973 2579 3023; x_wconf 88' lang='lat' dir='ltr'>scri-</span> 
     </span>
     <span class='ocr_line' id='line_1_82' title="bbox 1507 3044 2576 3112; baseline 0.003 -20"><span class='ocrx_word' id='word_1_424' title='bbox 1507 3052 1661 3108; x_wconf 88' lang='lat' dir='ltr'>ptum</span> <span class='ocrx_word' id='word_1_425' title='bbox 1707 3054 1784 3093; x_wconf 88' lang='lat' dir='ltr'>est</span> <span class='ocrx_word' id='word_1_426' title='bbox 1809 3046 2020 3112; x_wconf 82' lang='lat' dir='ltr'>:Super</span> <span class='ocrx_word' id='word_1_427' title='bbox 2046 3051 2269 3095; x_wconf 83' lang='lat' dir='ltr'>montem</span> <span class='ocrx_word' id='word_1_428' title='bbox 2297 3044 2576 3095; x_wconf 82' lang='lat' dir='ltr'>excelsum</span> 
     </span>
     <span class='ocr_line' id='line_1_83' title="bbox 1507 3117 2575 3186; baseline 0.001 -20"><span class='ocrx_word' id='word_1_429' title='bbox 1507 3117 1756 3182; x_wconf 79' lang='lat' dir='ltr'>ascende,</span> <span class='ocrx_word' id='word_1_430' title='bbox 1779 3124 1853 3182; x_wconf 77' lang='lat' dir='ltr'>tu,</span> <span class='ocrx_word' id='word_1_431' title='bbox 1880 3119 1972 3185; x_wconf 83' lang='lat' dir='ltr'>qui</span> <span class='ocrx_word' id='word_1_432' title='bbox 1992 3119 2342 3186; x_wconf 61' lang='lat' dir='ltr'>evangelizas</span> <span class='ocrx_word' id='word_1_433' title='bbox 2362 3119 2518 3170; x_wconf 83' lang='lat' dir='ltr'>Sion.</span> <span class='ocrx_word' id='word_1_434' title='bbox 2541 3138 2575 3167; x_wconf 69' lang='lat' dir='ltr'>n</span> 
     </span>
    </p>
   </div>
   <div class='ocr_carea' id='block_1_7' title="bbox 1311 3382 1585 3436">
    <p class='ocr_par' dir='ltr' id='par_1_8' title="bbox 1311 3382 1585 3436">
     <span class='ocr_line' id='line_1_84' title="bbox 1311 3382 1585 3436; baseline 0.004 -1"><span class='ocrx_word' id='word_1_435' title='bbox 1311 3382 1585 3436; x_wconf 68' lang='lat' dir='ltr'><strong>ORATIO</strong></span> 
     </span>
    </p>
   </div>
   <div class='ocr_carea' id='block_1_8' title="bbox 337 3544 2601 3690">
    <p class='ocr_par' dir='ltr' id='par_1_9' title="bbox 337 3544 2601 3690">
     <span class='ocr_line' id='line_1_85' title="bbox 337 3544 2601 3616; baseline 0.004 -21"><span class='ocrx_word' id='word_1_436' title='bbox 337 3579 342 3583; x_wconf 88' lang='lat'><em>-</em></span> <span class='ocrx_word' id='word_1_437' title='bbox 394 3544 630 3597; x_wconf 87' lang='lat' dir='ltr'>Domine</span> <span class='ocrx_word' id='word_1_438' title='bbox 653 3547 679 3598; x_wconf 88' lang='lat' dir='ltr'>J</span> <span class='ocrx_word' id='word_1_439' title='bbox 685 3560 778 3597; x_wconf 88' lang='lat' dir='ltr'>esu</span> <span class='ocrx_word' id='word_1_440' title='bbox 803 3545 1035 3614; x_wconf 82' lang='lat' dir='ltr'>Christe,</span> <span class='ocrx_word' id='word_1_441' title='bbox 1063 3549 1159 3616; x_wconf 89' lang='lat' dir='ltr'>qui</span> <span class='ocrx_word' id='word_1_442' title='bbox 1179 3560 1403 3616; x_wconf 89' lang='lat' dir='ltr'>propter</span> <span class='ocrx_word' id='word_1_443' title='bbox 1428 3549 1857 3604; x_wconf 70' lang='lat' dir='ltr'>inaestimabilem</span> <span class='ocrx_word' id='word_1_444' title='bbox 1887 3551 2310 3605; x_wconf 87' lang='lat' dir='ltr'>misericordiam</span> <span class='ocrx_word' id='word_1_445' title='bbox 2330 3564 2483 3605; x_wconf 87' lang='lat' dir='ltr'>tuam</span> <span class='ocrx_word' id='word_1_446' title='bbox 2512 3555 2574 3605; x_wconf 86' lang='lat' dir='ltr'>in</span> <span class='ocrx_word' id='word_1_447' title='bbox 2596 3564 2601 3570; x_wconf 86' lang='grc'><em>·</em></span> 
     </span>
     <span class='ocr_line' id='line_1_86' title="bbox 337 3618 2575 3690; baseline 0.005 -25"><span class='ocrx_word' id='word_1_448' title='bbox 337 3618 610 3666; x_wconf 83' lang='lat' dir='ltr'>mundum</span> <span class='ocrx_word' id='word_1_449' title='bbox 632 3618 849 3678; x_wconf 81' lang='lat' dir='ltr'>venisti,</span> <span class='ocrx_word' id='word_1_450' title='bbox 892 3627 953 3668; x_wconf 91' lang='lat' dir='ltr'>ut</span> <span class='ocrx_word' id='word_1_451' title='bbox 981 3630 1276 3685; x_wconf 88' lang='lat' dir='ltr'>peccatores</span> <span class='ocrx_word' id='word_1_452' title='bbox 1302 3622 1370 3672; x_wconf 88' lang='lat' dir='ltr'>ab</span> <span class='ocrx_word' id='word_1_453' title='bbox 1402 3624 1675 3675; x_wconf 90' lang='lat' dir='ltr'>erroribus</span> <span class='ocrx_word' id='word_1_454' title='bbox 1705 3625 1770 3676; x_wconf 87' lang='lat' dir='ltr'>ad</span> <span class='ocrx_word' id='word_1_455' title='bbox 1798 3624 2166 3690; x_wconf 88' lang='lat' dir='ltr'>poenitentiam</span> <span class='ocrx_word' id='word_1_456' title='bbox 2192 3641 2486 3687; x_wconf 81' lang='lat' dir='ltr'>revocareS,</span> <span class='ocrx_word' id='word_1_457' title='bbox 2519 3636 2575 3678; x_wconf 87' lang='lat' dir='ltr'>et</span> 
     </span>
    </p>
   </div>
   <div class='ocr_carea' id='block_1_9' title="bbox 332 3689 2574 3912">
    <p class='ocr_par' dir='ltr' id='par_1_10' title="bbox 332 3689 2574 3912">
     <span class='ocr_line' id='line_1_87' title="bbox 337 3689 2574 3766; baseline 0.006 -27"><span class='ocrx_word' id='word_1_458' title='bbox 337 3702 403 3739; x_wconf 77' lang='lat' dir='ltr'>ex</span> <span class='ocrx_word' id='word_1_459' title='bbox 430 3689 519 3740; x_wconf 87' lang='lat' dir='ltr'>his</span> <span class='ocrx_word' id='word_1_460' title='bbox 547 3692 895 3758; x_wconf 86' lang='lat' dir='ltr'>quamplures</span> <span class='ocrx_word' id='word_1_461' title='bbox 943 3693 1193 3760; x_wconf 85' lang='lat' dir='ltr'>dignatus</span> <span class='ocrx_word' id='word_1_462' title='bbox 1220 3710 1277 3745; x_wconf 90' lang='lat' dir='ltr'>es</span> <span class='ocrx_word' id='word_1_463' title='bbox 1316 3696 1511 3763; x_wconf 84' lang='lat' dir='ltr'>eligere</span> <span class='ocrx_word' id='word_1_464' title='bbox 1549 3698 1609 3748; x_wconf 91' lang='lat' dir='ltr'>in</span> <span class='ocrx_word' id='word_1_465' title='bbox 1649 3707 1775 3748; x_wconf 87' lang='lat' dir='ltr'>tuos</span> <span class='ocrx_word' id='word_1_466' title='bbox 1822 3698 2131 3750; x_wconf 88' lang='lat' dir='ltr'>secretarios</span> <span class='ocrx_word' id='word_1_467' title='bbox 2172 3708 2223 3750; x_wconf 90' lang='lat' dir='ltr'>et</span> <span class='ocrx_word' id='word_1_468' title='bbox 2271 3698 2574 3766; x_wconf 87' lang='lat' dir='ltr'>discipulos</span> 
     </span>
     <span class='ocr_line' id='line_1_88' title="bbox 332 3762 2573 3837; baseline 0.004 -26"><span class='ocrx_word' id='word_1_469' title='bbox 332 3762 605 3828; x_wconf 79' lang='lat' dir='ltr'>specialeS,</span> <span class='ocrx_word' id='word_1_470' title='bbox 635 3778 841 3826; x_wconf 78' lang='lat' dir='ltr'>revoca,</span> <span class='ocrx_word' id='word_1_471' title='bbox 873 3765 1179 3818; x_wconf 84' lang='lat' dir='ltr'>misericors</span> <span class='ocrx_word' id='word_1_472' title='bbox 1205 3768 1371 3832; x_wconf 79' lang='lat' dir='ltr'>DeuS,</span> <span class='ocrx_word' id='word_1_473' title='bbox 1400 3786 1487 3821; x_wconf 92' lang='lat' dir='ltr'>me</span> <span class='ocrx_word' id='word_1_474' title='bbox 1510 3771 1767 3821; x_wconf 89' lang='lat' dir='ltr'>miserum</span> <span class='ocrx_word' id='word_1_475' title='bbox 1789 3781 2120 3837; x_wconf 90' lang='lat' dir='ltr'>peccatorem</span> <span class='ocrx_word' id='word_1_476' title='bbox 2140 3782 2426 3834; x_wconf 90' lang='lat' dir='ltr'>errantem,</span> <span class='ocrx_word' id='word_1_477' title='bbox 2459 3787 2573 3822; x_wconf 88' lang='lat' dir='ltr'>am-</span> 
     </span>
     <span class='ocr_line' id='line_1_89' title="bbox 335 3835 2569 3912; baseline 0.006 -28"><span class='ocrx_word' id='word_1_478' title='bbox 335 3835 560 3898; x_wconf 77' lang='lat' dir='ltr'>plectere</span> <span class='ocrx_word' id='word_1_479' title='bbox 582 3838 911 3901; x_wconf 85' lang='lat' dir='ltr'>redeuntem,</span> <span class='ocrx_word' id='word_1_480' title='bbox 935 3840 1175 3894; x_wconf 87' lang='lat' dir='ltr'>conforta</span> <span class='ocrx_word' id='word_1_481' title='bbox 1204 3841 1495 3907; x_wconf 87' lang='lat' dir='ltr'>dolentem,</span> <span class='ocrx_word' id='word_1_482' title='bbox 1522 3843 1728 3896; x_wconf 85' lang='lat' dir='ltr'>instrue</span> <span class='ocrx_word' id='word_1_483' title='bbox 1764 3843 2118 3912; x_wconf 87' lang='lat' dir='ltr'>ignorantem,</span> <span class='ocrx_word' id='word_1_484' title='bbox 2138 3860 2198 3897; x_wconf 91' lang='lat' dir='ltr'>ac</span> <span class='ocrx_word' id='word_1_485' title='bbox 2216 3844 2433 3898; x_wconf 88' lang='lat' dir='ltr'>tandem</span> <span class='ocrx_word' id='word_1_486' title='bbox 2459 3861 2569 3907; x_wconf 90' lang='lat' dir='ltr'>me,</span> 
     </span>
    </p>
   </div>
  </div>
 </body>
</html>
