2784 4452
631 310 724 360 DE
756 309 1376 362 PRAESENTATIONE
1407 310 1664 364 DOMINI
1696 311 1767 361 IN
1803 310 2166 366 TEMPLUM.

274 440 425 495 ptem
475 427 684 486 diebus,
725 437 966 492 separata
1003 440 1034 477 a
1075 426 1347 477 consortio

270 500 590 559 hominum,
635 508 687 547 et
730 495 799 547 ab
846 497 1095 563 ingressu
1137 496 1346 563 templi,

272 581 329 621 et
367 585 400 620 a
434 578 579 620 tactu
613 582 908 628 sacrorum,
944 577 997 617 et
1041 567 1129 618 die
1164 577 1349 618 octavo

273 637 749 691 circumcideretur
789 637 1118 698 infantuluS,
1149 647 1202 687 et
1234 638 1350 703 ipsa

272 713 501 781 quidem
564 711 771 762 munda
815 709 1113 762 efficeretur
1171 713 1349 778 quoad

273 782 618 834 consortium
670 780 978 842 hominum,
1035 782 1129 832 sed
1172 780 1352 832 adhuc

273 870 448 905 xxxm
477 852 669 903 diebus
693 852 981 902 immunda
1003 862 1145 903 esset
1170 853 1371 919 quoad,

273 926 588 990 ingressum
626 922 815 988 templi
857 933 910 973 et
940 932 1143 973 tactum
1171 939 1351 974 sacro-

274 1012 435 1059 rum;
463 1006 516 1046 et
533 995 622 1048 his
641 996 834 1046 diebus
850 1011 964 1045 non
984 995 1179 1045 licebat
1203 1010 1353 1062 egre-

277 1067 335 1118 di
368 1068 553 1127 domo,
583 1075 682 1116 etc.
718 1064 1016 1131 Completis
1045 1080 1215 1116 xxxm
1246 1065 1354 1116 die-

277 1139 384 1188 bus
406 1153 532 1188 cum
569 1146 775 1202 septem
812 1137 1256 1202 praecedentibuS,
1285 1152 1352 1188 ex

274 1221 411 1261 tunc
456 1208 868 1276 quadragesima
899 1208 987 1259 die
1028 1209 1227 1260 mulier
1257 1211 1352 1260 in—

272 1281 454 1333 trabat
480 1280 765 1347 templum,
785 1290 839 1331 et
863 1282 1220 1346 praesentabat
1249 1296 1352 1332 na-

272 1363 397 1403 tum
440 1367 691 1419 puerum,
715 1353 953 1403 Domino
993 1351 1227 1403 offerens
1259 1367 1352 1403 sa·-

272 1423 482 1475 crificia
527 1439 625 1490 pro
676 1420 735 1474 se
790 1434 846 1475 et
906 1440 1004 1491 pro
1053 1440 1239 1490 puero,
1292 1425 1349 1474 Si

279 1506 467 1546 autem
504 1496 765 1547 feminam
812 1496 1126 1563 peperisset,
1165 1494 1352 1561 dupli-

275 1566 543 1617 cabantur
578 1566 696 1617 dies
727 1567 904 1634 quoad
943 1567 1216 1617 consortia
1255 1566 1354 1617 ho·

278 1638 530 1699 minum,
580 1649 633 1689 et
674 1640 852 1706 quoad
902 1638 1091 1704 templi
1137 1638 1353 1705 ingres-

274 1725 422 1760 sum.
448 1710 615 1760 Aliud
643 1722 755 1762 erat
777 1720 1105 1777 praeceptum
1127 1710 1356 1775 speciale

274 1782 349 1831 de
374 1781 773 1848 primogeniti&
803 1792 914 1834 tam
943 1782 1003 1832 in
1031 1781 1355 1833 hominibus

278 1867 448 1917 quam
489 1852 548 1902 in
592 1852 872 1918 jumentiS,
915 1863 977 1903 ut
1013 1863 1197 1905 sancta
1236 1852 1354 1903 Do·-

278 1922 437 1972 mino
476 1920 684 1985 fierent,
719 1923 850 1990 quia
887 1923 1125 1975 Domino
1157 1938 1353 1975 conse-

276 2003 422 2043 crata
473 2002 641 2044 erant.
697 1994 779 2044 Ex
826 2009 891 2045 eo
948 2003 1194 2060 tempore
1241 2009 1353 2061 quo

276 2062 645 2129 primogenita
672 2063 1055 2131 AEgyptiorum
1082 2064 1354 2116 Dominus

278 2133 585 2197 interfecit,
654 2133 799 2186 filios
875 2136 1036 2186 Israel
1100 2136 1350 2198 salvam,

273 2208 466 2258 omnia
508 2206 872 2275 primogenita
915 2208 1155 2261 filiorum
1193 2211 1352 2263 Israel

274 2278 384 2328 sibi
412 2277 724 2342 vindicavit,
757 2279 974 2347 sibique
1005 2280 1185 2332 offerri
1222 2298 1353 2347 prae-

274 2347 441 2414 cepit.
466 2347 615 2400 Sicut
645 2347 795 2399 enim
822 2350 996 2401 voluit
1029 2350 1137 2401 sibi
1170 2351 1351 2402 offerri

275 2417 553 2484 primitias
586 2418 882 2482 fructuum,
926 2422 1004 2472 ita
1046 2431 1100 2472 et
1139 2421 1352 2489 primo-

275 2491 461 2557 genita
507 2492 822 2555 hominum,
860 2503 914 2544 et
950 2494 1186 2547 aliorum
1226 2496 1351 2547 ani-

276 2563 510 2614 malium
531 2565 881 2616 mundorum.
909 2566 1013 2616 Sed
1038 2582 1205 2634 quare
1227 2568 1350 2629 hoc,

278 2634 389 2685 nisi
434 2644 497 2686 ut
542 2635 732 2686 omnia
778 2635 984 2701 prima,
1022 2646 1077 2688 et
1116 2637 1353 2688 maxime

273 2705 468 2756 omnia
517 2705 744 2756 meliora
783 2716 841 2758 et
873 2706 1078 2758 cariora
1113 2708 1351 2760 Domino

272 2773 608 2827 offeramus?

344 2835 379 2895 3
455 2846 712 2907 Qumous
781 2863 1043 2902 antonus
1114 2826 1381 2902 noman*

280 2932 428 2975 Quas
465 2919 733 2971 emus-rus
765 2935 1107 2971 riu-smum
1137 2936 1352 2974 voLurr.

278 3017 341 3026 —
384 2990 527 3050 Quia
564 3007 693 3058 ergo
724 2991 979 3043 Christus
1024 3008 1089 3044 ex
1129 2992 1356 3046 muliere

280 3071 475 3122 natus,
515 3072 567 3113 et
603 3062 1026 3129 primogenitus,
1074 3064 1180 3114 sub
1214 3064 1357 3132 Lege

266 3130 397 3186 fieri
419 3133 613 3195 voluit,
644 3133 760 3184 haec
777 3134 887 3184 duo
911 3134 1191 3199 praemissa
1221 3136 1358 3186 circa

282 3218 411 3254 eum
433 3204 714 3256 observata
740 3204 976 3257 fuerunt.
999 3206 1123 3258 Non
1150 3205 1359 3257 suffecit

287 3275 552 3340 magistro
581 3275 908 3327 humilitatis
938 3276 1201 3342 perfectae,
1230 3291 1357 3328 cum

286 3363 387 3413 per
442 3349 629 3400 omnia
679 3348 822 3400 Patri
873 3350 1162 3417 coaequalis
1199 3362 1358 3413 esset,

286 3434 347 3469 se
387 3421 620 3471 subdere
655 3420 854 3471 humili
882 3420 1118 3488 Virgini,
1162 3422 1269 3473 nisi
1309 3433 1361 3474 et

284 3490 545 3541 subderet
574 3506 633 3541 se
656 3490 806 3557 Legi.
833 3490 951 3542 Hoc
980 3501 1159 3542 autem
1185 3493 1360 3559 pluri-

288 3560 394 3609 bus
429 3560 496 3611 de
537 3560 714 3612 causis
742 3560 868 3612 fecit
903 3578 920 3612 ι
951 3561 1148 3627 prim0,
1181 3572 1243 3613 ut
1262 3579 1363 3614 ve-

283 3640 457 3682 terem
495 3630 695 3697 Legem
729 3632 1070 3699 approbaret;
1105 3634 1360 3695 secundo,

283 3711 349 3751 ut
412 3717 531 3753 eam
586 3704 849 3754 servando
895 3704 953 3754 in
1008 3704 1362 3772 semetipsum

282 3784 697 3825 consummaret
725 3785 777 3825 et
819 3774 1150 3836 terminaret,
1176 3786 1362 3826 osten-

298 3842 433 3894 dens
471 3859 537 3895 ex
565 3845 672 3896 hoc
714 3847 860 3912 quod
897 3847 963 3898 ad
1011 3846 1192 3912 ipsum
1227 3846 1366 3897 ordi-

297 3923 424 3965 nata
488 3925 628 3981 erat;
682 3916 871 3979 tertio,
922 3927 986 3968 ut
1032 3916 1233 3971 Judaeis
1288 3932 1367 3969 ca·

2423 312 2517 362 115

1453 427 1758 478 lumniandi
1792 427 2130 477 occasionem
2159 428 2522 493 subtraheret3

1453 508 1662 564 quart0,
1685 508 1745 549 ut
1764 497 2019 548 homines
2037 512 2069 547 a
2087 499 2344 549 servitute
2364 499 2525 565 Legis

1452 570 1730 632 liberaret3
1762 567 1975 635 quint0‚
2001 577 2062 618 ut
2088 569 2392 634 exemplum
2412 568 2525 619 hu-

1453 639 1701 692 militatis
1737 650 1789 690 et
1813 638 2133 690 obedientiae
2162 638 2319 689 nobis
2354 641 2522 691 daret.

1515 727 1554 777 4
1576 711 1704 761 Ιτειι
1732 725 1980 768 qumque
2008 724 2266 760 amorius
2291 724 2526 760 norrun

1456 797 1595 840 Quas
1623 783 1804 832 Mum
1831 792 2230 830 PURIFICATloNI
2262 794 2411 830 sunm
2440 796 2529 831 vo·

1454 867 1599 902 Lmr.
1637 880 1700 890 —
1734 851 1996 911 Quamvis
2029 850 2193 902 etiam
2236 850 2387 900 beata
2410 850 2528 901 Vir·

1455 937 1524 988 go
1547 922 1614 972 ad
1644 922 1843 987 Legem
1872 921 2166 971 mulierum
2191 935 2303 969 non
2328 929 2529 971 tenere-

1455 1002 1570 1053 tur,
1619 1006 1717 1042 nec
1763 988 2037 1057 purificari
2079 989 2363 1056 indigeret,
2398 989 2526 1056 quia

1458 1077 1568 1111 non
1611 1060 1852 1126 concepit
1880 1069 2129 1126 suscepto
2169 1059 2395 1121 semine,
2433 1061 2527 1110 sed

1456 1131 1692 1198 Spiritus
1723 1130 1902 1182 Sancti
1941 1130 2171 1198 mystico
2212 1129 2526 1196 spiramine,

1454 1201 1631 1253 voluit
1688 1211 1870 1252 tamen
1920 1201 2083 1252 subdi
2143 1199 2527 1266 purificationi,

1456 1281 1676 1338 propter
1710 1271 1893 1338 plures
1925 1271 2179 1322 rationeS.
2237 1270 2433 1330 Prima,
2468 1281 2529 1321 ut

1457 1357 1516 1392 se
1557 1342 1618 1392 in
1662 1341 1767 1392 hoc
1790 1340 1912 1392 aliis
1957 1340 2282 1391 mulieribus
2326 1338 2531 1390 confor-

1458 1421 1652 1473 maret,
1702 1410 1846 1462 sicut
1892 1420 1944 1461 et
1988 1410 2162 1461 Filius
2209 1425 2304 1475 per
2348 1409 2534 1461 omnia

1458 1481 1717 1532 fratribus
1782 1479 2073 1531 assimilari
2126 1481 2316 1532 voluit.
2375 1480 2534 1532 Unde

1459 1552 1778 1606 Ber-nardus
1827 1569 1847 1603 .-
1891 1570 1921 1599 «
1968 1551 2108 1601 Vere
2160 1551 2311 1602 beata
2365 1551 2534 1617 Virgo

1460 1640 1571 1674 non
1613 1624 1783 1674 habes
1822 1639 2059 1683 causam,
2111 1637 2210 1673 nec
2255 1622 2355 1673 tibi
2396 1638 2536 1689 opus

1459 1705 1540 1746 est
1560 1693 1951 1762 purificatione.
1974 1694 2078 1744 Sed
2101 1693 2372 1760 numquid
2392 1692 2536 1744 Filio

1457 1776 1553 1817 tuo
1599 1780 1737 1832 opus
1772 1773 1885 1816 erat
1915 1762 2364 1840 circumcisione?
2405 1763 2536 1814 Esto

1460 1838 1600 1890 inter
1639 1837 1894 1889 mulieres
1937 1848 2198 1904 tanquam
2255 1851 2364 1887 una
2407 1835 2534 1887 illa-

1459 1928 1602 1976 rum,
1634 1927 1761 1962 nam
1791 1921 1844 1963 et
1866 1911 2042 1963 Filius
2074 1920 2202 1961 tuus
2242 1909 2321 1961 sic
2351 1919 2431 1961 est
2470 1908 2531 1960 in

1458 1981 1641 2033 medio
1667 1997 1979 2047 puerorum.
2004 2000 2033 2028 »
2062 2008 2123 2017 —
2147 1979 2409 2040 Secunda,
2439 1993 2530 2030 se-

1458 2054 1697 2107 cundum
1723 2053 1949 2116 Bedam,
1977 2051 2118 2104 sicut
2145 2051 2416 2112 Christus,
2452 2050 2531 2101 sic

1456 2137 1511 2178 et
1532 2128 1686 2177 beata
1708 2125 1877 2191 Virgo
1900 2125 2034 2190 Legi
2065 2133 2145 2174 est
2171 2133 2363 2188 sponte
2392 2122 2529 2173 sub-

1454 2197 1603 2263 jecta,
1633 2206 1698 2247 ut
1736 2211 1837 2247 nos
1862 2210 1896 2247 a
1919 2193 2081 2260 Legis
2103 2192 2320 2245 vinculo
2351 2192 2531 2244 solve-

1455 2284 1657 2321 remur.
1703 2295 1767 2307 —
1818 2266 2029 2328 Tertia,
2077 2275 2138 2315 ut
2193 2262 2531 2315 occasionem

1454 2338 1691 2391 scandali
1727 2336 1937 2399 vitaret,
1966 2336 2213 2387 nondum
2242 2335 2391 2386 enim
2420 2345 2531 2387 erat

1457 2424 1649 2464 notum
1712 2412 1888 2479 ipsam
1942 2410 2064 2461 sine
2111 2409 2319 2460 semine
2366 2423 2532 2475 pepe-

1456 2485 1616 2549 risse;
1646 2484 1792 2535 unde
1820 2484 1866 2534 si
1898 2499 2010 2533 non
2039 2482 2376 2532 observasset
2417 2479 2535 2531 dies

1457 2555 1848 2624 purificationis
1883 2549 2040 2616 suae,
2090 2552 2283 2603 fuisset
2335 2549 2536 2602 Judaeis

1456 2626 1664 2681 occasio
1704 2625 1956 2687 scandali,
1993 2633 2048 2675 et
2084 2620 2537 2673 murmurationis

1456 2710 1641 2752 contra
1663 2700 1856 2766 ipsam.
1890 2724 1955 2735 ·-
1989 2696 2209 2756 Quarta,
2246 2704 2308 2745 ut
2337 2693 2534 2759 Legem

1457 2771 1851 2840 purificationis
1890 2768 2226 2828 terminaret,
2253 2765 2538 2817 advenien-

1456 2854 1511 2894 te
1558 2842 1762 2894 scilicet
1805 2839 2043 2900 Christo,
2087 2837 2185 2905 qui
2224 2846 2305 2888 est
2353 2845 2539 2887 nostra

1459 2912 1777 2981 purificatio,
1826 2928 1922 2978 per
1967 2910 2133 2961 fidem
2182 2925 2285 2960 nos
2343 2907 2538 2975 purifi-

1460 3001 1604 3038 cans.
1647 3014 1709 3024 —
1755 2985 1989 3047 Quinta,
2032 2993 2094 3033 ut
2138 2982 2298 3032 nobis
2352 2997 2540 3033 exem-

1462 3058 1614 3123 plum
1660 3054 1989 3107 humilitatis
2035 3054 2201 3105 daret.
2243 3052 2383 3103 Nam
2429 3052 2541 3102 hu·

1463 3127 1695 3179 miliavit
1748 3142 1806 3177 se
1848 3125 2012 3177 etiam
2055 3125 2112 3175 in
2161 3124 2249 3176 his
2301 3124 2366 3174 ad
2421 3137 2542 3189 quae

1465 3217 1576 3252 non
1605 3201 1906 3262 tenebatur,
1937 3209 1999 3251 ut
2031 3198 2397 3250 humilitatem
2435 3197 2541 3247 do-

1464 3282 1604 3323 ceret
1651 3289 1665 3324 t
1722 3281 1784 3323 ut
1838 3272 1986 3323 enim
2057 3272 2227 3321 Mater
2296 3267 2544 3319 Doctoris

1464 3341 1715 3392 omnium
1764 3352 1816 3393 et
1854 3340 1972 3408 ipsa
2012 3338 2234 3391 Doctrix
2272 3337 2542 3397 existeret,

1466 3428 1590 3462 curn
1626 3429 1736 3463 non
1765 3421 1945 3479 posset
1971 3419 2189 3477 propter
2216 3422 2405 3457 sexum
2437 3421 2543 3472 pu-

1467 3485 1608 3538 blice
1638 3487 1829 3538 docere
1854 3486 2040 3546 verbo,
2066 3484 2190 3535 ideo
2229 3481 2403 3533 voluit
2441 3480 2546 3532 do·-

1466 3576 1585 3613 cere
1613 3562 1877 3628 exemp10.

1535 3632 1564 3685 5
1610 3633 1785 3684 Husus
1811 3647 2050 3683 πῖθι-επακ
2076 3645 2300 3681 mom.
2343 3653 2403 3664 —-
2443 3626 2549 3677 Ma-

1467 3707 1548 3758 ria
1573 3704 1744 3772 igitur
1770 3703 1895 3754 licet
1917 3701 2290 3768 purificatione
2320 3714 2431 3748 non
2467 3698 2550 3748 in·

1466 3778 1689 3844 digeret,
1725 3773 2151 3841 purificationem
2191 3780 2371 3821 tamen
2415 3785 2543 3836 per·

1468 3862 1623 3914 agere
1651 3846 1840 3906 voluit,
1873 3843 2001 3910 quia
2024 3841 2210 3893 omnia
2236 3856 2357 3908 quae
2388 3840 2549 3908 Legis

1471 3927 1627 3971 erant
1669 3914 2088 3982 diligentissime
2129 3911 2460 3973 observabat,
2495 3920 2548 3961 et
