2784 4452
460 355 554 406 DE
585 353 1022 406 TESTIMONIO
1058 351 1348 405 JOANNIS
1377 353 1473 404 DE
1504 351 1809 405 CHRISTO
1842 351 1959 402 DEI
1990 350 2207 402 AGNO.

225 472 392 534 dum;
425 481 476 520 et
505 469 705 520 ferebat
728 470 958 520 Joannes
985 469 1050 518 de
1072 468 1289 520 Christo

225 544 427 610 pluries
470 542 875 602 testimonium,
914 551 975 592 ut
1027 540 1291 593 efficacius

223 626 364 667 esset
391 615 592 683 pluries
615 617 801 665 latum.

284 700 323 750 4
352 685 582 735 lomnes
615 698 828 733 naam-r
856 698 915 733 sa
941 693 1145 732 vxmssz
1179 678 1290 728 Sm-

222 773 394 807 nrruu
421 758 669 807 SAac-run
697 769 1102 806 bissenum-:urnis
1126 767 1290 802 suren

223 827 580 879 Cautsruu.—-
593 827 798 877 Deinde
833 841 958 891 ergo
993 838 1182 874 rursus
1223 828 1291 872 te-

222 898 526 948 stimonium
563 896 857 963 perhibuit,
904 895 1128 945 dicens.-
1163 891 1286 958 quia

224 970 337 1021 vidi
358 971 622 1037 Spiritum
667 972 924 1021 Sanctum
963 966 1286 1018 descenden-

225 1048 326 1093 tem
368 1043 553 1108 quasi,
611 1053 662 1092 et
701 1048 849 1103 vere,
885 1040 1179 1092 columbam
1221 1038 1288 1088 de

221 1114 375 1177 coe10‚
403 1122 453 1165 et
475 1115 676 1165 mansit
702 1131 760 1165 ac
790 1114 926 1165 sedit
947 1126 1111 1178 super
1131 1126 1245 1162 eum
1267 1127 1286 1160 .-

220 1184 324 1235 hoc
358 1184 462 1235 fuit
498 1186 713 1250 quando
745 1186 979 1235 Joannes
1013 1198 1140 1233 eum
1186 1183 1286 1233 ba-

219 1257 455 1323 ptizavit.
481 1259 542 1308 In
571 1274 632 1308 eo
657 1258 856 1308 mansit
882 1256 1127 1322 Spiritus
1149 1255 1286 1306 San·

218 1336 365 1392 ctuS,
391 1330 552 1381 etiam
588 1347 653 1381 ex
691 1346 800 1397 quo
837 1338 1127 1394 conceptus
1171 1337 1278 1387 est,

220 1417 332 1452 non
361 1403 536 1454 solum
569 1403 894 1468 baptizatus;
926 1401 984 1451 in
1007 1400 1128 1451 aliis
1157 1414 1282 1449 vero

217 1474 545 1539 quandoque
574 1473 749 1533 venit,
791 1483 840 1523 et
879 1488 972 1538 per
1010 1480 1282 1537 peccatum

218 1543 433 1594 recedit.
471 1544 621 1594 Unde
659 1544 769 1594 Chr
815 1549 1082 1594 sostomus
1115 1559 1132 1592 .-
1163 1559 1190 1587 α
1221 1542 1280 1591 In

218 1611 438 1663 Christo
474 1612 707 1678 Spiritus
784 1622 972 1662 anctus
1006 1608 1281 1660 descendit

215 1691 270 1731 et
300 1681 611 1746 permansit,
633 1691 868 1732 ceterum
890 1681 947 1731 in
962 1679 1281 1730 hominibus

213 1752 490 1804 descendit
517 1754 734 1820 quidem
754 1793 767 1814 ,
798 1753 890 1804 sed
921 1769 1031 1805 non
1065 1767 1279 1818 perma-

216 1836 343 1889 net;
375 1829 590 1893 quando
620 1828 766 1878 enim
794 1826 1092 1885 irascimur,
1114 1842 1279 1892 quan-

213 1899 284 1949 do
333 1899 697 1962 detrahimus,
739 1900 955 1968 quando
1003 1899 1276 1949 tristitiam

214 1969 482 2020 habemus
527 1987 647 2037 quae
698 1971 844 2021 ducit
894 1971 959 2020 ad
1015 1982 1241 2020 mortem
1263 2009 1278 2030 ,

212 2041 431 2107 quando
478 2041 777 2107 cogitamus
837 2057 896 2091 ea
938 2057 1058 2109 quae
1103 2041 1280 2092 carnis

212 2123 357 2173 sunt,
379 2123 629 2181 putamus
650 2114 777 2181 quia
795 2114 1027 2180 Spiritus
1055 2115 1282 2164 Sanctus

213 2201 326 2236 non
361 2198 635 2254 permanet
664 2187 719 2237 in
751 2186 926 2239 nobis.
965 2187 1021 2238 Si
1062 2188 1279 2255 quando

213 2271 341 2322 ergo
373 2258 500 2307 boni
535 2257 739 2323 aliquid
775 2257 1101 2323 cogitamuS,
1138 2258 1280 2308 scia-

212 2341 338 2376 mus
379 2327 508 2393 quia
535 2328 768 2392 Spiritus
811 2329 1034 2378 Sanctus
1072 2328 1280 2380 habitat

211 2396 269 2447 in
300 2397 458 2447 nobis
477 2413 492 2461 ;
543 2398 587 2447 si
622 2413 746 2447 vero
779 2398 982 2463 aliquid
1012 2398 1161 2459 mali,
1197 2399 1281 2450 si·-

207 2482 378 2532 gnum
432 2477 513 2518 est
563 2468 708 2532 quod
759 2467 992 2533 Spiritus
1052 2470 1279 2520 Sanctus

210 2537 428 2588 recessit
460 2553 490 2587 a
520 2538 677 2588 nobis
707 2555 720 2588 :
748 2558 774 2585 n
811 2540 923 2590 haec
954 2538 1281 2606 Chrysosto-

208 2622 347 2658 mus,
365 2608 633 2668 Quamdiu
661 2610 884 2674 spiritus
912 2620 1093 2661 manet
1112 2611 1279 2662 inclu-

208 2693 304 2729 sus
328 2678 385 2728 in
405 2694 640 2745 corpore,
663 2681 910 2746 quamvis
929 2697 1121 2747 corpus
1141 2682 1274 2734 illud

205 2747 280 2799 sit
306 2748 362 2797 in
392 2765 547 2815 aqua,
579 2750 713 2800 bene
742 2761 914 2816 potest
943 2750 1196 2803 fluctibus
1223 2763 1276 2804 et

205 2820 371 2870 undis
403 2821 610 2886 agitari,
641 2838 916 2888 nunquam
947 2834 1126 2875 tamen
1149 2826 1273 2876 sub⁴

205 2892 487 2959 mergitur,
522 2895 613 2944 sed
648 2910 858 2961 semper
879 2908 1192 2962 supernatat
1219 2910 1272 2950 et

204 2962 426 3013 fluctuat
471 2980 483 3014 :
525 2964 570 3013 si
626 2975 803 3014 autem
868 2982 961 3031 per
1030 2967 1266 3033 aliquam

203 3044 410 3098 partem
463 3034 547 3083 sui
596 3049 734 3100 aqua
781 3035 1083 3097 subintrat,
1144 3047 1270 3089 tunc

201 3102 428 3168 spiritus
456 3104 582 3164 exit,
614 3114 664 3154 et
691 3120 883 3170 corpus
904 3106 1270 3173 submergitur

201 3181 253 3223 et
284 3173 438 3239 perit.
483 3173 570 3224 Sic
612 3173 689 3224 illi
729 3175 822 3241 qui
857 3186 985 3226 sunt
1023 3176 1079 3226 in
1110 3177 1267 3245 aquis

200 3244 426 3305 mundi,
463 3260 522 3295 ac
547 3244 859 3295 divitiarum
885 3256 937 3297 et
953 3247 1265 3300 deliciarum

199 3316 608 3379 temporalium,
659 3316 705 3366 si
751 3317 950 3367 habent
996 3317 1266 3371 inclusum

196 3384 464 3449 Spiritum
508 3401 604 3451 per
643 3402 882 3436 amorem
910 3387 1009 3438 Dei
1045 3400 1098 3440 et
1135 3406 1265 3457 pro-

194 3456 333 3507 ximi
351 3494 366 3520 ,
416 3457 539 3507 licet
598 3458 867 3524 agitentur
926 3475 957 3511 a
1013 3460 1265 3514 fluctibus

193 3527 560 3578 tentationum
589 3540 641 3579 et
669 3529 1098 3593 tribulationum,
1129 3550 1264 3584 nun-

194 3612 364 3664 quam
384 3608 565 3649 tamen
595 3599 1034 3666 submerguntur.
1056 3604 1138 3653 Ad
1159 3605 1262 3655 hoc

191 3678 374 3719 autem
403 3679 464 3719 ut
504 3670 641 3720 b‘ene
666 3671 967 3723 custodiant
995 3674 1261 3739 Spiritum

189 3741 360 3793 istum
388 3781 401 3804 ,
461 3743 755 3810 requiritur
819 3746 967 3811 quod
1030 3747 1261 3800 habeant

190 3828 387 3865 sensus
416 3816 627 3865 clausos
660 3816 726 3865 ad
754 3826 964 3868 terrena
991 3828 1044 3868 et
1068 3820 1257 3870 mundi

190 3882 569 3948 delectabilia;
631 3886 760 3953 quia
815 3886 870 3935 in
938 3901 1060 3938 vase
1123 3889 1259 3941 bene

188 3952 372 4004 clauso
410 3969 692 4021 nunquam
728 3970 868 4022 aqua
892 3955 1131 4020 intrabit,
1163 3974 1259 4011 nec

2355 349 2456 415 245

1394 468 1555 519 etiam
1576 484 1671 535 per
1694 482 2030 534 consequens
2053 465 2286 532 Spiritus
2313 465 2378 516 de
2396 480 2460 516 eo

1394 539 1578 590 exibit.

1460 609 1487 660 5
1520 611 1705 660 Aurea
1727 624 2010 660 iffi-:seman
2037 623 2227 658 nuu.—
2245 606 2452 658 Deinde

1394 679 1585 730 iterum
1620 680 1899 746 subjungit
1927 679 2044 729 :Et
2093 693 2198 744 ego
2249 678 2457 729 nescie-

1395 751 1513 800 bam
1557 765 1691 801 eum.
1750 750 2059 800 Secundum
2116 748 2454 816 Chrysosto-

1392 836 1552 883 mum,
1586 820 1855 870 nesciebat
1882 834 2006 870 eum
2031 818 2285 869 facialiter
2314 828 2458 868 ante-

1390 905 1553 955 quam
1581 890 1646 941 ad
1690 889 2018 955 baptismum
2060 888 2262 939 veniret
2286 926 2299 946 ,
2329 887 2459 953 quia

1390 971 1538 1011 extra
1577 972 1848 1027 paternam
1899 961 2123 1010 domum
2152 963 2210 1009 in
2242 959 2454 1009 deserto

1389 1042 1733 1082 conversatus
1751 1069 1764 1092 ,
1797 1028 2147 1096 personaliter
2176 1044 2301 1079 eum
2328 1038 2453 1078 ante

1389 1113 1603 1169 tempus
1660 1120 1769 1170 quo
1814 1103 1961 1154 venit
2007 1103 2072 1154 ad
2123 1101 2451 1160 Jordanem,

1390 1189 1501 1223 non
1535 1183 1751 1224 noverat
1775 1213 1789 1237 ,
1844 1174 1967 1224 licet
2006 1172 2237 1223 novisset
2261 1170 2458 1221 Domi-

1387 1260 1519 1294 num
1549 1244 1831 1295 Christum
1870 1255 2055 1294 natum
2085 1244 2150 1294 de
2185 1242 2414 1308 Virgine
2435 1280 2451 1303 ,

1387 1315 1482 1381 qui
1517 1314 1575 1365 in
1603 1314 1810 1379 Spiritu
1843 1316 2033 1365 Sancto
2063 1313 2328 1379 baptizare
2356 1313 2456 1363 de·-

1388 1385 1576 1448 bebat;
1613 1385 1706 1435 sed
1748 1401 1872 1435 cum
1921 1384 2170 1435 Christus
2219 1398 2459 1449 praesen-

1384 1458 1582 1508 tialiter
1608 1457 1827 1508 accessit
1861 1457 1928 1507 ad
1959 1456 2289 1521 baptismum
2308 1494 2323 1516 ,
2361 1455 2450 1506 di-

1384 1531 1508 1581 vina
1544 1531 1866 1581 revelatione
1913 1529 2063 1580 novit
2101 1544 2222 1579 eum
2243 1567 2256 1590 ,
2286 1544 2453 1595 quem

1386 1603 1535 1670 prius
1563 1604 1821 1655 facialiter
1854 1620 1964 1654 non
1999 1613 2233 1654 noverat.
2256 1605 2457 1667 Augu-

1383 1674 1558 1724 stinus
1584 1685 1762 1725 autem
1785 1675 1942 1725 refert
1974 1692 1987 1725 ι
2020 1674 2366 1735 «Nesciebat,
2387 1674 2454 1723 ad

1384 1754 1701 1810 potestatem
1734 1745 2057 1796 excellentiae
2076 1745 2134 1794 in
2158 1744 2451 1810 baptism0,

1383 1831 1548 1881 quam
1579 1816 1827 1867 Christus
1856 1816 1960 1866 sibi
1996 1815 2236 1874 retinuit,
2276 1830 2335 1864 ac
2359 1830 2454 1880 per

1384 1886 1623 1952 seipsum
1648 1902 1889 1938 exercere
1917 1897 1970 1937 et
1993 1902 2099 1936 non
2123 1886 2272 1937 alteri
2295 1900 2450 1935 com-

1384 1958 1596 2007 mittere
1622 1959 1794 2009 voluit
1811 1997 1825 2021 ,
1857 1957 1986 2025 quia
2010 1957 2281 2008 nesciebat
2300 1957 2449 2023 quod

1386 2031 1524 2082 hanc
1582 2033 1948 2083 excellentiam
2007 2032 2063 2082 in
2128 2031 2449 2095 baptizando

1383 2103 1489 2153 sibi
1536 2103 1802 2154 retineret.
1843 2103 1997 2154 Unde
2038 2112 2216 2169 postea
2257 2102 2451 2152 subdi-

1383 2183 1514 2224 tur:
1544 2174 1655 2226 Hic
1681 2181 1761 2224 est
1804 2174 1895 2241 qui
1934 2174 2205 2242 baptizat,
2248 2173 2451 2238 scilicet

1382 2246 1560 2306 solus,
1587 2256 1850 2312 quantum
1882 2247 1947 2295 ad
1989 2246 2146 2297 istam
2186 2246 2449 2306 excellen-

1383 2319 1535 2369 tiam.
1559 2320 1661 2370 Ubi
1698 2319 2011 2380 notandum,
2036 2319 2182 2385 quod
2212 2318 2450 2384 potentia

1384 2391 1685 2457 baptizandi
1720 2392 2002 2456 multiplex
2020 2402 2101 2442 est
2130 2408 2144 2441 :
2176 2391 2350 2457 prima
2369 2402 2449 2443 est

1380 2462 1729 2522 auctoritatiS,
1762 2478 1926 2529 quam
1963 2463 2106 2513 Deus
2131 2462 2266 2513 nulli
2296 2478 2448 2512 com-

1381 2533 1675 2584 municavit
1702 2551 1797 2585 nec
1829 2534 2220 2586 communicare
2253 2533 2445 2601 potuit,

1377 2607 1516 2657 sicut
1557 2623 1653 2658 nec
1694 2607 1984 2674 potentiam
2013 2608 2319 2659 creandi.—
2345 2609 2445 2658 Se-

1376 2679 1551 2730 cunda
1612 2690 1692 2730 est
1746 2679 2174 2731 subauctoritatis
2201 2719 2215 2741 ,
2277 2694 2444 2746 quam

1377 2750 1552 2816 potuit
1591 2752 1715 2802 dare
1745 2751 2039 2802 secundum
2086 2752 2438 2817 Magistrum,

1375 2822 1470 2872 sed
1499 2823 1703 2887 noluit;
1735 2823 1825 2873 alii
1857 2832 2035 2873 autem
2066 2823 2253 2873 dicunt
2291 2824 2439 2890 quod

1376 2909 1487 2942 non
1517 2894 1709 2959 potuit,
1731 2894 1859 2961 quia
1882 2894 2122 2959 implicat
2144 2894 2440 2959 potentiam

1373 2964 1620 3023 creandi,
1664 2964 1866 3014 scilicet
1894 2963 2135 3029 gratiam.
2165 2993 2229 3001 —
2259 2964 2441 3014 Tertia

1371 3045 1454 3085 est
1478 3035 1865 3096 innovationiS,
1892 3051 2057 3103 quam
2085 3037 2208 3087 dare
2230 3037 2436 3102 potuit,

1374 3120 1499 3154 nam
1530 3115 1708 3170 posset
1748 3106 1891 3156 Deus
1912 3144 1926 3169 ,
1979 3106 2024 3157 si
2064 3108 2247 3167 vellet,
2293 3107 2440 3174 quod

1373 3174 1683 3240 Baptismus
1707 3176 1921 3226 daretur
1940 3176 1996 3226 in
2025 3177 2244 3227 nomine
2269 3177 2438 3228 sancti

1373 3246 1555 3309 Petri,
1612 3258 1705 3299 aut
1762 3249 1928 3299 sancti
1978 3250 2164 3312 Pauli3
2206 3243 2299 3299 sed
2337 3249 2440 3299 hoc

1369 3318 1559 3379 noluit,
1593 3334 1660 3369 ne
1696 3334 1847 3385 spem
1874 3319 1931 3370 in
1957 3320 2182 3370 homine
2207 3333 2438 3385 ponere-

1371 3406 1527 3450 mus,
1578 3401 1630 3440 et
1670 3406 1737 3441 ne
1784 3390 1932 3441 fieret
1974 3391 2241 3449 schisma,
2279 3400 2332 3440 et
2360 3398 2440 3441 tot

1368 3469 1546 3511 essent
1586 3461 1847 3527 Baptismi
1891 3462 2036 3527 quod
2087 3460 2347 3526 baptistae.
2377 3488 2439 3499 —-

1368 3531 1570 3591 Quarta
1599 3543 1679 3582 est
1707 3533 2064 3593 excellentiae,
2113 3541 2240 3598 puta
2288 3533 2436 3598 quod

1366 3620 1510 3655 unus
1531 3605 1818 3671 baptizaret
1843 3605 2112 3657 efficacius
2140 3605 2264 3665 alio,
2282 3606 2430 3672 quod

1366 3675 1528 3725 etiam
1597 3677 1803 3727 nemini
1869 3687 1949 3727 est
2010 3692 2347 3727 concessum.
2372 3705 2434 3715 —

1365 3745 1569 3805 Quinta
1598 3756 1678 3796 est
1716 3746 2094 3805 institutionis,
2123 3762 2287 3813 quam
2327 3747 2432 3797 ha-

1364 3816 1482 3867 buit
1511 3817 1762 3869 Christus
1790 3820 1942 3869 solus
1984 3818 2078 3885 qui
2122 3818 2226 3868 hoc
2265 3834 2432 3869 sacra-

1364 3898 1607 3940 mentum
1642 3890 1892 3941 instituit.
1922 3918 1985 3930 —
2006 3892 2163 3942 Sexta
2189 3901 2270 3942 est
2300 3907 2431 3959 prae-

1361 3962 1655 4027 parationis
1682 4000 1696 4025 ,
1736 3977 1901 4031 quam
1959 3964 2149 4017 habuit
2174 3966 2426 4026 JoanneS,
