2784 4452
294 344 393 394 130
937 336 1183 388 PRIMAEV
1210 334 1466 385 PAR'HS
1490 332 1869 384 CAPtrrxn.

286 479 349 513 eo
393 469 579 527 posset
618 456 736 508 fieri
810 455 1001 506 anima
1059 452 1361 504 rationalis.
1425 501 1432 512 ,
1476 450 1774 517 praemissis
1833 449 2015 500 causis
2056 448 2376 506 attenderes,
2425 446 2553 497 uti-'-

289 535 409 583 Non
454 530 710 597 'quidem
767 538 944 585 terra,
998 526 1083 575 vel
1134 523 1355 589 aliquod
1424 517 1432 564 f¹
1474 538 1581 588 que
1656 535 1945 587 nunquam
2027 519 2311 586 peccares}
2384 520 2546 569 Unde

285 605 516 655 aliorum
567 603 977 657 elementum,
1009 612 1109 647 nec
1139 597 1351 654 coelum„

287 686 417 742 puta
466 675 566 733 sol,
616 674 766 731 luna,
809 670 974 719 stellae
1013 683 1109 717 seu
1133 666 1357 732 aliquod

285 764 572 816 corporum
620 743 920 796 coelestium
967 741 1072 792 fuit
1122 740 1354 806 dignum
1425 743 1429 790 s

1425 805 1428 816 '
1470 815 1589 855 tum
1616 803 1976 856 consideratio
2001 802 2308 853 nobilitatis
2322 802 2542 863 animae,

1425 913 1428 924 .
1469 876 1626 927 ducit.
1676 876 1734 925 in
1782 875 2250 926 abominatimiem
2296 872 2496 939 peccati
2522 912 2546 932 τ

1424 970 1429 982 ·
1470 947 1618 1013 quod
1654 948 1817 998 etiam
1872 962 1983 996 non
2036 945 2286 995 habendo
2348 960 2541 1011 respe-

286 826 483 875 intrare
529 821 591 871 in
653 815 1107 884 compositionem
1157 813 1355 864 animae

283 893 579 953 rationaliS,
622 899 685 941 ut
719 888 999 939 materiale
1023 884 1354 953 principium

283 970 399 1034 ejus
430 974 588 1024 esset,
633 976 754 1028 quae
789 962 953 1026 longe
977 958 1135 1009 altior
1161 966 1219 1008 et
1249 972 1356 1006 no-

286 1040 449 1091 bilior
484 1037 565 1088 eis
614 1034 808 1085 extitit.
848 1034 916 1083 Et
948 1032 1071 1082 ideo
1116 1029 1252 1080 facta
1274 1037 1356 1078 est

286 1127 351 1162 ex
397 1108 595 1168 nihile,
633 1105 782 1171 quod
819 1104 887 1154 ad
942 1101 1239 1153 maximam
1262 1116 1355 1150 no-

287 1184 552 1234 bilitatem
599 1179 647 1228 ei
703 1178 859 1229 cedit.
884 1205 946 1216 —-
970 1175 1217 1227 Tertium
1256 1188 1355 1239 pa—
1424 1201 1430 1226 ;
1470 1234 1605 1283 m
1789 1242 1866 1283 tat
1942 1232 1953 1242 ‚
2021 1230 2032 1241 ‚
2158 1229 2254 1281 ,fia
2293 1239 2348 1279 a
2393 1229 2403 1239 ,
2449 1229 2500 1279 d,

1424 1245 1429 1254 ·
1655 1248 1786 1296 repu
1900 1246 2068 1281 nums
2119 1247 2173 1281 vi
2392 1246 2450 1279 in
2487 1246 2548 1279 1-

286 1264 380 1315 tet,
432 1268 558 1303 nam
609 1250 784 1300 forma
826 1247 1106 1299 rationalis
1159 1245 1361 1296 animae

285 1337 366 1379 est
413 1323 787 1382 nobilissima,
847 1337 971 1371 cum
1005 1320 1077 1370 sit
1119 1318 1361 1384 imagine
1427 1349 1428 1384 3

1427 1389 1430 1428 ἕ
1472 1374 1770 1443 inquinari.
1841 1375 1910 1425 Et
1974 1374 2089 1424 haec
2151 1382 2240 1423 est
2293 1371 2547 1437 quaedam

285 1399 385 1451 Dei
421 1398 708 1463 insignata.
763 1396 886 1445 Non
915 1393 1063 1444 em‘m
1085 1393 1232 1441 Deus
1261 1391 1358 1440 im-

286 1470 484 1538 pressit
541 1468 737 1519 animae
784 1466 1082 1532 imaginem
1131 1464 1357 1529 alicujus

286 1760 410 1809 dam
461 1754 753 1806 relucentia
796 1752 973 1818 ipsius
1036 1749 1359 1801 beatissimae

285 1827 589 1881 Trinitatis
617 1828 725 1876 Nec
751 1833 957 1892 poterat
989 1823 1140 1873 beata
1181 1821 1367 1872 Trini-

286 1911 368 1954 tas
414 1901 589 1967 magis
634 1899 875 1950 animam
911 1895 1229 1946 rationalem
1254 1910 1360 1944 no-

288 1973 518 2032 bilitare,
556 1986 723 2037 quam
757 1968 904 2035 quod
955 1982 1073 2017 eam
1110 1966 1215 2016 sibi
1267 1980 1359 2014 as-

288 2043 576 2103 similavit,
641 2049 693 2091 et
797 2038 1027 2105 propriae.

287 2117 521 2168 formam
571 2114 619 2164 ei
660 2111 951 2179 impressit,
996 2119 1063 2160 ut*
1097 2108 1227 2175 quia
1278 2106 1361 2157 si-

290 2189 542 2242 militudo
587 2196 669 2238 est
720 2200 879 2236 causa
934 2181 1257 2240 dilectionis,
1284 2179 1367 2231 sic,

288 2269 343 2313 et
402 2261 585 2311 anima
649 2273 869 2307 omnem
910 2254 1161 2305 affectum
1221 2251 1365 2301 dile-

289 2332 486 2383 ctionis
534 2331 591 2380 in
650 2329 832 2394 ipsum
860 2333 1206 2384 converteret,
1237 2338 1367 2373 cum

290 2403 430 2453 nihil
474 2400 581 2451 sibi
632 2399 815 2448 simile
863 2397 922 2446 in
969 2396 1132 2446 rebus
1171 2392 1363 2445 creatis

290 2471 574 2523 inveniret.
612 2497 674 2507 -
707 2469 973 2526 Quartum
1028 2474 1190 2531 patet,
1234 2478 1365 2513 nam

288 2547 434 2596 Deus
484 2560 592 2593 non
641 2542 706 2592 ad
750 2540 919 2590 alium
971 2539 1136 2588 finem
1167 2537 1366 2588 creavit

289 2616 547 2673 animam,
595 2627 761 2679 quam
833 2619 1055 2675 prop—ter
1099 2607 1359 2673 seipsum,

289 2697 351 2738 ut
416 2685 667 2737 videlicet
762 2692 902 2734 esset
992 2680 1361 2730 habitaculum

290 2775 471 2818 suum,
497 2759 644 2822 juxta
685 2756 817 2806 illud
845 2752 1140 2804 Psalmistae
1170 2768 1190 2802 ε
1211 2752 1368 2811 Quo-

288 2830 435 2881 niam
464 2828 631 2894 elegit
671 2826 938 2877 Dominus
972 2823 1124 2884 Sion,
1175 2821 1231 2872 id
1281 2832 1364 2872 est

290 2900 531 2950 animam
583 2895 1011 2963 speculatricem,
1036 2892 1205 2959 eleg-it
1243 2906 1367 2942 eam

290 2972 347 3023 in
383 2970 761 3021 habitationem
816 2967 939 3018 sibi.
984 2966 1051 3016 Et
1101 2964 1362 3030 quoniam

288 3044 355 3094 ad
397 3042 500 3092 hoc
554 3056 671 3091 eam
721 3039 900 3105 elegit,
971 3051 1186 3088 summe
1247 3036 1362 3102 ejus

290 3115 747 3168 inhabitationem
811 3110 1146 3176 concupiscit
1166 3148 1181 3172 ,
1215 3110 1363 3176 juxta

289 3187 426 3237 illud
482 3184 893 3235 proverbiorum
929 3199 944 3233 ε
994 3182 1206 3243 Praebe,
1246 3179 1359 3246 fili,

289 3272 385 3309 cor
413 3263 560 3319 tuum
605 3255 735 3306 mihi
751 3271 773 3316 ;
822 3262 876 3304 et
934 3252 1064 3302 alibi
1091 3268 1109 3302 ε
1137 3251 1364 3301 Deli-eice

289 3341 422 3378 meae
495 3341 611 3377 esse
688 3333 807 3376 cum
877 3322 1024 3390 filiis
1073 3321 1360 3372 hominumn.

289 3399 450 3450 Unde
500 3397 953 3464 quandocumque
1007 3394 1180 3453 Deus,
1251 3391 1364 3441 hu-

289 3471 524 3538 jusmodi
570 3471 809 3520 animam
877 3468 1041 3534 digne
1093 3479 1364 3532 praepara-

289 3555 401 3595 tam
444 3542 736 3603 invenerit,
777 3540 931 3609 quasi
965 3548 1091 3590 voto
1138 3536 1360 3603 potitus,

290 3616 422 3667 dicit
459 3614 592 3666 illud
669 3611 969 3663 Psalmistae
1018 3625 1037 3660 ι
1086 3608 1231 3658 Ηια·
1280 3620 1365 3656 re-

288 3688 440 3753 quies
484 3700 602 3736 mea
628 3685 682 3735 in
727 3683 961 3735 seculum
1006 3678 1175 3730 seculi
1220 3693 1245 3729 .·
1273 3677 1362 3728 hic

289 3758 573 3819 habitoeb05
604 3754 852 3822 quoniam
878 3750 1022 3817 elegi
1049 3764 1189 3800 eam.

357 3827 429 3877 30
450 3828 602 3878 Unus
629 3837 968 3875 ExnonrAno
996 3838 1064 3872 An
1086 3834 1192 3871 nox
1230 3834 1363 3869 rm-

292 3915 520 3950 cANmm.
564 3927 626 3937 —
667 3899 715 3948 O
741 3896 907 3963 igitur
943 3893 1121 3945 fidelis
1158 3892 1359 3952 anima,

292 3973 340 4027 si
379 3972 717 4025 nobilitatem
765 3980 934 4033 ωιτη,
980 3985 1048 4022 ex
1099 3966 1360 4021 omnibus

1101 2034 1362 2101 imaginis
1429 2091 1430 2094 Ἴ

1425 605 1429 618 ²
1473 592 1791 672 flerunt-qm
1812 608 1834 641 s
1855 609 1886 637 m
1911 591 1974 640 Si
2017 589 2355 640 nobilitatem
2390 600 2550 639 tuam

1473 678 1788 729 cognoscis,
1840 677 1876 711 o
1922 662 2105 712 anima
2158 676 2302 718 mea,
2354 676 2546 725 pecca-

1471 744 1590 784 tum
1637 732 1992 783 abominaris.
2019 752 2054 780 n
2077 733 2156 783 Et
2168 742 2312 782 certe
2340 732 2396 781 in
2412 741 2550 781 tan-

1469 1028 1616 1069 ctum
1666 1018 1738 1069 ad
1783 1017 2004 1083 ptaemia
2049 1017 2142 1066 vel.
2184 1016 2252 1065 ad
2304 1030 2494 1081 poenas
2521 1054 2549 1076 ,.

1469 1091 1645 1141 adhuc
1668 1090 1943 1141 induceret
1964 1088 2034 1138 ad
2047 1104 2157 1138 non
2174 1088 2542 1153 peccandum;
2581 1104 2587 1111 ·

1471 1161 1604 1227 quia
1639 1160 1824 1210 anima
1849 1159 2078 1219 nobilis,
2120 1157 2310 1208 omnia
2333 1158 2551 1208 istam,-

1471 1321 1577 1371 gna
1606 1305 1675 1355 'ad
1715 1305 1835 1365 hoc,
1882 1314 1944 1355 ut
1994 1304 2116 1369 ipsa
2147 1302 2224 1353 eis
2257 1301 2394 1352 velit
2444 1318 2552 1352 co·-

1472 1457 1653 1499 sancta
1706 1456 1760 1498 et
1812 1444 2015 1497 nobilis
2045 1443 2297 1511 superbia
2344 1457 2548 1494 amm

285 1546 361 1596 rei
400 1553 601 1603 creatae,
653 1542 745 1592 sed
792 1540 1022 1591 formam
1044 1539 1130 1589 sui
1160 1537 1354 1603 ipsius,
1426 1527 1431 1584 ἶ
1472 1535 1773 1587 geum,
1826 1534 1991 1586 quam
2029 1518 2194 1569 etiam
2237 1517 2428 1568 habuit
2447 1516 2548 1567 ille

283 1619 359 1670 ita
421 1615 568 1682 quod
630 1614 746 1679 ipsa
795 1611 969 1661 forma
1027 1610 1222 1660 animae
1267 1624 1356 1659 ra-
1426 1615 1432 1670 ξ
1473 1592 1692 1657 gentilis
1722 1592 1945 1652 seneca,
1968 1589 2068 1656 qui
2092 1588 2231 1638 dixit
2262 1604 2280 1638 τ
2307 1605 2334 1634 «
2355 1587 2414 1637 Si
2443 1586 2550 1638 sci-

283 1687 522 1745 tionalis,
554 1700 663 1734 non
699 1692 779 1733 est
828 1682 976 1732 aliud
1008 1696 1172 1747 quarn
1203 1694 1357 1744 quae-
1426 1711 1431 1732 .

1474 1680 1587 1715 rem
1635 1665 1780 1716 Deos.
1810 1662 2176 1729 ignoscituros
2216 1669 2269 1711 et
2289 1660 2546 1711 homine-s

1474 1736 1839 1803 ignoraturos,
1875 1734 2067 1797 adhuc,
2110 1742 2328 1799 propter
2342 1732 2548 1797 peccati

1473 1809 1753 1868 vilitatem,
1779 1822 1996 1872 peccare
2019 1805 2352 1871 dedignarer.
2367 1824 2400 1852 n
2427 1804 2546 1854 Hoc

1475 1882 1641 1948 igitur
1693 1880 1958 1946 templum
2002 1878 2105 1929 Dei
2156 1878 2387 1928 mentale
2443 1876 2552 1927 de·-

1476 1953 1568 2003 bet
1648 1968 1766 2003 esse
1832 1960 2087 2001 ornatum
2149 1960 2203 2000 et
2269 1949 2545 2015 depictum

1474 2025 1640 2076 variis
1676 2023 1952 2075 oelorihus
1979 2023 2282 2082 virtumm,
2344 2020 2548 2070 videli-

1476 2107 1560 2147 cet
1601 2113 1615 2147 z
1656 2098 1831 2147 colore
1880 2095 2006 2145 albo
2054 2092 2332 2152 castitatiS,
2379 2092 2549 2141 rubeo

1476 2168 1794 2218 voluntariae
1830 2182 1930 2233 pro
1990 2163 2210 2215 Christo
2257 2161 2546 2229 passionis,

1476 2254 1660 2288 croceo
1713 2236 2012 2304 spiritualis
2053 2232 2420 2300 jucunditatis,
2457 2233 2550 2282 vi-

1477 2311 1581 2362 ridi
1635 2310 1868 2362 virtuosi
1902 2307 2160 2367 exercitii,
2209 2308 2396 2357 blaveo
2433 2321 2546 2357 coe—-

1476 2383 1632 2433 lestis
1689 2380 1968 2440 desiderii,
2026 2394 2187 2429 aureo
2240 2376 2548 2435 charitatis,

1476 2455 1696 2505 demum
1745 2453 1907 2520 nigro
1933 2449 2276 2502 humilitatis.
2300 2451 2360 2499 In
2397 2449 2546 2499 istud

1477 2526 1643 2592 igitur
1668 2526 1934 2591 templum
1959 2523 2038 2574 sic
2060 2521 2439 2587 compositum,
2466 2520 2547 2570 sic

1476 2608 1728 2648 ornatum
1754 2635 1768 2656 ,
1817 2595 2077 2645 debemus
2123 2592 2377 2642 inducere
2422 2606 2552 2657 pue-

1477 2683 1600 2717 rum
1680 2668 1870 2718 Jesum
1939 2664 2184 2715 Verbum
2248 2673 2550 2721 aeternum,

1478 2742 1664 2808 ibique
1699 2741 1960 2791 debemus
1985 2738 2176 2788 offerre
2216 2753 2316 2804 pro
2358 2754 2422 2788 eo
2451 2751 2549 2804 par

1478 2822 1770 2872 turturum,
1807 2821 1906 2862 aut
1940 2811 2082 2860 duos
2108 2809 2287 2874 pullos
2332 2810 2549 2858 colum·-

1480 2885 1694 2946 barum‚
1746 2884 1800 2935 id
1852 2893 1934 2934 est
1979 2881 2252 2948 geminam
2298 2880 2552 2931 dilectio-

1481 2959 1608 3010 nem
1634 2997 1649 3018 ‚
1709 2957 1807 3008 Dei
1862 2954 2110 3006 videlicet
2166 2962 2220 3003 et
2285 2952 2544 3018 proximi3

1479 3031 1563 3081 vel
1593 3027 1944 3079 solitudinem
1978 3023 2470 3088 contemplationi&
2497 3034 2553 3073 et

1479 3100 1760 3167 publicum
1811 3097 2071 3160 actionis3
2118 3105 2213 3146 aut
2249 3094 2548 3146 castitatem

1480 3175 1679 3226 mentis
1726 3182 1779 3224 et
1827 3170 2089 3237 corporis,
2147 3169 2277 3235 quia
2313 3178 2549 3222 turtures

1480 3256 1609 3298 sunt
1638 3261 1764 3298 aves
1810 3243 2156 3306 castissimae3
2211 3252 2302 3292 aut
2354 3241 2549 3291 multi-

1480 3319 1824 3386 plicationem
1850 3318 2117 3367 bonorum
2141 3330 2386 3381 operum,
2418 3315 2547 3381 quia

1479 3389 1746 3441 columbae
1798 3397 1934 3438 sunt
1980 3402 2104 3437 aves
2160 3385 2218 3435 in
2263 3385 2415 3451 prole
2462 3383 2547 3434 fe—

1476 3462 1680 3513 cundae.
1741 3459 2011 3510 Debemus
2054 3457 2216 3508 etiam
2268 3470 2395 3506 eum
2420 3470 2546 3505 cum

1477 3533 1730 3584 Simeone
1760 3540 1995 3597 'portare
2054 3529 2112 3579 in
2159 3528 2308 3579 ulnis
2333 3566 2348 3592 ,
2423 3541 2548 3577 tm-

1477 3605 1738 3672 plaetando
1767 3619 1892 3653 cum
1924 3600 2157 3652 brachiis
2182 3600 2296 3651 veri
2324 3599 2545 3650 amoris.

1477 3679 1750 3730 Debemus
1777 3674 2141 3725 nihilominus
2167 3689 2292 3723 eum
2322 3671 2548 3722 benedi-

1480 3767 1614 3811 cere,
1641 3765 1738 3816 pro
1757 3746 2016 3798 omnibus
2040 3743 2314 3795 beneficiis
2356 3741 2549 3800 menti,

1477 3821 1535 3872 in
1573 3815 2326 3885 hujusmodi-praegustatione
2348 3812 2547 3863 divinoe

1479 3889 1784 3941 dulcedinis
1828 3886 2117 3950 exhibitis;
2164 3895 2225 3935 ut
2276 3884 2356 3934 sic
2394 3881 2546 3932 desi·-

1475 3963 1626 4016 derio
1676 3959 2052 4014 dissolutionis
2103 3955 2300 4019 affecti,
2329 3954 2542 4006 beatam
