2784 4452
391 250 503 316 434

392 362 658 415 Dominus
712 361 768 412 in
813 360 913 411 hac
952 360 1071 410 navi
1119 359 1452 425 intelligitur,

395 453 520 488 cum
571 436 637 486 ad
684 433 1056 500 probationem
1101 431 1224 482 fidei
1271 432 1454 481 Eccle-

392 507 528 559 siam
559 522 711 556 suam
741 502 1005 570 pressuris
1045 512 1097 553 et
1125 502 1453 568 persecutio-

392 578 559 628 nibus
616 574 805 625 mundi
878 573 1034 623 istius
1086 572 1275 622 tentari
1327 587 1453 637 per-

387 650 574 701 mittit.
606 647 867 698 Excitatio
897 661 1024 695 vero
1062 643 1452 709 discipulorum

386 718 730 772 excitantium
777 717 1073 767 Dominum
1112 726 1163 765 et
1188 715 1450 765 auxilium

388 790 817 858 implorantium,
849 799 907 839 ut
931 788 1240 847 liberentur,
1273 802 1452 851 preces

387 865 704 914 Sanctorum
776 859 1024 910 omnium
1077 858 1450 907 ostenduntur.

387 935 455 985 Et
481 932 729 1000 quamvis
756 929 1092 979 infestatione
1115 927 1320 977 inimici
1347 928 1452 977 Ec-

387 1004 546 1055 clesia
573 1003 658 1053 vel
685 1000 847 1051 seculi
889 1008 1200 1065 tempestate
1229 999 1450 1055 laboret,

386 1072 632 1140 quamvis
663 1069 1021 1121 tentationum
1060 1067 1312 1118 fluctibus
1340 1068 1454 1133 pul-

386 1155 551 1206 setur,
583 1141 922 1207 naufragium
951 1151 1129 1191 tamen
1150 1139 1320 1190 facere
1343 1155 1451 1188 non

387 1225 580 1282 potest,
621 1213 750 1280 quia
789 1213 885 1263 Dei
918 1211 1118 1262 Filium
1158 1212 1322 1277 habet
1344 1227 1450 1277 gu-

384 1288 739 1336 bernatorem.
775 1284 915 1333 Inter
954 1282 1102 1348 ipsos
1141 1281 1288 1331 enirn
1327 1291 1451 1330 tur-

385 1356 537 1407 bines
565 1353 776 1417 mundi,
808 1353 948 1403 inter
972 1352 1115 1419 ipsas
1145 1351 1308 1402 seculi
1339 1367 1453 1418 per-

383 1427 701 1486 secutiones,
752 1426 875 1492 plus
913 1425 1098 1490 gloriae
1138 1439 1197 1474 ac
1232 1424 1450 1474 virtutis

381 1499 629 1566 acquirit,
677 1500 809 1549 dum
854 1497 910 1547 in
945 1496 1049 1546 fide
1083 1497 1241 1547 firma
1277 1506 1329 1547 et
1360 1496 1450 1546 in-

380 1571 686 1622 dissolubili
722 1578 1016 1637 permanet.
1049 1569 1272 1635 Navigat
1300 1569 1446 1619 enim

380 1643 638 1694 instructa
695 1641 819 1692 fidei
868 1642 1247 1707 gubernacu10‚
1308 1639 1446 1690 felici

378 1731 540 1766 cursu
568 1731 662 1782 per
681 1715 843 1780 hujus
862 1713 1031 1764 seculi
1053 1729 1215 1773 mare,
1241 1713 1447 1764 habens

377 1787 552 1837 Deum
598 1786 1030 1851 gubernatorem,
1073 1785 1310 1849 Angelos
1354 1799 1445 1834 re·-

374 1857 546 1923 miges
567 1895 583 1917 ,
648 1866 863 1921 portans
934 1855 1128 1906 choros
1186 1853 1442 1915 ,omnium

376 1930 712 1988 Sanctorum,
762 1937 932 1978 erecta
984 1926 1040 1976 in
1092 1925 1271 1975 medio
1328 1925 1445 1991 ipsa

374 1998 593 2048 salutari
618 1997 805 2047 arbore
833 1996 1020 2056 crucis,
1049 1995 1103 2045 in
1128 2011 1233 2061 qua
1263 1996 1442 2046 Evan-

372 2068 554 2135 gelicae
584 2066 707 2117 fidei
744 2068 859 2117 vela
888 2067 1240 2133 suspendenS,
1281 2065 1443 2116 flante

373 2139 582 2206 Spiritu
611 2140 806 2188 Sancto
834 2138 898 2187 ad
930 2146 1143 2203 portum
1188 2136 1439 2202 paradisi,

375 2219 426 2260 et
449 2209 788 2260 securitatem
817 2206 1018 2274 quietis
1046 2218 1255 2258 aeternae
1283 2207 1442 2257 dedu-

374 2281 517 2331 citur
540 2297 556 2329 :
586 2298 614 2327 »
642 2278 758 2329 haec
790 2278 1230 2346 ChrysostomuS.

437 2352 467 2403 5
517 2353 860 2402 Ammon-1013
902 2366 1066 2400 rrpus
1119 2365 1217 2399 Est·
1256 2365 1441 2400 caurus

375 2424 672 2473 Doumxcffl.
710 2450 771 2459 —
799 2421 923 2472 Alio
959 2421 1121 2470 modo
1160 2421 1262 2470 hoc
1296 2420 1439 2490 idem

373 2504 549 2560 potest
576 2494 771 2560 exponi
800 2492 1100 2558 allegorice,
1131 2503 1289 2558 prout
1317 2508 1438 2556 per-

370 2565 507 2615 tinet
551 2565 617 2616 ad
665 2573 821 2630 caput
864 2564 1136 2623 Ecclesiae,
1178 2564 1324 2629 quod
1361 2574 1441 2614 est

371 2639 642 2702 ChristuS‚
684 2648 746 2688 ut
792 2638 1034 2689 navicula
1072 2654 1235 2704 quam
1271 2637 1440 2688 Chri-

369 2718 486 2760 stus
562 2709 802 2759 ascendit
869 2708 1202 2775 intelligatur
1280 2709 1440 2758 arbor

370 2779 562 2840 cruciS,
592 2795 718 2829 cum
742 2795 850 2845 qua
885 2795 1033 2830 mare
1061 2780 1223 2845 hujus
1246 2780 1438 2829 mundi

370 2849 725 2915 pertransitur
738 2850 856 2900 sine
880 2849 1159 2914 periculis;
1180 2849 1440 2916 cujusque

371 2919 626 2971 beneficio
675 2930 726 2970 et
777 2920 980 2970 auxilio
1026 2920 1209 2971 fideles
1254 2920 1438 2986 adjuti,

369 2992 726 3044 transfretatis
761 3002 815 3043 et
854 2994 1078 3044 emersis
1108 2994 1299 3045 mundi
1329 2993 1438 3044 flu-

370 3064 563 3125 ctibus,
606 3064 921 3131 perveniunt
948 3066 1014 3116 ad
1052 3065 1202 3117 littus
1242 3076 1294 3117 et
1320 3082 1438 3132 por·

370 3144 489 3185 tum
527 3134 711 3200 patriae
748 3135 995 3185 coelestis.
1030 3137 1177 3186 Hanc
1209 3135 1434 3186 navicu-

371 3206 481 3257 lam
502 3206 751 3257 Christus
770 3206 826 3256 in
845 3207 931 3256 die
953 3208 1287 3259 Parasceves
1311 3223 1434 3259 cum

370 3276 651 3343 discipulis
696 3277 811 3328 suis
847 3278 1102 3338 ascendit,
1142 3293 1236 3343 per
1269 3293 1432 3344 quam

370 3361 518 3396 mare
538 3347 818 3413 praesentis
848 3348 1013 3398 seculi
1038 3347 1299 3408 transivit,
1322 3365 1431 3398 non

369 3415 590 3482 quidem
609 3419 755 3483 quod
784 3417 887 3484 ipsi
908 3427 1037 3468 tunc
1054 3417 1196 3484 passi
1214 3417 1431 3480 fuerint,

347 3488 463 3541 .sed
515 3489 642 3554 quia
690 3500 820 3541 tunc
866 3490 945 3541 eis
988 3491 1295 3556 exemplum
1333 3506 1433 3556 pa-

369 3558 540 3609 tiendi
570 3560 807 3627 reliquit.
838 3562 993 3612 Unde
1026 3561 1344 3611 ascendente
1370 3576 1432 3612 eo

368 3629 582 3694 insshanc
604 3632 921 3696 naviculam,
951 3633 1121 3683 secuti
1143 3638 1267 3683 sunt
1294 3648 1427 3696 eum,

369 3701 499 3768 quia
530 3719 720 3755 omnes
755 3705 820 3755 ad
860 3714 1130 3755 tormenta
1168 3715 1222 3756 et
1257 3721 1431 3771 usque

368 3773 435 3823 ad
462 3785 690 3825 mortem
715 3775 932 3826 fuerunt
960 3791 1085 3826 eum
1108 3786 1289 3842 postea
1315 3775 1430 3826 imi-

369 3842 482 3894 tati.
516 3844 655 3905 Cum
702 3861 829 3911 ergo
880 3845 1129 3898 Christus
1174 3846 1230 3897 in
1275 3862 1429 3898 cruce

1041 244 1279 295 PRIMAE
1315 244 1562 295 PARTIS
1591 244 1828 295 CAPUT
1856 245 2041 298 XLVI.

1561 359 1768 425 positus
1817 358 2032 423 fuisset,
2078 375 2311 427 magnus
2351 367 2525 412 motus
2562 363 2620 413 in

1561 432 1695 481 mari
1715 432 1907 498 sactus
1935 439 2031 495 est,
2062 433 2192 499 quia
2218 443 2426 483 mentes
2455 434 2623 484 disci-

1560 504 1809 568 pulorum
1828 513 1987 553 motae
2011 513 2152 567 sunt,
2174 504 2301 570 quia
2319 520 2349 553 a
2371 504 2624 556 stabilita-

1562 584 1613 624 te
1632 572 1755 623 fidei
1779 585 2112 631 corruerunt,
2139 585 2479 626 terraemotus
2504 592 2623 626 ma-

1558 659 1698 710 gnus
1723 644 1890 695 factus
1912 655 2009 706 est,
2028 652 2205 712 petrae
2226 647 2415 696 scissae
2447 655 2573 698 sunt
2604 667 2623 699 .-

1557 726 1610 765 et
1640 724 1809 765 cetera
1833 715 1988 782 signa
2015 732 2135 782 quae
2164 727 2289 766 tunc
2322 716 2457 768 facta
2477 730 2621 780 sunt,

1557 785 1630 835 ita
1648 785 1801 852 jquod
1833 786 2072 836 navicula
2101 797 2310 852 operata
2335 799 2415 838 est
2447 788 2623 840 fiucti-

1557 855 1676 920 bus,
1699 855 1827 921 quia
1848 865 1958 906 tota
1990 856 2072 907 vis
2102 857 2491 922 persecutionis
2519 859 2624 910 cir-

1557 941 1615 976 ca
1658 942 1868 976 crucem
1909 926 2112 977 Christi
2160 926 2278 989 fuit,
2327 938 2380 978 et
2418 940 2624 980 mentes

1555 999 1804 1050 omnium
1838 1010 2021 1050 contra
2049 1000 2217 1066 ipsam
2256 1000 2587 1052 fluctuabant
2609 1043 2622 1063 ,

1557 1080 1609 1120 et
1655 1069 1787 1120 facta
1839 1081 1920 1120 est
1968 1086 2096 1121 crux
2147 1071 2349 1121 Christi
2410 1074 2623 1124 Judoeis

1556 1140 1894 1204 scandalum,
1932 1140 2188 1191 Gentibus
2218 1149 2395 1192 autem
2437 1144 2622 1195 stulti-

1558 1212 1652 1262 tia.
1723 1212 1826 1261 Sed
1885 1211 2024 1262 inter
2081 1211 2179 1262 has
2237 1214 2626 1266 commotiones

1556 1281 1671 1348 ipse
1704 1282 2003 1333 dormiebat
2038 1283 2093 1332 in
2128 1299 2279 1334 cruce
2322 1285 2622 1346 moriendo,

1555 1353 1683 1418 quia
1721 1369 1881 1403 suum
1922 1353 2157 1403 dormire
2194 1355 2296 1404 hoc
2334 1357 2451 1404 loco
2483 1358 2621 1406 mori

1554 1433 1649 1474 est.
1676 1423 1916 1474 Excitant
1948 1434 2127 1473 autem
2154 1425 2403 1490 discipuli
2427 1427 2623 1477 Domi-

1554 1510 1706 1555 num,
1750 1495 1881 1545 dum
1920 1495 2119 1545 turbati
2156 1507 2339 1547 mente
2369 1498 2623 1548 maximis

1552 1568 1942 1619 desideriorum
1997 1570 2318 1620 clamoribus
2380 1586 2621 1622 resurre-

1551 1639 1788 1689 ctionem
1818 1639 2128 1706 efflagitant,
2158 1640 2424 1691 dicentes:
2448 1642 2623 1693 Salva

1551 1726 1678 1773 ηοε,
1724 1712 2049 1777 resurgendo
2098 1727 2129 1762 a
2181 1714 2438 1774 mortuis,
2494 1715 2622 1780 quia

1544 1782 1806 1847 perimuS,
1844 1782 2242 1846 perturbatione
2270 1794 2376 1833 tuae
2407 1785 2619 1835 mortis.

1550 1855 1669 1919 Ipse
1692 1869 1818 1904 vero
1842 1869 2143 1920 resurgens,
2174 1865 2226 1904 et
2248 1870 2344 1920 per
2371 1872 2619 1908 resurre-

1547 1926 1775 1976 ctionem
1823 1926 2107 1987 excitatus,
2157 1926 2332 1992 primo
2381 1927 2621 1994 increpat

1547 1996 1933 2061 discipulorum
1964 1997 2228 2047 modicam
2253 1997 2449 2060 fidem3
2489 1999 2620 2064 quia

1542 2068 1899 2134 exprobravit
1923 2069 2344 2120 incredulitatem
2364 2085 2548 2121 eorum
2568 2079 2621 2122 et

1547 2141 1803 2190 duritiam
1829 2140 2030 2191 cordis,
2045 2170 2104 2177 —
2120 2141 2414 2206 Imperavit
2434 2153 2618 2194 autem

1547 2213 1732 2275 ventiS,
1765 2213 1892 2280 quia
1912 2213 2110 2264 diaboli
2139 2214 2447 2280 superbiam
2475 2225 2621 2267 stra-

1544 2286 1642 2349 vit3
1679 2286 1978 2352 imperavit,
2009 2294 2060 2338 et
2087 2289 2245 2348 mari,
2292 2289 2421 2354 quia
2457 2305 2621 2340 vesa—

1545 2356 1691 2406 niam
1770 2358 2078 2409 Judaeorum
2146 2358 2505 2424 compescuit;
2568 2366 2623 2411 et

1533 2427 1695 2493 facta
1736 2434 1817 2479 est
1860 2429 2229 2495 tranquillitas
2273 2444 2514 2494 magna,
2567 2441 2621 2481 et

1542 2499 1853 2559 consolati0,
1898 2499 2026 2566 quia
2071 2499 2185 2550 visa
2227 2500 2622 2552 resurrectione

1544 2570 1738 2632 sedatae
1786 2580 1915 2620 sunt
1965 2580 2172 2620 mentes
2217 2570 2620 2635 discipulorum

1544 2649 1596 2688 et
1624 2638 1844 2705 gavisae3
1881 2654 1979 2689 nos
2007 2655 2132 2690 vero
2156 2640 2407 2690 homines
2428 2640 2620 2692 viden-

1544 2721 1622 2761 tes
1652 2710 1765 2760 haec
1793 2710 1993 2770 omnia,
2022 2720 2074 2760 et
2107 2721 2487 2776 cognoscentes
2522 2713 2620 2762 di·-

1543 2782 1718 2832 cimus
1748 2798 1764 2832 z
1791 2782 1987 2842 Qualis
2018 2788 2101 2832 est
2131 2783 2232 2846 hic,
2263 2793 2315 2833 et
2341 2784 2620 2849 quantus?

1542 2851 1805 2917 Discipuli
1833 2868 1977 2919 erg0,
2003 2852 2056 2902 id
2093 2863 2171 2903 est
2213 2853 2465 2903 homines
2489 2854 2621 2906 fide·

1542 2925 1638 2984 leS,
1672 2923 1868 2973 debent
1897 2939 2021 2973 eum
2050 2923 2225 2989 sequi,
2250 2925 2398 2989 juxta
2425 2924 2566 2975 illud
2600 2943 2615 2976 ε

1543 2994 1610 3045 Si
1644 2994 1763 3059 quis
1799 2993 1916 3043 vult
1942 3000 2071 3059 post
2097 3009 2178 3044 me
2206 2994 2409 3058 venire,
2445 2998 2616 3048 abne-

1541 3070 1636 3129 get
1692 3064 2030 3131 semetipsum
2083 3071 2135 3115 et
2179 3064 2340 3115 tollat
2397 3079 2615 3117 crucem

1539 3150 1694 3186 suam
1724 3141 1775 3187 et
1801 3141 2055 3201 sequatur
2084 3151 2182 3186 me.

1598 3204 1637 3255 6
1676 3207 2050 3256 Tnoponomcn
2089 3221 2256 3256 ‘rrpus
2300 3221 2397 3256 asr
2433 3222 2617 3258 »mm-

1538 3295 1763 3329 TENTIAE.
1783 3307 1844 3316 --
1869 3279 1936 3329 Et
1962 3278 2090 3344 quia
2111 3293 2206 3343 per
2231 3278 2615 3344 poenitentiam

1539 3349 1773 3400 maxime
1820 3364 1951 3399 cmx
1990 3348 2224 3408 tollitur,
2273 3349 2394 3400 ideo
2440 3350 2614 3400 etiam

1537 3419 1864 3486 tropologice
1890 3434 1983 3469 seu
2011 3420 2283 3469 moraliter
2319 3435 2415 3486 per
2444 3421 2615 3471 navi-

1535 3493 1711 3542 culam
1752 3490 2067 3557 poenitentia
2105 3491 2435 3564 designatur,
2475 3493 2613 3560 quia

1538 3578 1634 3628 per
1659 3561 1833 3627 ipsam
1860 3562 2027 3613 homo
2059 3562 2125 3612 ad
2163 3573 2380 3628 portum
2410 3563 2613 3614 salutis

1535 3634 1815 3685 deducitur
1846 3651 1863 3700 ;
1936 3644 1989 3685 et
2059 3634 2370 3701 quicunque
2457 3646 2612 3687 extra

1535 3705 1694 3756 istam
1752 3706 2051 3756 naviculam
2100 3705 2346 3757 inventus
2406 3705 2607 3769 fuerit,

1535 3777 1599 3827 ad
1642 3786 1859 3842 portum
1899 3778 2086 3828 salutis
2140 3793 2249 3828 non
2289 3779 2572 3843 perveniet
2592 3817 2608 3841 ,

1535 3847 1628 3898 sed
1651 3847 1831 3913 ipsum
1858 3848 2004 3901 unda
2038 3847 2313 3901 infernalis
2344 3848 2606 3901 involvet.
