2784 4452
525 311 620 361 DE
655 308 1270 362 PRAESENTATIONE
1300 307 1559 359 DOMINI
1590 306 1662 358 IN
1691 308 2054 361 TEMPLUM.

150 427 505 496 deprimenda
566 436 646 477 est
709 427 775 476 ad
836 426 1225 478 consideratio-

150 515 279 552 nem
327 497 675 565 propriorum
719 496 1051 560 defectuum,
1105 512 1227 564 quae

150 585 243 637 per
292 570 593 636 AEgypturn
637 568 946 634 designatur
992 584 1005 618 :
1048 569 1227 635 AEgy-

154 653 286 709 ptus
333 640 516 702 enim,
557 641 782 691 tenebrae
827 639 1223 706 interpretatur.

154 716 456 766 Possumus
485 711 647 762 ctiam
672 711 827 762 aliter
848 711 1092 777 quinque
1117 726 1227 760 nu-

154 799 362 836 merare
405 783 537 844 loca,
570 783 627 833 in
664 798 785 849 quae
815 781 1067 832 Christus
1095 797 1228 848 por-

151 867 297 908 tatur
327 855 418 907 vel
449 855 682 915 ducitur,
708 852 912 905 scilicet
939 871 954 904 ε
980 853 1039 903 in
1066 854 1228 903 Jeru-

150 930 333 988 salem,
359 926 421 977 in
433 927 750 993 AEgyptum,
770 925 837 977 -in
859 925 1149 986 desertum,
1166 923 1224 975 in

155 1012 397 1053 montem
448 1001 718 1052 excelsum
741 1038 757 1061 ‚
807 1008 861 1051 et
912 999 972 1049 in
1033 997 1222 1065 templi

157 1071 531 1139 pinnaculum.
568 1070 634 1123 Et
672 1070 774 1121 ista
805 1069 1051 1137 quinque
1090 1070 1224 1131 loca,

152 1143 461 1211 significant
488 1142 733 1209 quinque
768 1149 966 1201 status,
1001 1141 1059 1191 in
1092 1140 1226 1207 qui-

159 1216 260 1266 bus
293 1214 576 1265 invenitur
615 1212 883 1265 Christus,
928 1214 1225 1264 Jerusalem

153 1286 426 1353 significat
490 1285 659 1336 vitam
713 1283 1185 1351 contemplativam
1207 1322 1223 1345 ‚

153 1358 243 1409 ubi
280 1369 363 1409 est
384 1357 526 1410 visio
551 1358 741 1424 paci-3,-
762 1358 1032 1423 AEgyptus
1062 1356 1225 1422 signi-

151 1429 270 1480 ficat
295 1428 469 1479 vitam
493 1429 737 1489 activam,
764 1427 822 1477 in
847 1443 954 1494 qua
978 1436 1060 1477 est
1081 1443 1223 1478 moe-

153 1517 241 1553 ror
262 1512 318 1553 et
336 1502 590 1569 angustia
616 1499 1009 1564 tribulationis;
1036 1499 1225 1551 deser-

153 1583 266 1624 tum
310 1572 586 1639 significat
630 1571 969 1637 religionem,
1013 1570 1072 1623 in
1116 1587 1225 1638 qua

153 1645 426 1698 insistitur
469 1643 717 1710 jejuniis3
775 1659 938 1695 mons
983 1643 1223 1694 excelsus

155 1717 422 1784 significat
497 1715 776 1782 fastigium
855 1714 1219 1781 praelationis3

157 1789 512 1856 pinnaculum
546 1787 762 1853 Templi
789 1795 873 1838 est
910 1787 1062 1838 sedes
1099 1802 1223 1837 ma-

151 1861 405 1930 gistralis,
441 1861 509 1911 Et
538 1859 595 1910 in
628 1859 716 1910 his
746 1858 974 1914 statibus
1003 1857 1224 1909 inveni-

155 1941 255 1983 tur'
278 1934 466 1995 Jesus;
500 1930 629 1997 quia
663 1930 720 1981 in
762 1929 911 1980 omni
944 1938 1085 1980 statu
1115 1929 1223 1979 Ec·-

152 2004 342 2066 claeiae,
364 2013 543 2071 potest
567 2001 798 2053 inveniri
822 2002 996 2063 Jesus,
1022 2001 1224 2052 scilicet

156 2076 319 2126 saIUS.
359 2075 461 2125 Sed
504 2072 784 2124 considera
824 2071 948 2139 quis
991 2071 1224 2138 portavit

155 2161 279 2197 eum
312 2146 373 2196 in
402 2146 698 2196 Jerusalem
726 2152 781 2194 et
800 2143 930 2193 alibi
946 2158 962 2208 ;
989 2153 1042 2194 et
1064 2143 1223 2194 inve-

155 2217 269 2268 nies
292 2216 442 2284 quod
479 2215 537 2266 in
563 2216 856 2267 Jerusalem
885 2223 937 2266 et
961 2214 1022 2266 in
1047 2214 1224 2282 AEgy-

154 2300 323 2355 ptum,
356 2290 597 2340 tulerunt
641 2288 919 2340 Christum
960 2287 1131 2339 Maria
1170 2299 1225 2339 et

154 2361 380 2428 Ioseph,
424 2360 583 2412 stella
618 2360 820 2423 marist,
862 2370 917 2410 et
954 2373 1225 2426 augmen-

158 2441 259 2485 tum
301 2451 320 2483 .·
364 2431 500 2483 fides
543 2431 747 2483 scilicet
784 2442 837 2484 et
870 2431 1119 2482 charitas.
1158 2433 1220 2482 In

154 2505 445 2564 desertum,
470 2504 663 2554 ductus
687 2513 770 2553 est
791 2518 822 2553 a
843 2502 1048 2569 Spiritu
1080 2503 1223 2553 San-

156 2585 269 2638 cto;
313 2574 408 2625 sed
453 2573 511 2623 in
545 2583 789 2624 montem
829 2575 1123 2635 excelsum,
1170 2584 1225 2624 et

157 2660 317 2712 super
343 2646 718 2711 pinnaculum,
745 2645 871 2695 tulit
892 2660 1018 2695 eum
1042 2644 1224 2695 diabo-

155 2718 254 2769 lus.
293 2717 363 2768 Et
404 2716 524 2768 ideo
558 2717 749 2769 timere
784 2718 982 2768 debent
1018 2717 1221 2783 praelati

156 2797 206 2838 et
229 2787 497 2854 magistri,
528 2804 593 2839 ne
618 2804 712 2839 eos
734 2788 1022 2855 portaverit
1043 2788 1224 2840 diabo-

155 2859 235 2910 lus
281 2860 342 2909 in
395 2869 635 2910 montem
678 2860 946 2911 excelsum
964 2897 979 2921 ,
1023 2860 1225 2910 scilicet

159 2930 501 2996 praelationis,
531 2940 584 2981 et
619 2931 678 2981 in
706 2931 1011 2982 cathedram
1043 2931 1223 2997 magi-

156 3001 447 3052 strationis.

221 3072 285 3122 25
342 3072 510 3123 Cch
548 3087 1009 3124 SIGNIFICA’HONEK
1051 3087 1224 3124 onaa-

158 3157 331 3193 rxoms
363 3157 561 3193 Μαι-λε.
600 3171 662 3181 -
701 3143 979 3203 Quantum
1016 3144 1083 3194 ad
1115 3154 1225 3194 ter-

157 3217 313 3278 tium,
357 3225 440 3266 est
477 3217 796 3278 notandum,
839 3219 985 3285 quod
1021 3216 1224 3269 oblatio

159 3288 570 3339 indeterminate
602 3289 764 3340 fiebat
799 3289 866 3340 de
900 3298 1109 3340 turture
1140 3291 1226 3341 vel

152 3360 418 3413 columba.
460 3362 559 3412 Per
584 3371 851 3413 turturem
874 3377 996 3428 quae
1021 3370 1102 3413 est
1129 3377 1225 3413 so·-

156 3431 326 3498 livaga
350 3441 404 3482 et
427 3442 586 3494 casta,
612 3430 939 3499 intelligitur
956 3433 1066 3485 vita
1089 3447 1227 3483 con-

163 3503 488 3569 templativa.
508 3504 609 3553 Per
635 3503 942 3554 columbam
967 3518 1094 3554 vero
1106 3518 1228 3570 quae

158 3574 418 3640 gregatim
456 3575 620 3638 volat,
661 3585 716 3626 et
752 3575 978 3626 fecunda
1011 3585 1110 3637 est,
1145 3575 1227 3626 si·-

160 3645 446 3711 gnificatur
491 3645 678 3697 activa.
731 3647 798 3697 Et
841 3656 1071 3714 utraque
1112 3646 1226 3697 avis

160 3717 421 3782 gemitum
451 3716 614 3768 habet
651 3734 749 3784 pro
777 3728 966 3782 cantu;
996 3717 1090 3769 sed
1121 3717 1227 3768 ali-

155 3793 234 3841 'ter
267 3801 320 3843 et
353 3792 523 3843 aliter.
551 3792 797 3842 Gemitus
825 3792 974 3843 enim
1000 3791 1228 3843 turturis

155 3862 413 3929 competit
445 3863 892 3929 contemplativis,
923 3873 976 3914 et
1010 3863 1101 3913 hic
1129 3879 1226 3930 ge-

158 3933 414 3999 minatur,
473 3935 618 3987 unde
660 3934 856 3988 dicitur
890 3950 1004 4002 par·
1049 3941 1225 3987 turtu-

2301 329 2400 380 127

1330 441 1469 477 rum.
1491 425 1712 475 ‘Primus
1738 425 1969 491 gemitus
1992 436 2074 476 est
2096 429 2314 490 amoris,
2336 431 2402 482 de

1330 513 1442 563 quo
1465 497 1599 548 dicit
1619 497 1929 563 Apostolus,
1959 498 2105 563 quod
2131 499 2274 549 intra
2304 515 2403 552 nos

1329 567 1610 633 gemimuS,
1653 568 1992 634 adoptionem
2010 570 2259 638 filiorum
2296 572 2403 623 Dei

1331 647 1677 707 expectantes
1684 659 1705 705 ,·
1740 643 2008 694 secundus
2040 653 2120 694 est
2156 644 2403 696 devotio-

1333 714 1437 776 niS,
1463 715 1530 765 de
1570 731 1680 781 quo
1720 715 1854 766 dicit
1896 715 2041 766 idem
2087 717 2400 782 Apostolum

1333 785 1480 851 quod
1523 786 1767 851 Spiritus
1805 787 2050 852 postulat
2084 803 2191 854 pro
2229 789 2400 852 nobis,

1331 856 1621 921 gemitibus
1653 856 2119 908 inenarrabilibus.
2155 859 2403 910 Gemitus

1332 942 1460 978 vero
1503 929 1785 990 columbae,
1822 930 2077 996 competit
2107 931 2313 990 activis,
2349 941 2403 983 et

1333 998 1424 1049 hic
1461 1008 1544 1049 est
1581 996 1796 1065 duplex,
1833 1001 1976 1051 unde
2012 1001 2226 1063 dicitur,
2267 1003 2405 1053 duos

1323 1069 1510 1134 pullos
1553 1069 1935 1122 columbarum.
1975 1072 2132 1122 Unus
2176 1081 2257 1123 est
2302 1088 2404 1138 pro

1331 1140 1559 1205 peccatis
1615 1141 1870 1207 propriis,
1919 1144 2213 1193 secundum
2266 1143 2402 1194 illud

1329 1212 1480 1264 Isaiae
1512 1229 1528 1264 ε
1567 1215 1746 1276 Quasi
1779 1215 2034 1267 columbae
2066 1217 2399 1280 meditanteS,

1328 1286 1596 1353 gemimus
1602 1304 1624 1350 ,·
1649 1287 1788 1338 alius
1816 1296 1897 1338 est
1916 1304 2013 1354 pro
2037 1290 2262 1354 peccatis
2281 1290 2403 1341 alie-

1330 1356 1437 1418 niS,
1482 1359 1779 1409 secundum
1821 1358 1954 1410 illud
2003 1361 2349 1411 Threnorum
2384 1377 2402 1410 z

1331 1428 1531 1480 Omnes
1567 1435 1749 1495 portae
1788 1429 1905 1497 ejus
1948 1430 2235 1482 destructae
2246 1447 2267 1493 ,⁰
2303 1445 2402 1482 sa-

1331 1500 1574 1550 cerdotes
1596 1500 1714 1567 ejus
1741 1506 2030 1567 gementes·
2060 1502 2221 1551 Hunc
2260 1517 2403 1567 qua-

1329 1572 1628 1639 druplicem
1659 1573 1922 1640 gemitum
1965 1573 2155 1624 offerre
2186 1574 2402 1636 debent,

1327 1643 1423 1709 qui
1466 1658 1668 1711 agnum
1690 1682 1704 1704 ‚
1751 1643 1806 1693 id
1847 1653 1929 1694 est
1950 1682 1965 1705 ,
2012 1643 2403 1707 innocentiam,

1331 1730 1444 1764 non
1468 1714 1684 1766 habent.
1714 1715 1970 1766 Praedicta
1993 1716 2160 1781 igitur
2185 1716 2401 1767 recolli-

1329 1786 1524 1852 gend0,
1551 1786 1841 1837 dicendum
1864 1788 2012 1853 quod
2051 1788 2109 1837 in
2139 1787 2240 1838 hac
2282 1804 2404 1854 pur·-

1328 1856 1561 1922 gatione,
1605 1857 1872 1908 delatione
1902 1866 1955 1908 et
1993 1859 2284 1920 oblatione,
2319 1859 2403 1909 si·-

1327 1927 1642 1993 gnificatur‚
1687 1928 1836 1994 quod
1880 1927 1977 1995 qui
2019 1939 2277 1996 purgatus
2321 1940 2404 1980 est

1326 2013 1357 2049 a
1390 1999 1644 2066 superbia
1674 2008 1729 2050 et
1760 2001 2105 2067 negligentia,
2136 2011 2189 2052 et
2209 2001 2402 2067 dispo-

1325 2070 1467 2121 situs
1499 2080 1584 2122 est
1614 2081 1678 2122 ut
1704 2072 1955 2123 ascendat
1984 2073 2051 2122 ad
2081 2075 2403 2138 contempla-

1326 2143 1534 2193 tionem
1562 2142 1680 2207 Dei,
1718 2153 1773 2193 et
1804 2144 2094 2194 descendat
2118 2143 2186 2193 ad
2217 2143 2403 2194 consi-

1327 2213 1659 2265 derationem
1690 2213 1794 2274 sui,
1819 2223 1872 2265 et
1894 2229 2082 2264 rursus
2106 2213 2402 2264 ascendens

1327 2296 1509 2354 gemat
1550 2302 1840 2337 examore
1882 2296 1935 2337 et
1984 2286 2296 2348 devotione;
2348 2295 2402 2337 et

1327 2361 1584 2411 deorsum
1620 2359 1834 2411 rediens
1878 2369 2056 2425 gemat
2095 2375 2160 2410 ex
2196 2359 2401 2410 contri-

1328 2432 1478 2484 tione
1513 2444 1569 2484 et
1597 2432 2012 2499 compassione:
2048 2432 2107 2483 in
2140 2431 2230 2483 his
2267 2448 2400 2484 con-

1327 2504 1476 2556 sistit
1522 2504 1777 2571 perfectio
1821 2502 1997 2555 fidelis
2043 2504 2240 2554 animae
2287 2504 2401 2555 Deo

1327 2576 1549 2627 devotae.
1590 2576 1658 2626 Et
1691 2574 1820 2642 quia
1848 2583 2089 2642 utraeque
2128 2575 2245 2625 istae
2276 2574 2403 2626 vitae

1327 2647 1445 2697 Deo
1492 2656 1623 2698 sunt
1652 2656 1898 2713 acceptae,
1938 2662 2051 2696 non
2090 2655 2173 2697 est
2206 2646 2400 2697 defini·

1329 2728 1470 2779 tum,
1504 2727 1690 2768 utrum
1718 2734 1819 2783 pro
1851 2717 2107 2777 Domino,
2142 2727 2401 2778 turtures,

1328 2804 1397 2857 an
1420 2788 1686 2839 columbae
1710 2788 1822 2838 sint
1860 2787 2075 2851 oblatae3
2105 2788 2198 2837 sed
2228 2787 2401 2838 indif-

1326 2859 1561 2910 ferenter
1589 2868 1672 2911 est
1711 2859 1934 2919 dictum,
1966 2872 2076 2925 par
2115 2864 2398 2920 tar-turum,

1329 2937 1429 2981 aut
1447 2931 1588 2982 duos
1607 2930 1796 2996 pullos
1820 2929 2202 2986 columbarum.

1395 3001 1464 3053 26
1516 3003 1878 3054 Humum-ns
1939 3001 2164 3052 Cmusn
2212 3018 2401 3053 menn-
2479 3050 2484 3055 .

1326 3090 1531 3126 uma·
1560 3101 1621 3112 —
1647 3072 1846 3124 Vidisti
1869 3088 2000 3140 ergo
2031 3073 2086 3123 in
2112 3075 2399 3140 praedictis,

1332 3147 1540 3198 Christi
1569 3156 1624 3198 et
1645 3156 1930 3213 parentum
1968 3148 2085 3212 ejus
2114 3157 2399 3213 pauperta-

1327 3230 1457 3281 tem,
1484 3219 1614 3285 quia
1645 3233 1942 3285 pauperum
1980 3228 2191 3269 tantum
2229 3218 2399 3270 habe-

1331 3290 1465 3340 bant
1503 3289 1849 3341 oblationem.
1889 3290 1945 3340 Si
1984 3299 2162 3341 autem
2201 3289 2283 3339 vis
2323 3289 2400 3338 in—

1330 3361 1554 3412 formari
1595 3361 1662 3412 de
1702 3361 2028 3424 humilitate,
2069 3360 2400 3411 considerata

1331 3433 1603 3485 oblatione
1644 3441 1698 3484 et
1733 3434 2122 3499 redemptione,
2148 3448 2208 3482 ac
2239 3431 2401 3497 Legis

1331 3505 1721 3568 observatione,
1744 3506 1812 3556 de
1831 3505 1977 3556 facili
2003 3503 2201 3571 poteris
2223 3503 2418 3553 adver-¹

1330 3591 1461 3630 tere.
1500 3579 1729 3630 Adverte
1763 3578 1926 3629 etiam
1963 3578 2054 3628 hic
2091 3578 2158 3627 de
2194 3575 2398 3627 Christi

1334 3651 1671 3712 humilitate,
1707 3650 1983 3717 quomodo
2024 3665 2056 3700 a
2096 3648 2399 3715 praeceden-

1330 3723 1480 3774 tibus
1518 3723 1591 3773 sit
1620 3733 1771 3774 aucta
1811 3721 2124 3773 successive.
2165 3720 2302 3769 Nam
2340 3719 2398 3769 in

1333 3792 1609 3844 nativitate
1649 3808 1706 3843 se
1743 3792 1932 3843 habuit
1971 3802 2031 3842 ut
2072 3804 2271 3857 pauper
2308 3790 2400 3839 ho-

1332 3879 1453 3927 mo;
1487 3864 1544 3914 in
1571 3862 1996 3922 circumcisione,
2027 3872 2088 3913 ut
2124 3875 2326 3927 pauper
2348 3871 2400 3911 et

1333 3945 1575 4002 peccator
1620 3936 1816 4000 homo;
1862 3935 1953 3987 sed
1993 3933 2255 3986 hodierna
2293 3933 2396 3995 die,
