2784 4452
682 357 1080 408 PROOEMIUM
1110 356 1183 408 IN
1218 355 1447 407 vrrAM
1477 353 1641 406 JEsu
1674 353 1975 406 CHRISTI.
2292 326 2298 333 ’
2389 368 2446 402 11

215 479 322 530 hoc
348 486 405 527 te
448 476 518 525 de
557 473 667 524 vita
710 483 765 524 et
795 473 1038 524 moribus
1059 470 1278 523 Domini

212 547 381 601 nostri
406 547 535 597 Jesu
581 543 806 609 Christi,
847 554 899 594 et
929 545 996 594 de
1027 542 1281 593 omnibus

209 621 278 673 ad
305 618 537 670 salutem
573 615 906 679 necessariis,
948 613 1142 681 poterit
1170 614 1280 664 cla-

206 692 323 745 rius
338 691 588 742 edocere.
619 689 755 739 Nam
769 688 1067 737 secundum
1093 685 1281 752 Chry-

206 771 524 826 sostomum,
547 763 605 812 in
630 752 922 827 Evangelio
949 760 1113 811 totius
1156 774 1281 825 per-

206 834 454 887 fectionis
499 842 700 883 naturae
756 831 1029 881 rationalis
1069 845 1283 882 summa

207 907 535 959 continetur.
608 905 681 955 Et
756 905 1057 955 secundum
1139 903 1283 954 Hie-

207 996 517 1050 muratum,
561 978 854 1046 Evangelia
887 977 1049 1044 Legis
1085 977 1283 1044 imple-

212 1055 286 1106 tio
329 1064 479 1119 sunt,
538 1063 590 1104 et
640 1053 694 1103 in
755 1052 843 1103 his
916 1061 1186 1118 praecepta
1229 1062 1283 1102 et

206 1125 451 1192 exempla
480 1124 695 1176 vivendi
721 1123 1031 1189 plenissime
1047 1132 1172 1173 sunt
1196 1122 1283 1173 di-

207 1208 373 1266 gesta.
398 1197 563 1249 Unde
580 1197 1043 1265 Clu-ysostomus·
1063 1195 1283 1261 «Opor-

203 1278 381 1322 tuerat
434 1268 661 1335 quidem
715 1266 853 1316 nihil
894 1281 995 1316 nos
1047 1265 1286 1332 indigere

207 1341 413 1420 auxilio
449 1340 769 1401 litterarum,
820 1339 914 1388 sed
969 1347 1081 1388 tam
1122 1353 1284 1387 mun-

207 1408 334 1460 dam
390 1409 450 1459 in
486 1407 743 1458 omnibus
795 1407 1050 1457 exhibere
1098 1405 1282 1472 vitam,

205 1481 510 1533 utillarum
531 1479 670 1542 vice,
699 1478 869 1544 gratia
898 1477 1136 1544 spirituS,
1164 1487 1285 1530 ute-

208 1569 415 1618 remur,
441 1562 499 1604 et
530 1553 671 1604 sicut
712 1561 1002 1602 atramento
1056 1552 1282 1619 paginae,

208 1625 283 1677 ita
334 1624 504 1676 corda
548 1632 726 1672 nostra
786 1621 1202 1673 inscriberentur
1255 1639 1286 1673 a

212 1696 441 1764 Spiritu.
502 1695 646 1755 Quia
685 1708 813 1744 vero
869 1694 1008 1744 hanc
1062 1709 1095 1745 a
1130 1694 1286 1746 nobis

217 1767 551 1819 exclusimus
606 1763 830 1831 gratiam
878 1779 1055 1830 agere,
1091 1765 1175 1816 vel
1205 1780 1287 1816 se-

217 1839 418 1888 cundas
455 1835 673 1887 divitias
721 1843 1085 1917 expectemus,
1111 1845 1167 1886 et
1207 1836 1288 1886 in-

221 1911 505 1961 tendamus
552 1907 642 1957 his
711 1921 834 1973 quae
877 1907 1076 1973 scripta
1129 1917 1278 1959 sunt.

218 1982 335 2032 Non
404 1981 557 2031 enim
615 1987 893 2044 propterea
953 1979 1087 2030 datae
1162 1989 1289 2030 sunt

214 2054 529 2121 Scripturas,
587 2061 650 2102 ut
684 2052 740 2101 in
776 2051 928 2101 libris
958 2065 1046 2101 eas
1089 2052 1288 2103 habea-

215 2141 336 2178 mus
366 2127 573 2187 solum,
597 2126 690 2175 sed
720 2133 781 2175 ut
808 2124 862 2173 in
882 2124 1136 2176 cordibus
1152 2141 1286 2176 con-

212 2198 548 2266 glutinemus
593 2208 699 2249 eas.
761 2197 820 2247 Si
873 2196 1017 2248 enim
1062 2198 1287 2250 domum

212 2272 551 2338 ubicumque
575 2271 738 2322 fuerit
755 2270 1111 2338 Evangelium
1137 2272 1287 2337 posi-

211 2351 349 2406 tum,
371 2358 485 2393 non
503 2342 721 2393 audebit
745 2344 997 2393 accedere
1022 2342 1286 2408 diabolus,

213 2414 389 2465 multo
431 2414 604 2480 magis
641 2413 874 2464 animam
909 2413 1288 2481 intelligentias

215 2486 526 2548 habentem,
553 2486 685 2536 tales
735 2496 788 2536 et
815 2485 1286 2537 circumferentem

218 2573 320 2608 non
358 2567 544 2623 tanget
583 2574 840 2625 unquam,
889 2574 1065 2626 neque
1097 2575 1288 2626 super-

221 2627 394 2679 veniet
447 2628 496 2677 ei
561 2630 794 2691 daemon,
853 2645 1028 2696 neque
1083 2629 1284 2696 peccati

220 2707 419 2748 natura.
479 2698 761 2750 Sanctifica
816 2699 979 2766 igitur
1032 2700 1285 2765 animam,

214 2768 490 2819 sanctifica
517 2784 710 2835 corpus
730 2779 906 2834 tuum,
936 2771 1042 2822 hoc
1084 2772 1144 2822 in
1181 2772 1290 2822 lin-

214 2854 320 2905 gua
348 2848 404 2889 et
431 2838 487 2888 in
527 2841 686 2889 c‘orde
737 2855 948 2907 semper
987 2842 1212 2908 habens;
1242 2841 1288 2893 si

215 2909 361 2959 enim
435 2909 828 2976 turpiloquium
895 2912 1161 2979 sordidat,
1239 2923 1291 2964 et

217 2982 494 3034 daemonae
558 2993 731 3048 vocat,
809 2984 1153 3037 manifestum
1210 2996 1290 3039 est

212 3056 364 3121 quod
391 3054 685 3121 spiritualis
711 3055 869 3106 lectio
899 3058 1208 3125 sanctificat,
1239 3069 1292 3110 et

216 3127 438 3193 spiritus
495 3128 671 3178 evellit
723 3128 963 3195 gratiam.
1033 3132 1290 3184 Attenda-

220 3213 342 3249 mus
368 3198 553 3264 igitur,
574 3198 774 3264 dilecti,
801 3200 1091 3266 Scripturis
1117 3218 1137 3252 z
1166 3211 1217 3253 et
1242 3203 1289 3254 si

219 3269 434 3320 nullum
461 3270 627 3334 aliud,
659 3271 949 3340 Evangelia
964 3274 1153 3325 saltem
1182 3275 1290 3326 cir-

221 3341 589 3393 cumstudiosa
647 3343 802 3394 nobis
868 3344 1013 3410 fiant,
1071 3355 1124 3397 et
1170 3345 1289 3398 haec

223 3427 333 3479 prae
360 3413 614 3464 manibus
634 3414 944 3466 habeamus.
986 3416 1289 3469 Confestim

226 3484 367 3535 enim
395 3487 698 3551 expandens
720 3487 905 3552 libros,
939 3487 985 3539 si
1039 3505 1290 3555 perman-

224 3555 355 3606 seris
409 3571 585 3623 usque
638 3559 704 3608 ad
757 3558 941 3624 finem,
971 3561 1153 3613 omnia
1204 3577 1291 3613 re-

225 3641 383 3692 spues
434 3630 724 3693 mundana,
781 3631 961 3682 omnia
1025 3631 1291 3684 deridebis

220 3714 345 3766 quae
373 3700 463 3751 hic
512 3713 659 3753 sunt.
696 3704 767 3754 Et
804 3704 849 3754 si
900 3705 1048 3756 dives
1101 3706 1289 3787 fueriS,

222 3770 360 3821 nihil
389 3774 657 3838 reputabis
703 3775 940 3840 divitias3
967 3786 1020 3826 et
1045 3776 1090 3827 si
1138 3777 1291 3843 inops

218 3841 407 3906 fueris,
437 3859 544 3893 non
573 3845 955 3897 confunderis
942 3846 1153 3914 inopia3
1182 3863 1295 3899 non

222 3913 415 3978 rapie8‚
453 3929 560 3963 non
615 3932 801 3967 avarus
855 3917 985 3981 eris;
1037 3920 1130 3970 sed
1160 3935 1291 3971 con-

222 3983 436 4049 cupitor
482 3985 586 4037 eris
621 3988 789 4055 magis
830 3988 1041 4055 inopiae,
1095 4000 1147 4041 et
1194 3992 1291 4041 de-

1384 471 1582 538 spicies
1606 471 1834 523 divitias.
1854 470 1912 520 Si
1939 486 2065 521 vero
2081 471 2185 522 hoc
2208 470 2319 533 fiet,
2341 485 2457 520 om·

1386 543 1476 594 nia
1524 542 1899 593 exterminabis
1948 543 2105 593 mala.
2158 542 2325 593 Multa
2355 540 2458 592 alia

1385 625 1469 666 est
1499 613 1712 680 lucrari,
1761 632 1885 683 quae
1912 631 2020 665 non
2040 624 2138 665 ·est
2172 630 2313 665 nunc
2368 628 2457 664 se-

1387 690 1628 739 cundum
1655 699 1862 756 partem
1892 687 2097 752 dicere;
2142 688 2320 742 sciunt
2359 702 2456 738 au-

1386 768 1496 809 tem
1527 760 1622 825 qui
1650 760 2030 827 experientiam
2058 775 2455 828 susceperunt.»

1386 830 1461 881 Et
1478 830 1675 882 iterum
1695 848 1711 881 ε
1737 850 1767 878 α
1784 831 1930 892 Quid
1954 830 2117 898 igitur
2137 848 2377 900 unquam
2391 852 2457 887 ex

1386 902 1694 969 Evangeliis
1760 901 1966 970 aequale
2048 900 2172 953 fiet?
2258 904 2460 972 Utique

1387 971 1534 1024 Deus
1571 982 1913 1024 conversatur
1970 972 2024 1022 in
2070 973 2243 1037 terris,
2289 974 2458 1029 homo

1386 1044 1627 1095 ascendit
1653 1044 1708 1094 in
1735 1045 1954 1108 coelum,
1986 1054 2039 1096 et
2062 1044 2199 1095 facta
2239 1056 2318 1096 est
2343 1063 2459 1098 om·
2504 1101 2510 1106 ,

1388 1115 1544 1165 nium
1583 1131 1693 1166 una
1722 1115 2009 1182 permixtio
2043 1133 2059 1167 z
2093 1116 2286 1183 Angeli
2330 1133 2459 1169 cum

1387 1186 1703 1237 hominibus
1749 1188 1976 1237 chorum
2013 1186 2297 1251 faciebant3
2353 1188 2459 1240 ho-

1390 1256 1565 1308 mines
1609 1258 1829 1324 Angelis
1878 1257 2361 1324 communicabant,
2408 1269 2461 1311 et

1389 1330 1511 1380 aliis
1538 1331 1844 1382 coelestibus
1874 1330 2228 1396 supernisque
2271 1331 2458 1383 Virtu-

1391 1402 1554 1453 tibus.
1580 1403 1652 1453 Et
1679 1412 1794 1453 erat
1816 1402 1997 1453 videre
2018 1405 2299 1472 antiquum
2319 1420 2460 1470 prae-

1391 1473 1529 1524 lium
1576 1488 1880 1539 repensum,
1931 1474 2205 1525 daemones
2244 1474 2459 1541 fugien-

1390 1553 1490 1608 tes,
1519 1553 1750 1595 mortem
1777 1554 2126 1610 peremptam,
2155 1545 2461 1612 paradisum

1389 1628 1652 1684 apertum,
1693 1617 2125 1669 maledictionem
2178 1629 2459 1684 remotam,

1390 1698 1669 1755 peccatum
1721 1689 1789 1739 de
1843 1688 2022 1739 medio
2052 1690 2342 1756 sublatum,
2373 1706 2459 1741 er-

1391 1777 1571 1812 rorem
1597 1762 1903 1827 expulsum,
1950 1762 2226 1813 veritatem
2279 1778 2459 1815 rever-

1391 1847 1528 1896 sam,
1556 1830 1766 1897 pietatis
1792 1847 2095 1882 sermonem
2135 1833 2339 1899 ubique
2372 1849 2461 1885 se·

1391 1903 1656 1953 minatum
1711 1912 1763 1954 et
1812 1912 2134 1969 vegetatum,
2189 1905 2460 1956 coelestem

1390 1973 1849 2024 conversationem
1904 1973 1960 2023 in
2036 1982 2190 2025 terrae
2244 1975 2462 2041 regione

1391 2045 1695 2110 plantatam,
1739 2052 1993 2111 supernas
2031 2044 2268 2097 Virtutes
2302 2045 2462 2096 fami-

1392 2115 1592 2165 liariter
1646 2115 1927 2166 nobiscum
1967 2115 2264 2181 loquenteS,
2307 2125 2360 2166 et
2394 2117 2462 2166 ad

1392 2195 1559 2238 terras
1585 2201 1728 2253 saepe
1754 2186 1987 2253 Angelos
2003 2184 2319 2237 ventitantes
2348 2202 2364 2236 ε
2396 2201 2463 2238 ex

1394 2258 1588 2323 hisque
1629 2257 1881 2308 omnibus
1918 2272 2068 2322 spem
2106 2255 2307 2307 firmari
2343 2272 2462 2308 cer·

1392 2327 1657 2378 tissimam
1685 2327 2012 2378 futurorum.
2045 2327 2329 2392 Propterea
2354 2327 2462 2394 igi-

1394 2411 1482 2452 tur
1509 2400 1864 2468 Evangelium
1897 2401 1995 2452 ista
2031 2411 2252 2452 vocatur
2289 2401 2464 2452 histo-

1394 2475 1488 2538 ria,
1518 2474 1672 2542 quasi
1701 2474 1908 2526 scilicet
1951 2475 2133 2524 omnia
2160 2475 2263 2526 alia
2301 2475 2463 2526 verba

1395 2548 1569 2598 inania
1637 2551 1952 2614 doceantur,
2022 2548 2220 2614 quibus
2292 2550 2466 2600 solent

1394 2624 1673 2689 praesentia
1719 2624 1976 2690 promitti.
2021 2625 2158 2685 Quae
2198 2639 2323 2675 vero
2379 2624 2465 2689 pi-

1392 2705 1663 2747 scatorum
1731 2698 2035 2749 annuntiata
2079 2708 2204 2749 sunt
2266 2697 2463 2763 verbiS,

1394 2768 1609 2834 proprie
1633 2784 1695 2819 ac
1724 2784 1849 2820 vere
1865 2769 2156 2837 Evangelia
2167 2763 2466 2819 ‘nominan-

1394 2849 1482 2891 tur
1514 2857 1526 2890 :
1556 2841 1685 2908 quia
1703 2857 1828 2892 cum
1855 2841 2002 2892 omni
2032 2842 2191 2893 nobis
2219 2842 2466 2893 facilitate

1396 2912 1586 2962 donata
1639 2922 1780 2963 sunt.
1841 2914 1962 2964 Non
2008 2914 2152 2964 enim
2193 2913 2466 2965 laboribus

1395 2985 1592 3036 nostris
1618 2995 1778 3053 atque
1816 2987 2123 3052 sudoribus,
2162 3004 2270 3038 non
2309 2988 2464 3038 dolo-

1396 3058 1546 3110 ribus
1573 3069 1625 3110 et
1651 3061 1925 3125 aerumnis,
1953 3062 2046 3112 sed
2085 3077 2180 3129 per
2209 3061 2306 3112 Dei
2346 3071 2463 3112 tan-

1394 3132 1677 3181 tummodo
1715 3131 1771 3182 in
1818 3149 1917 3184 nos
1970 3132 2300 3198 charitatem,
2355 3142 2465 3183 tam

1396 3202 1614 3267 grandia
1625 3202 1739 3255 haec
1768 3205 2030 3271 promissa
2050 3205 2417 3272 suscepimus:
2434 3222 2463 3250 ι)

1396 3275 1514 3325 haec
1535 3275 1976 3343 chrysostomus
2045 3278 2199 3329 Unde
2245 3287 2297 3328 et
2345 3278 2465 3327 Au-

1396 3348 1650 3414 gustinus
1669 3366 1686 3399 .·
1709 3367 1737 3395 α
1756 3348 2033 3416 Evangelii
2055 3366 2253 3400 nomen
2279 3347 2467 3399 Latine

1396 3419 1769 3485 interpretatur
1799 3420 1965 3470 bonus
1993 3421 2228 3483 nuntiuS,
2263 3418 2348 3468 vel
2378 3418 2466 3471 bo-

1398 3507 1468 3543 na
1497 3493 1852 3556 annuntiatiO,
1892 3495 2038 3560 quod
2069 3494 2299 3576 ⁸quidem
2338 3508 2464 3543 cum

1397 3563 1600 3632 aliquid
1630 3565 1834 3616 bonum
1865 3565 2222 3647 annuntiatur,
2253 3578 2467 3631 semper

1398 3634 1504 3685 dici
1533 3645 1749 3701 potest.
1780 3637 1995 3708 proprie
2027 3646 2203 3686 tamen
2233 3634 2337 3685 hoc
2365 3651 2465 3687 vo-

1398 3705 1651 3756 cabulum
1688 3701 1921 3757 obtinuit
1961 3704 2288 3757 annuntiatio
2346 3705 2467 3757 Sal·

1396 3779 1611 3829 vatoriS.
1657 3780 1962 3831 Narratores
2015 3778 2215 3844 quippe
2245 3779 2468 3846 originis

1397 3849 1660 3902 factorum
1699 3851 2074 3915 dictorumque
2101 3849 2320 3900 Domini
2364 3866 2465 3900 no-

1398 3921 1492 3971 stri
1521 3923 1645 3972 Jesu
1689 3921 1890 3973 Christi
1928 3921 2142 3987 proprie
2169 3922 2296 3973 dicti
2342 3931 2466 3973 sunt

1399 3992 1771 4059 Evangelistae.
1810 4013 1837 4041 »
