2784 4452
666 316 760 367 DE
791 316 983 370 FUGA
1014 321 1271 374 DOMINI
1303 324 1375 375 IN
1410 328 1797 383 AEGYPTUM.
2258 359 2349 409 141

104 430 271 495 pedes
299 428 446 480 illius
475 440 682 493 statuae,
723 449 820 485 seu
849 434 1103 503 imaginis
1131 449 1183 489 et

102 500 256 564 idoli,
302 511 384 551 est
418 501 612 564 illisuS‚
649 506 1008 574 contrivitque
1041 525 1178 570 eam,

99 581 157 622 et
199 573 259 621 in
311 573 587 638 pulverem
625 577 846 643 redegit,
893 590 945 630 et
998 592 1181 647 postea

105 641 248 693 idem
277 643 416 707 lapis
443 644 500 694 in
530 656 767 697 montem
797 664 1056 715 magnum
1085 669 1179 703 ex-

101 714 289 765 crevit.
341 716 502 781 Lapis
553 716 651 768 iste
696 719 964 785 significat
1016 724 1180 775 Chri-

104 795 271 846 stum,
320 787 416 853 qui
450 788 722 840 abscissus
767 801 848 843 est
888 794 954 844 de
996 807 1179 847 monte

97 858 218 910 sine
267 859 524 910 manibus
539 876 554 924 ;
581 862 704 928 quia
734 875 891 917 natus
918 868 985 917 de
1012 869 1178 919 Maria

97 932 219 982 sine
238 933 475 983 tactibus
504 935 856 989 maritalibus,
876 940 1037 1006 Lapis
1057 942 1174 1005 iste,

93 1003 302 1055 scilicet
330 1004 600 1066 Christus,
631 1009 885 1061 contrivit
918 1011 975 1061 in
1002 1013 1176 1079 AEgy-

104 1085 194 1140 pto
246 1075 438 1125 omnia
492 1076 662 1139 idola,
718 1081 786 1130 de
833 1097 1175 1151 quacumque

94 1156 246 1197 erant
290 1146 532 1198 materia.
571 1150 660 1210 Et,
690 1152 950 1205 confracta
983 1165 1172 1217 statua,

92 1217 229 1284 lapis
273 1218 367 1267 ille
406 1217 463 1266 in
503 1231 741 1271 montem
788 1239 1043 1290 magnum
1079 1242 1174 1277 ex-

92 1290 274 1350 crevit,
297 1291 431 1357 quia
457 1292 729 1344 destructa
755 1293 1071 1356 idololatria,
1102 1297 1172 1347 fi-

89 1360 182 1409 des
205 1361 415 1411 Christi
437 1378 531 1427 per
554 1373 728 1413 totum
755 1367 1018 1416 mundum
1048 1368 1172 1418 ino-

84 1431 231 1481 levit.
273 1433 349 1483 Et
379 1434 629 1484 Christus
655 1436 819 1486 crevit
846 1436 901 1486 in
928 1449 1171 1489 montem

87 1504 249 1554 talem
281 1515 333 1555 et
368 1515 599 1567 tantum,
630 1509 776 1572 quod
813 1524 1027 1560 summa
1060 1511 1170 1560 im-

85 1578 374 1630 mensitate
398 1582 621 1646 replevit
648 1592 758 1632 tam
784 1584 980 1642 coelum
1006 1601 1169 1651 quam

83 1651 376 1701 mundum.

105 1733 111 1740 ·
150 1737 213 1786 17
250 1723 457 1773 Sensus
478 1738 730 1775 urs-ricus
749 1741 1043 1777 rnAnsrrus
1066 1728 1170 1778 Do-

83 1808 194 1842 mm
232 1810 292 1843 IN
325 1796 630 1847 AEovpruu.
662 1825 722 1834 —
749 1798 852 1847 Per
880 1799 1165 1850 transitum

82 1862 310 1913 Domini
343 1865 402 1914 in
434 1866 752 1932 AEgyptum,
798 1879 1013 1936 propter
1042 1886 1167 1936 per—

82 1934 427 1984 secutionem
485 1937 714 1987 Herodis
740 1976 755 2003 ‚
829 1938 1165 2003 significatus

78 2003 179 2056 fuit
207 2006 478 2057 transitus
511 2009 897 2074 Apostolorum
935 2012 1000 2061 ad
1032 2014 1167 2063 Gen-

79 2086 174 2137 tes,
206 2088 435 2143 propter
471 2080 899 2144 persecutionem
937 2083 1021 2133 eis
1042 2100 1162 2133 mo-

78 2158 186 2199 tam
236 2165 271 2199 a
316 2150 534 2201 Judaeis.
583 2152 682 2201 Per
715 2153 948 2204 reditum
983 2165 1162 2205 autem

78 2220 189 2285 ejus
243 2219 303 2270 in
344 2220 602 2286 Judaeam‚
636 2222 887 2274 defuncto
930 2225 1157 2291 Herode,

74 2293 424 2360 significatur
475 2296 801 2348 illuminatio
849 2300 1159 2350 Judaeorum

74 2364 131 2415 in
186 2366 392 2416 mundi
445 2366 570 2418 fine.
624 2369 811 2430 Unde,
860 2373 1159 2422 secundum

76 2437 413 2502 Remigium,
453 2454 547 2505 per
578 2439 779 2506 Joseph
808 2441 1159 2509 designantur

76 2508 493 2573 praedicatores;
528 2525 621 2574 per
653 2527 898 2577 puerum,
940 2512 1072 2564 fides
1108 2525 1159 2565 et

74 2579 274 2630 notitia
341 2580 630 2643 Salvatoris
669 2598 683 2646 ;
757 2600 851 2650 per
915 2587 1155 2648 Mariam,

74 2650 317 2700 Ecclesia
347 2660 401 2701 et
430 2667 574 2702 sacra
598 2654 898 2720 Scriptura;
931 2672 1025 2722 per
1046 2674 1158 2724 per-

75 2722 411 2772 secutionem
434 2723 681 2784 Herodis‚
705 2728 1002 2791 persecutio
1022 2728 1156 2779 facta

72 2809 105 2843 a
150 2794 363 2844 Judaeis
391 2809 406 2856 ;
460 2810 556 2860 per
605 2795 787 2861 fugam
843 2799 1045 2865 Joseph
1100 2800 1155 2850 in

74 2865 396 2931 AEgyptum,
444 2866 702 2916 transitus
745 2869 1154 2934 praedicatorum

67 2939 134 2987 ad
162 2939 392 3001 Gentes,
427 2939 493 2988 ad
526 2954 662 3004 quas
681 2938 843 2991 fidem
870 2941 1074 2992 Christi
1104 2952 1154 2993 et

74 3008 326 3058 Ecclesiae
349 3010 607 3069 tulerunt,
635 3010 820 3060 relicto
851 3012 1077 3072 Herode,
1098 3012 1153 3062 id

67 3091 148 3131 est
173 3082 499 3131 Judaeorum
529 3081 874 3148 infidelitate;
904 3099 998 3150 per
1027 3095 1155 3134 tem·

68 3166 168 3216 pus
221 3161 412 3202 autem
461 3168 571 3218 quo
626 3153 731 3204 fuit
786 3154 840 3204 in
896 3157 1148 3222 AEgypt0‚

63 3226 315 3289 spatium
335 3226 601 3290 temporis
620 3227 686 3277 ab
704 3228 1018 3277 ascensione
1036 3228 1152 3278 Do—

68 3294 222 3355 mini,
257 3311 440 3361 usque
469 3297 534 3345 ad
559 3298 846 3348 adventum
870 3299 1151 3350 Antichri-

60 3367 174 3430 sti;
211 3383 313 3433 per
357 3369 570 3418 obitum
614 3370 860 3430 Herodis,
892 3371 1151 3423 extinctio

61 3436 290 3490 invidiae
340 3439 396 3489 in
447 3440 702 3491 cordibus
748 3442 1055 3494 Judaeorum
1092 3444 1148 3494 in

60 3506 189 3560 fine.
267 3511 429 3560 Tunc
501 3510 679 3578 itaque
738 3514 1006 3565 Dominus
1091 3514 1148 3566 in

59 3580 308 3646 AEgypto
332 3581 648 3648 ignorantiae
669 3585 914 3635 tenebras
942 3586 1149 3653 effuga—

62 3650 153 3710 vit,
200 3662 261 3701 et
301 3652 578 3702 idolorum
616 3655 848 3706 vanitate
891 3657 1146 3719 discussa,

59 3719 155 3772 Dei
205 3722 328 3773 veri
380 3724 587 3774 cultum
644 3727 1149 3795 venerationemque

56 3794 350 3861 reparavit.
384 3795 490 3845 Ubi
535 3794 674 3862 ignis
702 3796 825 3848 fidei
856 3814 1147 3850 succensus

56 3862 114 3914 in
138 3875 369 3916 tanturn
401 3867 651 3928 excrevit,
685 3870 831 3934 quod
860 3870 1022 3921 etiam
1047 3870 1146 3921 de—

54 3946 198 3989 serta
240 3939 362 4003 ejus
392 3939 708 4005 repleverit3
735 3941 954 3992 Domini
997 3941 1144 3994 enim

1285 444 1585 507 praesentia,
1606 451 1951 512 postmodum
1970 469 2182 508 eremus
2200 462 2361 529 AEgy-

1285 515 1363 579 pti
1409 519 1623 579 meruit,
1667 532 1726 571 ut
1763 526 2009 588 paradiso
2051 531 2259 596 melior,
2307 545 2360 585 et

1286 587 1421 636 coelo
1451 590 1643 640 clarior
1669 592 1853 645 effecta
1880 597 2169 652 videretur.
2203 604 2357 658 Unde

1288 657 1713 726 Chrysostomus
1738 682 1757 715 .·
1795 686 1818 712 κ
1860 667 2104 735 Denique
2150 673 2193 722 si
2232 677 2357 740 quis

1285 745 1427 779 nunc
1456 733 1521 782 ad
1550 735 1767 801 AEgypti
1800 739 1975 790 veniat
2004 742 2321 797 solitudines
2339 787 2353 807 ‚

1283 800 1529 863 paradiso
1571 820 1789 869 prorsus
1817 823 2035 861 omnem
2078 812 2226 864 illam
2266 818 2355 867 vi-

1283 869 1405 919 deat
1442 887 1683 925 eremum
1728 877 2057 944 digniorem,
2098 894 2150 934 et
2185 886 2354 937 innu-

1285 942 1567 993 merabiles
1588 947 1916 1013 Angelorum
1946 964 2114 1004 coetus
2142 955 2197 1004 in
2226 973 2351 1008 cor-

1283 1012 1506 1077 poribus
1521 1014 1726 1083 fulgere
1745 1024 2079 1076 mortalibus.
2098 1028 2190 1078 Est
2203 1030 2348 1080 enim

1281 1097 1494 1135 cernere
1536 1097 1644 1137 tota
1690 1089 1781 1141 illa
1828 1094 2045 1160 regione
2090 1097 2349 1151 diffusum

1280 1157 1571 1208 exercitum
1616 1161 1836 1228 Christi,
1884 1176 1936 1216 et
1975 1169 2347 1223 admirabilem

1279 1226 1435 1278 illum
1471 1231 1677 1297 regium
1706 1250 1938 1301 gregem,
1977 1239 2351 1309 virtutumque

1278 1301 1576 1351 coelestium
1616 1309 2071 1361 conversationem
2100 1312 2156 1362 in
2192 1317 2348 1367 terris

1281 1371 1582 1426 micantem.
1626 1377 1747 1428 Non
1789 1377 1862 1429 ita
1890 1382 2049 1432 variis
2079 1396 2346 1437 astrorum

1277 1442 1457 1493 choris
1486 1447 1679 1497 coelum
1716 1449 1963 1517 refulget,
1995 1464 2057 1504 ut
2082 1456 2348 1523 AEgyptus

1276 1516 1581 1568 innumeris
1624 1522 2011 1574 monachorum
2052 1526 2347 1594 distingui-

1274 1596 1362 1638 tur
1414 1600 1574 1654 atque
1642 1590 1939 1644 illustratur
2008 1596 2344 1652 habitaculis,

1276 1659 1471 1710 Noctes
1500 1660 1719 1726 quidem
1750 1665 1915 1715 sacris
1944 1666 2168 1732 hy'mnis
2196 1680 2248 1721 et
2273 1671 2348 1723 vi-

1272 1730 1438 1796 giliis,
1488 1733 1603 1784 dies
1644 1751 1768 1785 vero
1822 1738 2173 1800 orationibuS,
2222 1759 2344 1793 ma-

1274 1817 1556 1868 nuumque
1570 1806 1824 1869 operibus
1837 1821 2099 1870 exercent,
2121 1813 2344 1877 Aposto-

1271 1870 1387 1922 licae
1433 1888 1648 1924 cursum
1697 1877 1910 1929 virtutis
1947 1879 2217 1933 imitantes
2253 1901 2266 1934 t
2311 1905 2339 1933 υ

1272 1941 1384 1993 haec
1419 1945 1862 2011 Chrysostomus.

1345 2013 1407 2063 18
1442 2017 1624 2066 MAmA
1647 2035 1713 2067 ET
1731 2020 1928 2070 ,lost-:1³11
1952 2038 2010 2072 sr:
2033 2039 2140 2073 cun
2163 2041 2339 2077 rufino

1267 2085 1395 2135 Jsssu
1469 2087 1807 2139 Hmopomu
1882 2107 2208 2145 conrenunr.
2278 2125 2338 2135 —

1269 2156 1484 2206 Iverunt
1510 2172 1637 2222 ergo
1664 2160 1728 2208 ad
1749 2162 2039 2225 quamdam
2068 2163 2336 2216 civitatem

1267 2226 1580 2289 Thebaidae‚
1615 2246 1737 2296 quae
1768 2241 1982 2281 vocatur
2020 2234 2334 2301 Heliopolis,

1267 2308 1318 2348 et
1347 2299 1422 2348 ibi
1451 2300 1686 2365 aliquam
1716 2302 2099 2354 domunculam
2126 2308 2337 2358 condu-

1266 2380 1461 2430 centeS‚
1491 2370 1864 2423 habitaverunt
1893 2390 1987 2438 per
2003 2387 2206 2442 septem
2236 2394 2338 2428 an-

1267 2457 1384 2500 nOS,
1434 2452 1684 2508 tanquam
1717 2445 1929 2496 advenae
1970 2457 2022 2496 et
2050 2449 2335 2515 peregrini,

1266 2530 1527 2581 pauperes
1553 2525 1604 2565 et
1624 2517 1795 2582 egeni.
1824 2518 1926 2567 Sed
1958 2521 2111 2570 unde·
2128 2532 2181 2571 et
2204 2539 2340 2588 quo-

1265 2585 1430 2635 modo
1460 2585 1546 2636 isti
1582 2596 1731 2637 tanto
1770 2597 2013 2655 tempore
2047 2592 2336 2643 vivebant?

1265 2655 1545 2722 Numquid
1568 2658 1941 2709 mendicabant
1962 2660 1980 2710 ?
2004 2662 2224 2727 Legitur
2249 2679 2336 2713 au-

1264 2736 1374 2776 tem
1409 2728 1473 2777 de
1514 2729 1763 2793 Domina,
1807 2732 1953 2796 quod
1991 2733 2107 2781 colo
2151 2745 2203 2783 et
2238 2750 2333 2785 acu

1262 2800 1533 2864 quaerebat
1586 2800 1689 2850 sibi
1736 2811 1786 2852 et
1829 2803 1970 2852 Filio
2021 2806 2333 2857 necessaria.

1261 2872 1459 2922 Suebat
1487 2888 1612 2938 ergo
1642 2883 1694 2922 et
1723 2873 1901 2924 filabat
1922 2876 2149 2928 Domina
2180 2895 2334 2930 mun-

1261 2940 1315 2990 di
1358 2957 1455 3007 pro
1486 2943 1674 3008 pretio,
1706 2946 2030 3010 paupertatis
2059 2963 2240 3000 amore
2280 2960 2333 3002 et

1257 3013 1390 3063 zelo,
1423 3014 1632 3079 Oquot
1679 3025 1729 3064 et
1769 3026 1983 3080 quantae
2019 3017 2330 3083 hujusmodi

1257 3083 1478 3133 advenis
1498 3083 1696 3134 fiebant
1728 3085 1952 3151 injuriae,
1975 3104 2109 3153 quas
2139 3092 2331 3142 Domi-

1259 3170 1362 3204 nus
1384 3155 1553 3206 vitare
1584 3172 1693 3205 non
1717 3156 1879 3218 venit,
1903 3160 1993 3209 sed
2024 3162 2328 3227 suscipere!

1258 3225 1402 3285 Quid
1413 3226 1573 3276 etiam
1589 3226 1632 3276 si
1648 3227 1938 3293 aliquando
1949 3230 2119 3282 Filius
2132 3232 2328 3284 famem

1257 3299 1479 3365 patiens,
1515 3315 1704 3365 panem
1735 3301 1902 3367 petiit,
1932 3318 2027 3355 nec
2061 3306 2202 3354 unde
2233 3307 2329 3356 da·-

1260 3380 1339 3421 ret
1377 3372 1546 3421 Mater
1574 3371 1792 3424 habuit!
1841 3375 2029 3424 Nonne
2076 3375 2127 3424 in
2157 3375 2242 3426 his
2272 3387 2324 3427 et

1256 3442 1557 3503 similibuS‚
1614 3444 1846 3494 totaliter
1889 3446 2331 3497 concutiebantur

1254 3512 1459 3564 viscera
1511 3514 1663 3579 ejus?
1710 3515 2097 3566 Consolabatur
2149 3517 2329 3568 verbis

1256 3583 1491 3649 Filium,
1521 3596 1682 3651 prout
1709 3597 1930 3652 poterat,
1963 3597 2013 3637 et
2042 3587 2330 3639 nihilomi-

1256 3671 1358 3706 nus
1381 3672 1543 3722 opere
1569 3656 1772 3707 victum
1803 3658 2135 3725 procurabat,
2169 3669 2220 3709 et
2248 3659 2326 3708 si·-

1256 3727 1310 3778 bi
1340 3727 1478 3778 forte
1517 3728 1802 3795 aliquando
1842 3730 1906 3778 de
1934 3728 2078 3779 victu
2112 3730 2324 3780 subtra-

1255 3799 1440 3863 hebat,
1478 3810 1539 3850 ut
1576 3799 1714 3849 Filio
1742 3809 2047 3850 reservaret.
2077 3800 2147 3851 Et
2183 3800 2228 3851 si
2258 3817 2325 3852 ex

1254 3886 1415 3936 opere
1455 3886 1711 3921 manuum
1761 3871 2036 3937 oportebat
2081 3886 2324 3937 quaerere

1250 3941 1471 4008 victum,
1501 3941 1633 4008 quid
1661 3941 1905 3992 dicemus
1934 3943 2001 3992 de
2033 3942 2324 3994 vestimen-
