2784 4452
594 321 603 330 ’
649 354 742 404 DE
777 353 1214 404 NATIVITATE
1243 352 1688 405 sALvAToms
1719 352 1999 403 NosTRL
2374 369 2444 421 79

188 475 395 526 dicitur
441 471 730 538 praevisum
786 485 932 531 esse,
984 480 1067 521 ut·
1104 470 1162 520 in
1205 486 1267 522 &a

186 547 306 612 ipse
352 544 650 602 inchoaret,
698 550 752 591 et
800 541 995 592 deinde
1037 557 1133 608 per
1173 541 1269 592 cir-

185 626 524 670 cumstantes
569 614 816 681 regiones
869 616 961 666 alii
1014 616 1268 682 praesides

186 697 669 756 prosequerentur.
706 687 806 737 Vel
840 686 1019 753 prima
1043 686 1268 737 univer-

183 761 345 821 sali3‚
391 760 450 810 in
509 772 616 824 qua
656 757 944 808 universus
990 757 1140 807 orbis
1183 757 1269 807 de-

185 831 451 883 scribitur
475 869 490 890 ,
557 828 687 894 quia
741 828 861 879 aliae
922 828 1268 895 particulares

185 901 530 969 praecessisse
572 898 973 965 intelliguntur.
1012 900 1114 950 Vel
1149 899 1268 965 pri-

185 988 279 1024 ma
325 970 564 1037 capitum
624 969 685 1019 in
733 967 973 1032 civitate,
1033 969 1196 1021 fiebat
1236 984 1268 1020 a

185 1042 448 1111 praeside3
495 1041 750 1102 secunda,
789 1041 1068 1091 civitatum
1098 1039 1157 1091 in
1192 1056 1270 1091 re-

187 1116 355 1182 gione
378 1152 391 1174 ,
454 1128 484 1163 a
534 1113 710 1177 legato
784 1112 1044 1177 Caesaris;
1091 1112 1265 1174 tertia,

184 1186 476 1252 regionum
520 1184 576 1233 in
623 1184 772 1244 orbe,
818 1199 999 1234 coram
1040 1184 1265 1236 Caesare.

185 1258 290 1307 Hic
333 1257 576 1323 primum
625 1255 805 1305 Judaea
844 1254 979 1306 facta
1018 1265 1099 1307 est
1150 1257 1266 1307 Ro-

188 1325 374 1377 manis
421 1324 726 1386 tributaria,
766 1340 861 1375 seu
898 1326 1265 1393 stipendiaria.

184 1398 314 1447 Haec
365 1396 659 1461 descriptio
706 1397 1032 1461 quotannis,
1078 1397 1133 1448 id
1185 1407 1268 1447 est

187 1467 427 1533 singulis
472 1466 652 1526 anniS‚
697 1476 883 1532 postea
927 1465 1062 1517 facta
1115 1467 1267 1518 vide-

185 1553 312 1603 tur,
364 1541 497 1609 quia
554 1542 612 1591 in
661 1542 954 1607 Evangelio
1009 1543 1208 1608 legitur
1239 1555 1265 1593 ἐ

190 1614 480 1681 Magister
542 1619 721 1663 vester
787 1626 891 1663 non
959 1612 1124 1665 solvit
1176 1613 1264 1664 di-

188 1686 469 1737 drachma.

252 1757 283 1807 3
322 1758 450 1808 Ima
489 1757 687 1807 Malam
728 1773 800 1808 13⁶1·
845 1758 1041 1808 Josm’u
1082 1757 1265 1808 Barzi-

192 1844 376 1879 uzmm
429 1828 583 1878 Junaz
642 1844 989 1879 vmxanrmn.
1058 1857 1120 1867 —
1189 1829 1268 1879 Et

186 1901 340 1951 ibant
364 1913 548 1950 omnes
572 1905 629 1949 ut
648 1900 1036 1965 profiterentur
1059 1899 1268 1966 singuli

189 1972 246 2021 in
275 1985 434 2022 suam
471 1970 759 2035 civitatem,
796 1972 948 2021 unde
1001 1971 1266 2022 duxerant

186 2041 477 2108 originem.
533 2041 1022 2107 Appropinquante
1084 2052 1263 2093 autem

183 2116 425 2166 termino
453 2131 651 2165 novem
683 2114 978 2176 mensium,
1002 2116 1261 2178 ascendit,

188 2187 496 2238 secundum
534 2186 635 2237 loci
679 2185 868 2249 situm,
901 2194 955 2238 et
993 2186 1193 2254 Joseph
1230 2202 1265 2238 a

182 2257 475 2326 Nazareth
527 2258 794 2323 Galilaeae,
846 2259 942 2310 ubi
995 2259 1263 2321 manebat,

184 2346 306 2383 cum
336 2331 530 2382 Maria
573 2332 903 2397 desponsata
944 2333 1052 2384 sibi
1092 2347 1267 2383 uxore

182 2409 532 2470 praegnante,
576 2404 630 2454 in
677 2405 947 2456 Bethleem
993 2405 1172 2469 Judae,
1198 2407 1267 2457 ci·-

183 2474 355 2526 'vitate
410 2475 615 2539 David,
665 2476 795 2542 quia
839 2476 916 2528 ibi
961 2486 1121 2527 natus
1164 2486 1263 2538 est,

183 2556 237 2596 et
281 2545 341 2596 in
385 2561 566 2612 regem
603 2556 802 2597 unctus
847 2547 968 2609 fuit,
1007 2548 1075 2598 de
1112 2549 1266 2614 cujus

192 2617 379 2677 dom0,
421 2616 475 2666 id
524 2626 628 2679 est,
676 2618 933 2684 progenie
965 2629 1018 2671 et
1060 2618 1266 2670 familia

188 2699 306 2741 erat
356 2691 559 2757 Joseph
612 2701 666 2742 et
707 2692 870 2743 etiam
912 2693 1111 2755 Maria,
1168 2693 1263 2744 ubi

186 2761 471 2812 habitabat
510 2777 700 2813 eorum
742 2779 915 2830 genus
945 2773 999 2815 et
1039 2764 1263 2826 familia,

182 2843 247 2883 ut
316 2842 370 2883 et
434 2831 538 2899 ipsi
598 2833 737 2884 sicut
795 2835 977 2899 ceteri,
1019 2836 1262 2886 eamdem

183 2905 427 2957 facerent
472 2906 884 2973 professionem.
939 2908 1047 2961 Ubi
1099 2910 1222 2960 vide
1247 2949 1263 2971 ,

185 2976 493 3027 Dominum
523 2988 743 3044 propter
784 2989 854 3039 te,
893 2978 1058 3029 etiam
1092 2980 1265 3046 capite

183 3047 371 3098 censui
406 3048 640 3098 adscribi
675 3048 734 3098 in
768 3048 946 3109 terriS,
978 3058 1042 3099 ut
1074 3059 1127 3100 et
1156 3066 1264 3105 no,-

182 3133 314 3168 men
344 3127 504 3167 tuum
539 3118 877 3170 adscribatur
904 3119 962 3170 in
991 3119 1170 3172 coelis,
1201 3122 1260 3171 In

181 3202 295 3253 quo
320 3187 471 3238 dedit
484 3189 792 3255 exemplum
808 3190 1135 3240 humilitatis
1149 3206 1263 3257 per-

181 3256 351 3320 fectae,
382 3273 413 3308 a
444 3274 551 3325 qua
577 3260 821 3311 Salvator
846 3260 1051 3328 incepit
1072 3276 1104 3312 a
1127 3261 1263 3313 nati-

179 3330 364 3391 vitate,
401 3341 453 3382 et
480 3348 598 3383 eam
627 3334 967 3385 continuavit
993 3350 1169 3402 usque
1194 3336 1261 3386 ad

181 3411 438 3467 mortem,
483 3402 542 3453 in
584 3418 691 3469 qua
728 3404 1033 3456 humiliavit
1081 3411 1262 3456 semet·

179 3471 361 3538 ipsum
378 3510 396 3534 ,
429 3472 625 3538 sactus
682 3475 931 3526 obediens
978 3490 1145 3542 usque
1186 3476 1263 3526 ad

178 3555 412 3594 erucem.
452 3543 609 3595 Unde
641 3545 795 3596 Beda
828 3562 846 3597 .·
877 3564 906 3593 α
938 3546 1107 3613 Cujus
1147 3561 1260 3596 non

175 3625 569 3683 praetereunter
592 3628 740 3670 tanta
772 3629 993 3688 tamque
1025 3619 1262 3686 benigna

178 3697 266 3738 est
289 3686 574 3739 humilitas
592 3689 868 3752 intuenda,
895 3690 1026 3757 quia
1049 3706 1261 3741 non-so-

175 3757 300 3809 lum
325 3757 591 3809 incarnari
623 3775 721 3825 pro
746 3759 945 3824 nobis;
974 3761 1069 3810 sed
1104 3768 1158 3812 et
1194 3774 1260 3810 eo

179 3837 428 3894 tempore
457 3828 709 3895 dignatus
736 3828 808 3880 sit
836 3828 1122 3891 incarnari,
1148 3845 1258 3897 quo

179 3915 313 3952 mox
335 3911 494 3951 natus
515 3902 700 3954 censui
729 3902 955 3954 Caesaris
983 3902 1259 3953 adscribe-

180 3979 348 4037 retur,
400 3980 562 4038 atque
615 3972 687 4023 ob
742 3971 914 4026 nostri
972 3971 1274 4025 liberatio-⁴

1375 482 1504 521 nem
1531 507 1558 533 ,.
1597 470 1714 537 ipse
1770 469 1988 521 servitio
2036 470 2376 521 subderetur.
2413 490 2444 519 υ

1435 557 1473 606 4
1507 542 1683 591 Huius
1735 555 1961 598 rrmssais
2019 555 2315 592 rancum.
2382 570 2445 581 —

1374 615 1669 666 Considera
1719 615 1880 665 etiam
1930 614 2077 680 quod
2127 613 2251 664 licet
2291 614 2448 669 beata

1371 688 1538 754 Virgo
1561 687 1730 738 Maria
1749 688 1854 754 jam
1877 686 2211 752 concepisset
2239 688 2446 754 Regem

1374 762 1496 813 coeli
1530 771 1585 812 et
1620 771 1794 822 terrae,
1833 761 1948 827 ipsa
1971 768 2152 810 tamen
2176 776 2284 810 una
2318 777 2444 813 cum

1373 847 1575 899 sponso
1600 848 1703 883 suo
1729 831 1950 899 Joseph,
1977 831 2241 897 imperiali
2269 832 2446 883 edicto

1372 904 1547 955 voluit
1582 904 1822 969 obedire,
1851 915 1911 955 ut
1943 913 2126 970 posset
2150 919 2275 954 cum
2305 905 2448 956 Filio

1372 973 1554 1026 dicere
1611 992 1628 1026 ε
1692 976 1789 1027 Sic
1859 976 2009 1027 decet
2033 977 2151 1037 {nos
2222 976 2446 1041 implere

1373 1059 1579 1097 omnem
1615 1045 1891 1112 justitiam
1909 1062 1931 1108 ,·
1978 1062 2036 1097 ac
2077 1061 2172 1107 per
2214 1046 2318 1096 hoc
2357 1047 2445 1097 da-

1372 1126 1456 1166 ret
1492 1115 1650 1167 nobis
1686 1117 1994 1182 exemplum
2036 1115 2443 1182 obtemperandi

1372 1186 1527 1238 omni
1576 1187 1825 1254 potestati
1876 1187 2163 1254 superiori.
2214 1188 2446 1239 Laborat

1372 1274 1500 1326 ergo
1560 1260 1761 1310 iterum
1819 1261 2051 1311 Domina
2113 1260 2218 1312 hoc
2278 1261 2445 1327 longo

1372 1330 1581 1384 itinere.
1649 1332 1789 1382 Nam
1853 1348 1885 1383 a
1941 1332 2199 1382 Nazareth
2271 1346 2445 1398 usque

1371 1403 1429 1453 in
1473 1404 1772 1455 Jerusalem
1823 1415 1952 1455 sunt
2010 1404 2227 1470 triginta
2273 1404 2445 1469 quin-

1371 1491 1481 1541 que
1520 1475 1792 1536 milliaria‚
1842 1485 1896 1525 et
1934 1474 2132 1525 deinde
2174 1476 2234 1525 in
2276 1475 2446 1525 decli-

1368 1546 1462 1596 vio
1489 1545 1694 1597 montis
1732 1546 2028 1596 Jerusalem
2047 1584 2063 1606 ,
2105 1560 2294 1596 versus
2339 1560 2449 1595 me-

1370 1616 1584 1678 ridiem,
1634 1627 1719 1668 est
1777 1617 2099 1667 Bethlehem
2152 1616 2273 1677 sita,
2325 1631 2446 1683 quae

1370 1701 1424 1742 et
1476 1692 1718 1757 Ephrata
1775 1699 1856 1742 est
1915 1691 2074 1750 dicta,
2140 1691 2347 1742 distans
2414 1706 2447 1742 a

1370 1762 1694 1822 Jerusalem,
1736 1776 1833 1827 per
1875 1760 2119 1828 quinque
2163 1760 2444 1822 milliaria,

1368 1836 1453 1886 vel
1505 1835 1662 1886 circa.
1713 1835 1800 1885 Ex
1853 1835 1959 1885 hoc
2004 1834 2122 1884 loco
2174 1834 2448 1900 colligitur

1369 1907 1518 1973 quod
1583 1908 1739 1957 beata
1795 1906 1991 1972 Virg0,
2046 1906 2175 1958 licet
2228 1905 2446 1971 gravida

1368 1988 1527 2039 oeset,
1561 1987 1616 2029 et
1646 1978 1754 2044 jam
1787 1976 1965 2028 vicina
1998 1976 2198 2043 partui,
2230 1992 2342 2027 non
2373 1987 2446 2027 ta-

1370 2064 1499 2100 men
1530 2065 1596 2099 ex
1628 2049 1733 2100 hoc
1756 2049 2076 2114 gravabatur
2112 2048 2171 2098 in
2202 2063 2443 2114 corpore,

1370 2119 1508 2185 quin
1549 2119 1653 2170 iret
1688 2121 1755 2170 de
1799 2118 2072 2185 provincia
2113 2118 2167 2169 in
2220 2119 2444 2185 provin-

1369 2192 1510 2244 ciam
1546 2209 1564 2244 :
1616 2192 1763 2261 quia,
1794 2201 1855 2243 ut
1898 2191 2028 2242 dicit
2079 2192 2440 2258 AugustinuS,

1368 2281 1499 2316 cum
1559 2275 1700 2316 esset
1744 2265 1913 2330 Virgo
1961 2263 2197 2329 gravida,
2239 2264 2444 2315 salubri

1370 2339 1585 2390 levitate
1652 2337 1953 2404 plaudebat.
2031 2336 2241 2386 Lumen
2294 2337 2443 2388 enim

1368 2409 1517 2476 quod
1552 2409 1609 2460 in
1635 2424 1693 2458 se
1724 2407 1974 2467 habebat,
2001 2407 2215 2473 pondus
2246 2408 2446 2460 habere

1370 2497 1479 2532 non
1503 2490 1726 2546 poterat.
1767 2478 2067 2531 Referendo
2094 2480 2310 2545 singula
2336 2480 2445 2532 sin·

1369 2553 1534 2620 gulis,
1577 2551 1779 2619 Joseph
1822 2553 2012 2603 volens
2059 2553 2264 2602 solvere
2311 2567 2445 2603 cen-

1368 2638 1493 2673 sum
1547 2620 1861 2689 imperatori
1910 2631 2126 2672 terreno
2143 2661 2158 2683 ‚
2206 2623 2446 2674 ascendit

1368 2695 1435 2744 de
1479 2692 1754 2760 provincia
1789 2691 1847 2742 in
1890 2691 2245 2757 provinciam,
2293 2693 2444 2743 scili-

1367 2774 1451 2815 cet
1499 2765 1567 2815 de
1602 2763 1821 2814 Galilaea
1871 2762 1930 2813 in
1970 2764 2239 2825 Judaeam‚
2288 2774 2343 2814 et
2375 2765 2444 2816 de

1367 2837 1579 2888 civitate
1643 2836 1702 2887 in
1762 2836 2034 2887 civitatem
2052 2874 2066 2896 ,
2128 2835 2333 2886 scilicet
2375 2837 2454 2887 de'

1369 2908 1637 2959 Nazareth
1677 2907 1738 2958 in
1774 2906 2112 2957 Bethlehem.

1435 2980 1465 3030 5
1500 2980 1739 3031 Mys-nei
1773 2993 2188 3030 imi-:aramum
2224 2979 2250 3030 J
2256 2995 2439 3041 osam,

1368 3049 1657 3099 Numi-:Tu
1695 3065 1763 3099 m·
1790 3050 2138 3099 Barnaeum.
2168 3077 2228 3087 —
2258 3051 2440 3101 Mora-

1368 3120 1529 3180 liter,
1588 3120 1793 3186 Joseph
1815 3157 1831 3181 ,
1894 3120 1989 3186 qui
2059 3120 2441 3187 interpretatur

1367 3197 1755 3257 augmentum,
1795 3191 1849 3241 id
1901 3202 2014 3251 est,
2058 3191 2290 3258 quilibet
2333 3208 2441 3243 no-

1366 3271 1577 3325 strum,
1612 3262 1801 3311 volens
1843 3261 2197 3328 spiritualiter
2224 3262 2437 3328 augeri,

1367 3332 1414 3382 si
1456 3332 1664 3383 solvere
1705 3333 1823 3383 vult
1866 3348 2091 3384 censum
2135 3333 2440 3384 devotionis

1365 3412 1562 3453 aeterno
1625 3402 1795 3469 Regi,
1842 3403 2003 3453 debet
2053 3403 2131 3457 ire
2187 3403 2439 3468 passibus

1366 3472 1630 3524 virtutum
1653 3511 1669 3538 ,
1729 3483 1782 3525 et
1839 3475 2124 3524 ascendere
2162 3474 2229 3524 de
2294 3473 2441 3524 Gali-

1366 3544 1496 3605 laea,
1542 3543 1597 3594 id
1630 3554 1711 3594 est
1735 3582 1749 3605 ‚
1789 3545 1858 3595 de
1897 3545 2104 3594 mundo
2132 3553 2186 3593 et
2222 3544 2440 3594 volubi—

1365 3616 1517 3667 litate
1552 3616 1842 3667 mundanae
1888 3615 2334 3677 conversationis,
2371 3617 2439 3666 ad

1363 3687 1605 3739 Judaeam
1647 3687 2005 3738 confessionis
2045 3695 2099 3736 et
2141 3685 2316 3737 laudis
2362 3685 2442 3736 di-

1362 3757 1522 3810 vinae.
1586 3759 1723 3810 Nam
1786 3757 2004 3809 Galilaea
2057 3757 2440 3822 interpretatur

1366 3827 1799 3894 transmigratae,
1851 3827 1934 3877 vel
1973 3833 2114 3890 rota,
2160 3842 2254 3877 seu
2293 3827 2439 3878 volu-

1364 3900 1492 3952 bilis
1505 3915 1528 3963 3
1583 3901 1766 3952 Judaea
1820 3915 1975 3959 νει-ο,
2023 3899 2312 3965 confessio,
2361 3900 2437 3952 Et

1363 3972 1442 4025 sic
1487 3971 1668 4026 eundo
1685 4009 1701 4036 ,
1763 3971 2003 4025 ascendit
2050 3970 2118 4022 de
2171 3971 2431 4024 Nazareth
