2784 4452
316 214 428 268 2²8

312 332 481 383 draco
509 331 764 391 latitabat,
794 346 955 397 quem
975 346 1109 397 gens
1125 340 1382 397 tanquam

317 403 492 454 Deum
522 402 815 453 aestimabat
834 440 849 463 ,
878 402 964 453 cui
993 402 1240 453 sacerdos
1273 411 1382 452 sta-

317 474 451 524 tutis
482 473 629 524 horis
657 474 843 524 cibum
880 473 1163 537 offerebat;
1194 472 1380 524 Daniel

316 557 496 597 autem
524 561 754 596 massam
792 547 858 596 de
885 546 1002 611 pice
1040 556 1093 596 et
1120 545 1302 610 adipe,
1328 554 1382 594 et

317 618 444 683 pilis
467 616 710 677 confecit,
738 627 790 667 et
819 617 878 667 in
913 632 973 667 os
1009 616 1261 666 draconis
1292 616 1381 666 in-

306 689 457 755 jecit.
485 689 660 749 Quam
687 705 810 740 cum
841 688 1076 741 comedit
1097 687 1279 759 statim
1300 696 1382 738 est

316 771 561 827 eruptuS,
595 771 647 811 et
693 761 769 811 sic
805 772 1033 828 uterque
1068 762 1347 811 devorator
1365 798 1380 821 ,

315 841 367 882 et
409 833 635 898 gulosus
685 847 779 897 per
840 831 1117 882 Danielem
1165 840 1243 880 est
1285 831 1382 880 de-

316 913 584 966 structus;
635 913 687 953 et
734 902 855 953 ideo
883 901 1066 952 Daniel
1100 902 1380 953 Christum

318 972 644 1039 designavit,
697 971 792 1039 qui
848 972 1191 1023 tentationem
1240 972 1380 1038 gulae

317 1043 667 1110 superavit.—
682 1043 942 1099 Secundo,
953 1042 1202 1094 Christus
1218 1044 1378 1094 etiam

307 1115 585 1182 superavit
640 1115 916 1165 diabolum
982 1116 1036 1165 in
1095 1116 1381 1166 tentatione

319 1187 607 1254 superbiae,
638 1197 689 1237 et
721 1187 823 1238 hoc
850 1186 1252 1253 praefiguratum
1274 1187 1379 1238 fuit

307 1259 448 1310 olim
485 1258 542 1308 in
576 1257 744 1309 David
764 1296 779 1321 ,
817 1268 868 1307 et
895 1273 1021 1309 nece
1051 1258 1240 1310 Goliae.
1267 1258 1379 1309 Go-

316 1330 414 1380 lias
445 1329 828 1396 superbissime
855 1329 922 1378 de
947 1327 1259 1379 fortitudine
1281 1344 1379 1380 sua

305 1401 370 1450 Se
413 1400 656 1466 jactavit,
694 1416 856 1465 quem
899 1399 1065 1450 David
1109 1399 1275 1451 funda
1313 1402 1378 1451 ad

311 1481 508 1522 terram
562 1471 754 1536 dejecit
773 1509 787 1531 ,
836 1481 889 1522 et
938 1470 1154 1536 proprio
1201 1471 1380 1537 gladio

310 1544 597 1595 interfecit.
622 1544 805 1594 Golias
837 1544 988 1610 gigas
1022 1544 1250 1610 figuram
1279 1560 1378 1596 su-

316 1615 467 1681 perbi
497 1623 643 1664 tenet
670 1613 932 1676 Luciferi;
986 1614 1157 1664 David
1201 1625 1389 1671 auternx

310 1697 509 1753 pastor,
529 1686 623 1753 qui
644 1685 790 1736 hunc
810 1680 1112 1752 prostravit,
1129 1685 1381 1738 Christus

314 1766 412 1817 est,
437 1757 533 1823 qui
562 1757 619 1806 in
647 1756 935 1807 tentatione
973 1757 1239 1823 superbiae
1267 1758 1378 1808 hu-

316 1827 519 1879 militer
535 1827 971 1892 triumphavit.—
991 1829 1192 1888 Terti0,
1227 1828 1383 1880 Chri·

317 1910 433 1949 stus
461 1898 734 1948 diabolum
749 1897 807 1947 in
829 1898 1119 1949 tentatione
1147 1898 1381 1949 avaritiae

317 1967 621 2035 superavit,
664 1968 810 2034 quod
857 1978 909 2018 et
948 1968 1117 2019 David
1161 1968 1217 2017 in
1253 1984 1383 2019 nece

319 2043 496 2094 leonis
538 2052 590 2092 et
636 2042 749 2093 ursi
780 2041 1157 2108 praefiguravit.
1194 2043 1301 2093 Leo
1330 2054 1383 2094 et

322 2131 482 2167 ursus
532 2114 808 2165 avaritiam
867 2114 1168 2182 figurabant
1191 2153 1206 2179 ,
1254 2117 1383 2182 quia

313 2186 610 2239 auferendo
640 2185 743 2237 sibi
773 2201 948 2247 ovem,
972 2201 1089 2237 eam
1122 2197 1385 2254 perpetra·

317 2262 462 2312 bant.
491 2258 660 2310 David
682 2268 860 2309 autern
888 2274 1044 2309 ovem
1087 2275 1241 2310 suam
1269 2260 1381 2310 eri-

315 2331 488 2397 pienS,
532 2340 770 2396 raptores
818 2329 1110 2393 interfecit;
1140 2340 1191 2380 et
1218 2330 1383 2381 Chri-

304 2413 460 2462 stuS,
511 2411 754 2467 superata
789 2401 1081 2452 tentatione
1121 2402 1381 2463 avaritiae,

310 2474 567 2524 ¹'Satanam
599 2487 630 2522 a
653 2487 708 2521 se
731 2471 925 2536 rejecit.
956 2491 985 2520 »

379 2559 446 2592 22
479 2543 560 2593 Dr:
588 2543 918 2591 Anat-,nomm
964 2558 1184 2594 accessu
1221 2560 1289 2593 ET
1318 2559 1385 2593 sx-

314 2628 683 2663 ommcuronn
695 2627 1070 2662 τεΝτΛτιοΝυκ
1081 2613 1383 2665 Cuiusn-

313 2683 535 2749 Abjecto
580 2692 760 2733 autem
800 2683 1019 2743 Satana,
1049 2691 1385 2735 accesserunt

313 2755 534 2820 Angeli,
559 2764 611 2804 et
628 2764 884 2821 tanquam
903 2753 1088 2804 victori
1105 2755 1381 2806 ministra-

318 2828 445 2877 bant
483 2828 556 2889 ei,
594 2826 671 2877 sic
699 2825 793 2893 qui
823 2825 1061 2886 viriliter,
1093 2829 1382 2893 pugnando

310 2907 494 2949 contra
512 2897 789 2948 diabolum
812 2897 1241 2963 triumphaverit,
1272 2900 1382 2950 mi-

312 2967 530 3019 nisterio
550 2977 600 3019 et
627 2969 899 3019 consortio
932 2969 1260 3035 Angelorum
1289 2971 1381 3021 di-

314 3055 456 3107 gnus
482 3040 600 3091 erit.
622 3040 701 3090 De
725 3039 1083 3090 tentationum
1106 3055 1233 3091 vero
1261 3055 1382 3107 sug·
1425 3091 1426 3094 ,

310 3111 667 3178 gestionibuS,
689 3110 764 3160 sic
775 3111 905 3161 dicit
924 3111 1345 3179 Chrysostomus
1363 3129 1379 3162 :
1425 3149 1426 3152 ,

314 3202 343 3230 ι(
365 3185 520 3235 Nunc
544 3183 775 3233 breviter
804 3183 1225 3250 perstringamus
1248 3185 1380 3251 quid
1423 3243 1424 3248 ¹

304 3253 616 3320 significent
643 3252 844 3304 Christi
871 3254 1201 3305 tentationes,
1230 3255 1256 3306 J
1263 3256 1379 3320 eju-

317 3329 473 3379 nium
528 3339 609 3379 est
664 3327 990 3379 abstinentia
1055 3328 1133 3379 rei
1192 3331 1378 3382 malae.

318 3399 545 3459 Quando
598 3414 724 3450 vero
784 3398 909 3466 quis
955 3398 1168 3449 inflatus
1220 3399 1382 3451 fuerit

319 3471 473 3536 quasi
499 3481 732 3531 sanctuS,
762 3469 953 3519 ductus
980 3479 1062 3520 est
1087 3471 1243 3536 quasi
1279 3485 1378 3522 su-

315 3556 412 3607 per
440 3550 641 3593 tectum
658 3558 673 3606 ;
704 3550 756 3591 et
792 3540 908 3591 haec
942 3541 1164 3591 tentatio
1193 3543 1380 3609 sequi-

318 3621 407 3663 tur
429 3612 681 3678 primam,
718 3611 978 3678 quoniam
1014 3610 1235 3662 victoria
1260 3623 1381 3664 ten-

248 3710 255 3717 ·
318 3681 540 3734 tationis
563 3684 935 3751 gloriationem
963 3693 1229 3749 operatur,
1250 3694 1303 3735 et
1322 3685 1383 3736 fit

318 3769 477 3806 causa
528 3755 805 3822 jactantiae.
855 3757 1003 3822 Fuge
1029 3772 1156 3824 ergo
1196 3758 1383 3810 exalta·

315 3826 524 3879 tionem
554 3829 748 3890 cordiS,
774 3838 828 3880 et
867 3845 973 3880 non
1005 3829 1224 3895 patieris
1260 3830 1380 3882 rui-

1394 4002 1427 4041 Ο

949 215 1187 266 PRIMAE
1222 213 1470 265 PARTls
1500 214 1735 265 CAPUT
1764 215 1926 266 XXII.
2155 210 2163 235 ¹

1487 342 1634 379 nam.
1681 329 1945 381 Ascensio
1994 340 2173 381 autern
2207 332 2411 384 montis
2471 345 2551 386 est

1489 400 1757 465 processio
1800 403 1866 452 ab
1922 401 2202 453 altitudine
2238 403 2548 456 divitiarum

1486 480 1541 520 et
1563 470 1734 536 gloria
1768 471 1932 538 hujus
1959 473 2179 533 mundi,
2210 489 2330 540 quae
2357 475 2424 525 de
2452 491 2550 526 su-

1487 543 1672 608 perbia
1698 545 1874 596 cordis
1900 546 2190 596 descendit.
2216 566 2243 595 »
2274 547 2362 598 Sic
2386 548 2549 600 etiam

1487 611 1614 663 dicit
1666 615 1984 667 Bernartius
2014 633 2031 666 .·
2062 634 2090 662 «
2133 615 2241 676 Qui
2303 628 2549 683 quartam

1484 683 1832 735 tentationem
1862 686 1927 736 de
1969 685 2205 736 Domino
2253 703 2360 736 non
2388 687 2549 754 legit,

1485 753 1695 821 ignorat
1717 755 2052 822 Scripturam
2074 772 2195 823 quae
2222 757 2370 819 dicit,
2402 760 2550 825 quod

1486 825 1681 876 militia
1709 833 1789 877 est
1818 829 1929 878 vita
1964 828 2193 879 hominis
2238 844 2401 895 super
2431 836 2544 881 ter-

1486 912 1623 949 ram.
1678 901 1972 965 Apostolus
2008 916 2226 967 quoque
2253 902 2385 952 dicit
2425 916 2550 954 eum

1485 970 1653 1023 fuisse
1677 980 1931 1024 tentatum
1940 989 2042 1040 per
2068 976 2245 1026 omnia
2261 991 2369 1042 pro
2396 976 2551 1028 sim'i-

1484 1044 1709 1096 titudine
1733 1047 1933 1112 absque
1950 1055 2193 1114 peccato·
2218 1068 2245 1096 »

1547 1116 1613 1166 23
1638 1118 1758 1168 Con
1780 1132 2009 1168 remam
2040 1134 2239 1169 voum·
2268 1119 2553 1171 Donmms?

1483 1217 1545 1227 -
1590 1188 1779 1240 Voluit
1829 1201 2010 1240 autem
2053 1190 2304 1242 Christus
2358 1193 2549 1244 tentari

1484 1258 1731 1324 pluribus
1750 1275 1814 1310 ex
1828 1260 2001 1310 causis
2024 1277 2038 1309 ι
2057 1260 2233 1326 prima
2252 1271 2350 1322 est,
2364 1277 2552 1313 secun·
2627 1276 2634 1279 ’

1484 1331 1615 1380 dum
1660 1330 2008 1398 Gregorium,
2040 1342 2101 1382 ut
2128 1348 2222 1399 per
2249 1348 2403 1384 suam
2431 1343 2553 1385 ten-

1483 1400 1741 1452 tationem
1756 1417 1853 1452 nos
1881 1418 1912 1452 a
1932 1402 2130 1453 nostris
2157 1402 2427 1464 liberaret,
2453 1403 2552 1455 sic-

1485 1481 1546 1521 ut
1571 1487 1667 1538 per
1693 1488 1845 1523 suam
1892 1483 2121 1523 mortem
2169 1489 2269 1524 nos
2315 1490 2345 1524 a
2372 1483 2553 1525 nostra

1483 1541 1825 1594 liberavit.—
1849 1543 2092 1593 Secunda
2123 1554 2220 1603 est,
2252 1546 2550 1595 secundum

1484 1611 1792 1681 Hilarium,
1817 1621 1875 1663 ut
1903 1623 2087 1663 cautos
2111 1630 2212 1664 nos
2240 1613 2452 1680 faceret,
2483 1628 2553 1667 ne

1487 1683 1691 1733 scilicet
1703 1683 1903 1749 aliquis
1917 1694 2416 1751 quantumcumque
2434 1700 2554 1736 san·

1486 1763 1602 1803 ctus
1624 1764 1914 1819 praesumat
1954 1755 2020 1803 de
2049 1770 2122 1817 se,
2153 1754 2308 1821 quasi
2337 1756 2403 1805 de
2429 1766 2553 1806 ten-

1488 1825 1782 1876 tationibus
1841 1826 1915 1876 sit
1967 1826 2246 1878 immunis.
2301 1828 2367 1878 Et
2428 1828 2551 1879 ideo

1488 1907 1612 1962 post
1641 1898 1989 1965 baptismum,
2020 1908 2072 1947 et
2100 1908 2313 1965 accepto
2336 1899 2548 1965 Spiritu

1489 1966 1703 2029 Sancto,
1731 1968 1923 2018 tentari
1953 1968 2143 2032 voluit,
2171 1979 2231 2019 ut
2248 1970 2555 2021 ostenderet

1486 2038 1632 2104 quod
1666 2038 2006 2089 sanctificatis
2036 2039 2207 2104 major
2235 2055 2417 2107 pugna
2459 2041 2553 2091 in·-

1487 2111 1710 2162 cumbit.
1755 2141 1815 2150 —
1870 2112 2053 2162 Tertia
2100 2122 2178 2162 est
2196 2152 2210 2174 ,
2249 2115 2553 2165 secundum

1487 2185 1881 2252 Augustinum,
1926 2195 1987 2236 ut
2035 2185 2193 2237 nobis
2244 2188 2555 2255 exemplum

1488 2256 1762 2321 pugnandi
1809 2256 1954 2306 daret
1975 2295 1988 2316 ,
2046 2267 2098 2307 et
2153 2273 2247 2323 per
2293 2259 2396 2308 hoc
2452 2272 2555 2309 nos

1488 2325 1790 2388 instrueret,
1819 2337 1871 2377 et
1890 2336 1949 2376 ut
1974 2337 2113 2378 esset
2132 2329 2409 2393 Mediator,
2441 2343 2554 2380 non

1489 2397 1668 2447 solum
1699 2411 1810 2462 ‘per
1855 2398 2200 2462 adjutorium,
2232 2394 2349 2449 ‘sed
2391 2399 2554 2450 etiam

1491 2483 1587 2535 per
1622 2470 1946 2535 exemplum.
1981 2499 2041 2508 —
2089 2471 2288 2530 Quarta
2317 2482 2430 2536 est,
2461 2485 2555 2523 se-

1492 2541 1735 2591 cundum
1759 2541 2221 2609 Chrysostomum,
2238 2552 2300 2593 ut
2320 2557 2421 2594 nos
2439 2544 2553 2594 ani·

1494 2621 1682 2670 maret,
1703 2619 1764 2661 ut
1787 2611 1994 2661 scilicet
2023 2626 2183 2662 nemo
2221 2614 2467 2664 turbetur
2485 2614 2555 2664 de

1488 2681 1873 2733 tentationibus
1899 2694 2089 2749 praeter
2115 2698 2265 2750 spem
2294 2685 2555 2737 irruenti-

1489 2756 1593 2806 bus
1615 2795 1628 2816 ,
1685 2756 1816 2805 dum
1863 2756 2022 2807 etiam
2075 2757 2353 2808 Christum
2408 2757 2557 2810 videt

1457 2837 1460 2840 ’
1488 2828 1648 2878 subdi
1663 2827 2063 2879 tentationibus,
2074 2858 2134 2867 —
2144 2829 2346 2889 Quinta
2360 2839 2459 2898 est,
2473 2843 2556 2880 se·

1490 2898 1726 2947 cundum
1742 2897 1987 2960 Leonem,
2005 2908 2065 2948 ut
2087 2898 2359 2949 diabolum
2381 2900 2559 2950 vince-

1490 2978 1587 3029 ret,
1604 2979 1656 3019 et
1671 2968 1932 3019 vincendo
1962 2970 2076 3034 ejus
2096 2969 2352 3021 virtutem
2372 2980 2426 3021 et
2450 2985 2553 3022 au-

1488 3040 1695 3091 daciam
1746 3040 2077 3106 reprimeret.
2128 3067 2189 3079 -—
2238 3043 2397 3093 Sexta
2449 3052 2555 3104 est,

1488 3111 1780 3163 secundum
1792 3113 2131 3178 Apostolum,
2145 3123 2206 3163 ut
2215 3114 2431 3165 tentatis
2449 3129 2561 3165 me-

1485 3184 1595 3237 lius
1621 3183 1880 3247 misereri,
1894 3195 1948 3233 et
1961 3185 2188 3250 compati
2204 3186 2379 3246 sciret,
2400 3196 2454 3237 et
2466 3200 2560 3237 no—

1487 3258 1572 3307 bis
1585 3258 1652 3307 de
1670 3270 1767 3307 sua
1787 3256 2158 3307 misericordia
2171 3272 2323 3324 spem
2343 3258 2558 3324 faceret,

1489 3328 1618 3396 quia
1637 3329 1803 3379 homo
1825 3337 2059 3379 tentatus
2085 3329 2299 3381 facilius
2322 3330 2556 3383 misere-

1481 3414 1576 3454 tur
1599 3411 1657 3452 et
1698 3401 2018 3468 compatitur
2052 3402 2287 3455 tentatiS.
2323 3432 2386 3443 —
2422 3405 2558 3454 Item

1488 3474 1679 3527 tentari
1705 3474 1909 3535 voluit,
1947 3483 2008 3525 ut
2047 3477 2266 3527 tentatis
2310 3476 2561 3527 consola-

1487 3547 1693 3598 tionem
1745 3545 1891 3595 daret
1931 3561 1946 3595 ε
1984 3544 2101 3596 'fuit
2145 3547 2292 3597 enim
2321 3557 2559 3598 tentatus

1483 3616 1669 3668 statim
1729 3615 1952 3681 quando
2019 3615 2143 3683 fuit
2213 3618 2553 3685 baptizatus,

1491 3686 1709 3756 quando
1747 3701 1776 3736 a
1815 3687 1970 3737 Patre
2012 3687 2193 3739 Filius
2220 3700 2300 3740 est
2327 3690 2559 3755 appella-

1485 3771 1607 3824 ωε,
1645 3759 1866 3825 ‚quando
1917 3759 2174 3824 Spiritus
2222 3761 2457 3812 Sanctus
2495 3760 2554 3811 in

1489 3828 1956 3899 specieoeolmbae
1979 3843 2145 3897 super
2179 3843 2295 3884 eum
2332 3830 2552 3893 mansit,
