2784 4452
394 285 467 336 94
1081 267 1321 319 PR1MAE
1358 266 1607 319 PARTIS
1640 267 1875 321 CAPUT
1908 271 1973 321 x.

1371 542 1646 594 ORATIO
1697 594 1706 602 ,

458 723 583 772 Jesu
612 721 803 783 dulci5‚
838 721 933 787 qui
973 722 1040 771 de
1076 721 1271 772 ancilla
1310 721 1531 782 humili,
1566 722 1796 773 humilis
1825 732 2003 783 natus,
2042 733 2094 774 te
2129 724 2409 776 humiliter
2451 735 2645 777 natum

397 792 721 843 humilitatis
749 792 938 857 pannis
966 791 1190 852 involvi,
1220 802 1273 842 et
1308 791 1367 842 in
1399 793 1662 858 praesepio
1697 793 1941 843 reclinari
1978 793 2219 855 voluisti,
2247 796 2315 844 da
2343 794 2502 855 mihi,
2526 797 2645 846 cle-

397 863 739 914 mentissime
777 864 1029 925 Domine,
1060 879 1153 928 per
1181 872 1330 914 tuam
1367 862 1784 913 inenarrabilem
1828 863 2160 914 nativitatem
2203 865 2407 915 renasci
2451 866 2508 915 in
2549 882 2643 917 me

397 950 550 986 novae
574 935 698 986 vitae
722 935 1077 994 sanctitatem,
1100 945 1152 985 et
1174 934 1253 985 sic
1274 934 1376 984 sub
1407 933 1596 984 habitu
1620 943 1672 984 et
1698 934 1888 1000 pannis
1916 950 2005 984 me
2032 934 2310 1000 religionis
2338 935 2644 997 humiliari,

398 1015 460 1056 ut
494 1006 632 1056 inter
667 1017 809 1057 arcta
845 1005 1108 1073 regularis
1137 1005 1438 1071 disciplinae
1466 1004 1661 1069 studia,
1689 1006 1839 1055 velut
1875 1004 1934 1056 in
1976 1006 2211 1071 quodam
2250 1006 2512 1071 praesepio
2546 1022 2642 1057 re-

397 1076 647 1137 clinatuS‚
678 1079 744 1128 ad
767 1078 982 1128 culmen
1011 1092 1151 1128 verae
1173 1076 1502 1127 humilitatis
1533 1076 1738 1127 valeam
1765 1076 2042 1142 attingere..
2075 1078 2141 1128 Et
2173 1076 2268 1144 qui
2302 1088 2497 1129 nostrae
2527 1078 2643 1129 hu-

400 1150 675 1201 manitatis
703 1161 755 1202 et
784 1150 1124 1201 mortalitatis
1151 1149 1266 1200 fieri
1297 1149 1551 1216 dignatus
1584 1164 1643 1201 es
1672 1150 1957 1216 particepS‚
1985 1151 2053 1201 da
2080 1151 2220 1202 mihi
2247 1161 2355 1203 tuae
2380 1150 2646 1206 divinitae-

397 1222 471 1274 tis
506 1232 560 1273 et
596 1222 904 1274 aeternitatis
934 1237 1051 1274 esse
1078 1222 1409 1288 participem.
1445 1223 1641 1274 Amen.

1296 1546 1635 1619 CAPUT
1676 1549 1745 1617 X

981 1800 1086 1869 De
1135 1784 1692 1869 Circumcisione
1734 1798 2053 1869 Domini.

1296 2052 1488 2117 Lucae
1518 2073 1654 2136 cap.
1691 2073 1755 2115 2.

473 2320 493 2354 1
533 2302 879 2353 Cmcmrmsro
923 2316 993 2351 AB
1030 2302 1295 2350 ΑιιιιΑιιΑιι
1330 2314 1472 2350 met:-

401 2388 522 2425 ru.
545 2400 606 2411 ·-
624 2372 921 2437 Postquam
943 2376 1120 2422 autem
1146 2383 1473 2422 consumma-

400 2444 462 2505 ti,
494 2451 547 2493 et
586 2442 795 2507 impleti
830 2448 959 2491 sunt
997 2441 1114 2492 dies
1152 2447 1289 2503 octe),
1319 2440 1472 2491 scili-

399 2523 485 2564 cet
523 2527 555 2563 a
595 2511 869 2562 nativitate
907 2512 1147 2572 Domini,
1184 2521 1473 2577 utramque

396 2583 790 2637 extremitatem
833 2582 1216 2648 computando,
1258 2589 1315 2633 ut
1353 2583 1471 2634 cir-

401 2656 791 2711 cumcideretur
809 2669 967 2722 puer,
991 2656 1291 2706 secundum
1310 2655 1472 2722 Legis

403 2737 757 2796 praeceptum3
796 2726 927 2793 quia
967 2724 1072 2776 hoc
1111 2735 1224 2777 erat
1254 2735 1472 2792 tempus

400 2801 799 2855 circumcisioni
843 2802 1180 2866 deputatum,
1218 2807 1471 2852 vocatum
1517 2800 1518 2803 ’

400 2884 457 2926 et
487 2875 815 2925 declaratum
849 2881 930 2923 est
960 2886 1150 2924 nomen
1188 2871 1322 2939 ejuS,
1354 2888 1473 2924 esse

401 2949 582 3029 Jesus?
613 2947 668 2996 id
706 2955 788 2997 est
813 2944 1102 3008 Salvator)
1131 2944 1262 3011 quia
1288 2944 1348 2994 in
1375 2944 1473 2994 cir-

403 3018 731 3071 cumcisione
763 3018 971 3068 solebat
999 3031 1202 3067 nomen
1240 3015 1471 3082 imponi,

403 3090 556 3158 quod
590 3088 792 3140 scilicet
830 3103 1028 3139 nomen
1064 3088 1172 3154 jam
1206 3097 1331 3139 ante
1358 3086 1472 3137 im·-

405 3162 644 3230 positum
675 3171 755 3213 est
783 3177 814 3212 a
835 3163 967 3224 De0,
993 3167 1257 3223 vocatum,
1288 3159 1347 3210 id
1370 3167 1471 3220 est,

406 3232 846 3300 praenuntiatum,
870 3238 951 3283 est
969 3232 1040 3283 ab
1057 3232 1276 3298 Angelo
1292 3230 1476 3296 prius-

404 3320 563 3372 quam
589 3305 644 3355 in
673 3311 838 3367 utero,
864 3303 1070 3354 scilicet
1090 3301 1332 3369 Virginis
1356 3315 1475 3354 con·

404 3376 689 3443 (iper-etur,
720 3375 787 3424 de
825 3373 1031 3440 Spiritu
1072 3374 1285 3424 Sancto.
1314 3372 1475 3422 Ritus

404 3445 839 3499 circumcisionis
891 3460 923 3496 a
968 3445 1122 3495 beato
1173 3442 1477 3494 Patria'rcha

404 3518 681 3569 Abraham
709 3516 991 3568 exordium
1020 3514 1273 3580 sumpsit,
1311 3529 1479 3580 quan-

401 3593 478 3644 do
502 3601 555 3642 et
568 3591 696 3676 ‘ipse
719 3589 958 3641 nominis
991 3587 1474 3655 amplificationem

405 3665 627 3748 accepit.
678 3665 816 3715 Nam
870 3678 995 3714 cum
1047 3660 1326 3727 signaculo
1368 3660 1479 3711 cir—

402 3736 771 3797 cumcisionis,
799 3742 1155 3801 augmentum
1188 3741 1242 3783 et
1268 3731 1480 3783 immu-

403 3808 665 3859 tationem
689 3805 990 3873 promeruit
1011 3803 1266 3869 nominiS‚
1289 3812 1353 3856 ut
1381 3801 1478 3871 qui

411 3879 564 3947 prius
591 3879 865 3934 dicebatur
896 3877 1119 3942 Abram,
1154 3874 1214 3928 id
1236 3883 1341 3937 est,
1364 3888 1479 3941 pa-

1580 2305 1662 2349 ter
1698 2297 1968 2359 excelsuS,
1997 2295 2249 2362 deinceps
2284 2296 2356 2347 ob
2391 2297 2650 2349 meritum

1578 2370 1704 2421 fidei
1732 2369 1998 2419 diceretur
2023 2368 2316 2430 Abraham,
2344 2367 2401 2418 id
2428 2378 2528 2429 est,
2548 2383 2653 2436 pa-

1583 2452 1662 2496 ter
1698 2443 1988 2495 multarum
2023 2443 2281 2510 gentium.
2323 2444 2434 2494 Nec
2468 2443 2649 2494 solum

1579 2518 1713 2583 ipse,
1761 2516 1855 2566 sed
1914 2513 2076 2565 etiam
2126 2513 2449 2564 venerabilis
2514 2529 2653 2565 uxor

1580 2589 1696 2653 ejus
1722 2595 2078 2652 augmentum
2099 2600 2224 2635 cum
2250 2585 2494 2636 nominis
2521 2600 2653 2636 mu-

1576 2658 1782 2708 tatione
1811 2655 2127 2723 promeruit,
2163 2664 2224 2705 ut
2252 2670 2376 2722 quae
2401 2655 2556 2721 prius
2578 2655 2655 2707 di-

1579 2729 1799 2780 cebatur
1824 2727 1992 2793 Sarai',
2031 2727 2086 2778 id
2125 2736 2225 2786 est,
2249 2721 2506 2793 princeps
2531 2741 2652 2778 mea

1579 2809 1633 2855 et
1655 2803 1843 2854 domus
1869 2814 1986 2853 suoe
2009 2810 2245 2860 tantum,
2275 2800 2532 2867 deinceps
2557 2801 2651 2851 di-

1571 2887 1788 2929 ceretur
1821 2878 1966 2939 Sara,
2007 2875 2063 2926 id
2103 2884 2199 2938 est,
2238 2874 2497 2940 princeps
2532 2888 2655 2926 om-

1519 3010 1520 3013 *
1581 2951 1727 3001 nium
1763 2958 1904 3000 recte
1944 2947 2275 2998 credentium
2303 2946 2653 2997 feminarum-

1581 3020 1663 3072 Ex
1691 3019 1795 3071 hoc
1828 3033 1955 3084 ergo
1985 3017 2044 3067 in
2072 3015 2522 3067 consuetudinem
2552 3031 2653 3068 ve·-

1581 3092 1681 3153 nit‚
1709 3091 1857 3158 quod
1880 3090 1947 3140 ad
1982 3088 2147 3154 hujus
2178 3088 2254 3139 rei
2293 3086 2656 3138 imitationem

1582 3161 1805 3213 nomina
1824 3160 2238 3243 imponerentur
2268 3156 2449 3223 pueris
2483 3155 2541 3207 in
2564 3155 2658 3208 die

1581 3229 2017 3285 circumcisionis
2052 3244 2259 3290 eorum,
2286 3236 2338 3278 et
2378 3226 2456 3277 sic
2484 3241 2657 3292 puero

1580 3304 1708 3353 Jesu
1727 3311 1809 3353 est
1831 3299 2051 3352 factum.
2074 3299 2157 3349 Ab
2176 3296 2482 3349 humilitate
2503 3310 2659 3362 erge,

1581 3387 1705 3438 quae
1737 3380 1819 3423 est
1854 3370 2023 3434 radix,
2064 3378 2117 3419 et
2157 3376 2337 3418 custos
2367 3365 2658 3429 virtutum,

1580 3443 1736 3494 Jesus
1766 3452 1990 3494 sumens
2017 3437 2252 3501 initium,
2291 3433 2661 3487 circumcisio-

1584 3511 1673 3565 nis
1733 3511 1940 3578 accepit
1995 3507 2372 3576 signaculum,
2430 3513 2496 3555 ut
2553 3518 2659 3570 pro

1582 3593 1636 3635 te
1669 3582 1953 3651 sanguinis
1987 3578 2225 3647 pretium
2272 3593 2387 3628 non
2437 3573 2662 3626 tardans

1583 3654 1891 3716 effundere,
1945 3667 2006 3704 se
2082 3659 2242 3701 tuum
2305 3645 2661 3703 verissimum

1580 3727 1913 3778 Salvatorem
1949 3722 2215 3783 ostendat,
2257 3718 2501 3786 patribus
2542 3724 2661 3776 tam
2727 3724 2734 3731 ·

1580 3801 1746 3853 verbo
1768 3794 1941 3867 quam'
1960 3798 2118 3864 signo
2142 3793 2558 3862 repromissum,
2582 3788 2665 3848 eie

1580 3887 1690 3941 que
1737 3869 2113 3932 assimilatum,
2145 3881 2239 3934 per
2275 3863 2480 3927 omnia,
2510 3874 2660 3928 prae7
