2784 4452
318 215 427 281 448

318 330 436 381 haec
482 339 562 381 est
602 330 827 381 mutatio
852 330 1099 382 dexter-ce
1133 331 1385 382 Excelsi.

321 403 402 453 Illi
448 418 576 453 vero
607 402 701 469 qui
733 402 860 453 inde
893 414 1248 463 murmurant,
1304 404 1385 453 si-

321 483 490 596 lgnant
512 473 912 539 daemones,qui
945 475 1070 524 inde
1103 474 1253 525 valde
1281 475 1387 524 do-

345 554 454 595 ent.

388 617 421 666 8
455 617 616 666 Sicut·
660 630 1016 679 mauri-xm,
1064 631 1152 666 ιτΑ
1224 632 1394 666 mam-

327 706 486 740 ·rr-:wrr
517 705 766 747 Qun-uon
803 704 1132 739 mmmrun
1167 707 1200 739 A
1223 690 1397 741 Curu-

327 779 444 814 sro,
471 790 534 800 —-
561 760 812 812 Christus
865 776 989 811 vero
1031 776 1226 811 curans
1260 777 1399 828 qua-

328 846 453 885 tuor
513 834 740 899 imperat
798 832 1100 900 poenitenti.
1169 833 1354 883 Primo
1382 876 1400 897 ‚

331 917 452 958 ante
484 906 701 966 omnia,
756 916 817 956 ut
874 905 1122 969 confidat,
1161 916 1214 957 et
1251 922 1402 972 spem

333 980 400 1029 de
423 978 578 1029 venia
600 977 972 1043 consequenda
994 977 1205 1037 habeat,
1237 993 1402 1043 quem

335 1049 496 1100 etiam
547 1049 652 1114 jam
708 1047 881 1097 filium
927 1063 1020 1112 per
1059 1048 1403 1114 adoptionem

333 1127 500 1171 vocat.
549 1116 754 1167 Deinde
792 1116 980 1166 volens
1035 1133 1158 1167 eum
1200 1133 1403 1177 sanare,

337 1189 485 1255 jubet
525 1203 648 1237 eum
699 1187 928 1237 secundo
976 1203 1207 1255 surgere,
1250 1189 1405 1240 tertio

336 1261 532 1310 lectum
563 1258 767 1320 tollere,
791 1267 842 1307 et
874 1267 1064 1324 quarto
1099 1259 1155 1308 in
1180 1260 1404 1309 domum

339 1345 491 1380 suam
542 1327 707 1377 abire.
757 1328 1037 1394 Surgere,
1087 1329 1329 1396 inquam,
1377 1347 1408 1381 a

339 1410 548 1469 peccato
578 1410 629 1450 et
657 1400 855 1450 mentis
879 1402 1191 1467 dejectione.
1214 1404 1270 1452 In
1295 1419 1410 1469 pec·

339 1482 458 1523 cato
500 1469 647 1521 enim
697 1472 835 1521 male
891 1472 1228 1537 delectando,
1281 1490 1410 1540 pec-

341 1551 486 1593 cator
523 1540 677 1606 quasi
709 1540 766 1591 in
812 1542 948 1591 lecto
997 1542 1242 1608 quiescit,
1264 1555 1316 1595 et
1346 1559 1411 1594 ex

342 1621 555 1677 peccato
584 1611 658 1660 ita
689 1626 844 1661 mens
879 1611 1141 1675 dejicitur,
1171 1624 1233 1664 ut
1269 1631 1414 1665 nun-

344 1698 508 1748 quam
537 1682 710 1747 possit
736 1698 852 1732 esse
888 1683 1025 1742 laeta,
1052 1685 1179 1749 quia
1204 1701 1415 1752 semper

345 1752 625 1820 praesumit
654 1767 792 1803 saeva
813 1754 1117 1819 perturbata
1149 1758 1416 1808 conscien-

347 1826 445 1888 tia;
479 1834 606 1875 tunc
636 1835 816 1875 autem
853 1827 1042 1893 surgit,
1073 1829 1288 1893 quando
1317 1830 1417 1881 ista

349 1895 559 1946 deserit.
587 1896 801 1945 Tollere
832 1913 956 1947 vero
985 1898 1197 1963 lectum,
1223 1909 1274 1950 et
1301 1916 1419 1966 por-

350 1977 478 2027 tare,
505 1976 584 2016 est
607 1975 667 2015 ut
695 1977 969 2031 peccatum
996 1970 1143 2033 quod
1178 1981 1288 2020 erat
1314 1972 1420 2024 sibi

352 2039 520 2107 quieti
564 2049 616 2090 et
665 2040 1018 2103 delectationi,
1057 2043 1276 2109 incipiat
1317 2044 1421 2095 sibi

353 2128 468 2163 esse
496 2111 647 2162 oneri
681 2122 734 2162 et
772 2114 964 2165 dolori.
993 2115 1157 2165 Abire
1206 2133 1424 2184 quoque

356 2184 413 2234 in
442 2183 666 2234 domum
693 2198 866 2245 suam,
893 2194 951 2235 ut
981 2184 1036 2235 in
1066 2188 1262 2238 coelum
1302 2204 1421 2239 me-

356 2254 614 2305 ditatione
659 2264 858 2320 pergat,
905 2257 989 2306 vel
1038 2257 1423 2309 conscientiam

357 2341 530 2389 suam,
564 2341 683 2392 quae
713 2326 908 2376 domus
950 2327 1144 2378 animae
1180 2339 1278 2393 est,
1312 2329 1427 2380 dis-

359 2396 539 2459 cutiat,
582 2406 635 2445 et
680 2395 726 2446 si
774 2396 906 2462 quid
955 2397 1031 2448 ibi
1084 2398 1425 2450 immundum

361 2467 643 2526 invenerit,
673 2482 770 2532 per
798 2484 877 2529 os,
907 2471 1058 2535 quasi
1085 2487 1179 2539 per
1205 2472 1426 2535 ostium,

362 2536 665 2589 confitendo
722 2538 991 2604 projiciat;
1043 2556 1074 2591 a
1118 2558 1224 2608 qua
1264 2543 1431 2593 homo

363 2623 458 2674 per
510 2607 912 2659 multitudinem
978 2623 1310 2676 peccatorum
1361 2613 1434 2665 ita

365 2678 645 2741 alienatur,
684 2680 827 2744 quod
870 2681 1020 2745 quasi
1055 2681 1224 2747 ipsam
1250 2683 1435 2749 perdat

367 2758 420 2798 et
464 2747 702 2812 seipsum
757 2766 863 2800 non
909 2762 1210 2817 cognoscat.
1255 2755 1433 2804 Homo

368 2832 495 2883 ergo
547 2819 893 2885 paralyticus,
933 2820 1034 2871 hoc
1084 2833 1163 2872 est
1207 2825 1437 2874 mollitie

371 2897 422 2939 et
475 2887 739 2939 illecebris
793 2890 1002 2951 carnis,
1047 2892 1133 2942 vel
1167 2894 1437 2960 voluptate

373 2958 537 3009 seculi
577 2960 863 3025 resolutus,
907 2972 960 3013 et
988 2973 1224 3029 torpenS,
1248 2981 1307 3015 ac
1328 2983 1436 3032 prae

372 3030 530 3079 turba
558 3029 943 3095 cogitationum
964 3042 1016 3082 et
1038 3048 1318 3085 causarum
1346 3052 1438 3087 se-

378 3100 484 3149 culi
521 3099 699 3150 videre
723 3101 897 3151 Deum
932 3118 1041 3152 non
1069 3105 1270 3167 valens,
1301 3117 1440 3172 post·

378 3185 542 3237 quam
571 3186 732 3237 supra
759 3181 956 3223 tectum
985 3176 1161 3227 carnis
1189 3180 1441 3230 ascende-

379 3242 474 3304 rit,
522 3253 583 3293 ut
640 3244 863 3310 spiritus
902 3246 1211 3298 dominetur
1257 3251 1438 3316 carni,

377 3316 524 3366 videt
547 3317 739 3378 Deum,
768 3328 820 3368 et
860 3319 924 3370 ad
950 3320 1313 3386 cognitionem
1343 3324 1441 3375 Dei

379 3401 502 3436 vere
537 3387 692 3439 redit.
718 3388 784 3438 Et
816 3398 941 3440 tunc
966 3390 1110 3442 Deus
1138 3407 1263 3443 eum
1292 3404 1444 3445 sanat

382 3471 477 3522 per
498 3458 719 3523 gratiam
761 3459 828 3509 ab
852 3460 1003 3510 omni
1028 3463 1172 3527 quod
1196 3464 1442 3531 deliquit,

384 3536 437 3577 et
477 3537 626 3577 vocat
664 3527 838 3579 filium
875 3546 969 3596 per
1012 3532 1370 3598 adoptionem,
1394 3545 1446 3586 et

381 3596 532 3661 iubet
563 3612 780 3664 surgere
815 3600 882 3650 de
912 3611 1125 3668 torpore
1162 3604 1447 3671 negligen-

385 3668 477 3719 tiae
503 3707 518 3728 ,
584 3680 638 3720 et
709 3686 767 3721 se
818 3672 1022 3739 erigere
1074 3690 1105 3725 a
1149 3678 1448 3729 carnalibus

388 3743 666 3795 desideriis
730 3759 824 3811 per
918 3747 1312 3814 poenitentiam3
1397 3763 1450 3804 et

389 3827 580 3878 corpus
629 3813 687 3865 in
743 3816 892 3881 cujus
942 3817 1220 3872 desideriis
1270 3821 1447 3886 jacuit,

929 216 1166 267 PRIMAE
1202 217 1448 268 PARTIS
1480 217 1713 270 CAPUT
1749 219 1976 271 XLVIII.

1499 333 1564 382 ad
1613 333 1934 398 voluptatem
1988 333 2213 400 spiritus
2295 337 2568 396 attollere,

1499 418 1559 453 ac
1618 404 1765 453 carni
1820 405 2089 455 dominari
2138 420 2232 470 per
2282 407 2572 457 continen-

1500 475 1663 538 tiam;
1722 485 1774 526 et
1827 477 1904 528 ire
1958 492 2016 527 ac
2062 478 2275 529 tendere
2332 495 2425 544 per
2479 481 2573 530 bo·

1502 561 1628 595 nam
1704 548 2096 612 operationem,
2160 557 2212 599 et
2281 549 2573 600 honestam

1503 618 1988 678 conversationem,
2028 619 2083 668 in
2119 619 2342 670 domum
2393 635 2574 679 suam,

1507 687 1708 737 scilicet
1739 688 2062 754 paradisum,
2093 705 2213 755 quae
2253 690 2429 755 prima
2472 689 2580 740 fuit

1510 757 1751 807 hominis
1775 758 1989 818 domus,
2020 758 2123 808 hoc
2152 770 2231 809 est
2267 760 2322 809 in
2357 759 2579 810 habita-

1508 829 1708 880 tionem
1737 839 2006 892 aeternam,
2037 830 2115 879 vel
2137 830 2194 879 in
2222 831 2421 880 bonam
2443 846 2581 882 con-

1510 898 1817 962 scientiam,
1862 909 2167 965 segregatus
2206 915 2236 949 a
2268 900 2492 950 terrenis
2524 915 2582 950 et

1510 969 1817 1021 custodiens
1846 970 2012 1034 illam,
2033 972 2116 1020 vel
2142 986 2209 1021 ne
2228 971 2425 1021 iterum
2454 987 2584 1037 pec-

1510 1052 1590 1091 cet
1616 1042 1681 1090 ad
1709 1041 1976 1091 internam
2006 1041 2090 1091 sui
2115 1042 2433 1092 custodiam.
2472 1042 2580 1093 Ubi

1512 1112 1662 1162 Beda
1692 1128 1707 1161 :
1736 1129 1764 1157 α
1791 1111 2148 1177 spiritualiter
2192 1113 2258 1162 de
2293 1113 2428 1162 lecto
2453 1127 2583 1162 sur-

1511 1199 1631 1250 gere
1676 1192 1757 1233 est
1799 1183 2037 1233 animam
2092 1199 2150 1234 se
2195 1199 2227 1233 a
2275 1184 2585 1234 carnalibus

1511 1253 1790 1303 desideriis
1819 1291 1832 1313 ,
1895 1253 1988 1302 ubi
2044 1267 2186 1319 aegra
2233 1254 2540 1319 quiescebat
2569 1292 2585 1311 ,

1512 1325 1835 1375 abstrahere.
1872 1324 2096 1374 Lectum
2124 1338 2248 1374 vero
2289 1325 2474 1374 tollere
2498 1335 2585 1374 est

1515 1396 1686 1462 ipsam
1746 1409 1963 1461 quoque
2004 1409 2216 1444 carnem
2265 1410 2358 1460 per
2409 1393 2590 1444 conti-

1518 1468 1710 1518 nentiae
1763 1466 1909 1516 frena
1951 1477 2246 1532 correptam
2279 1481 2374 1531 spe
2400 1467 2585 1532 ¹coele-

1517 1540 1681 1590 stium
1735 1538 2098 1604 praemiorum,
2135 1538 2340 1588 deliciis
2381 1539 2591 1603 privare

1519 1612 1766 1675 terrenis;
1822 1621 1901 1661 est
1942 1611 2089 1661 enim
2141 1610 2326 1673 lectus,
2370 1611 2466 1677 qui
2494 1624 2592 1674 per

1521 1687 1761 1752 singulas
1810 1695 1989 1736 noctes
2018 1685 2222 1735 lavatur
2249 1700 2280 1734 a
2306 1684 2496 1743 David,
2534 1683 2593 1734 id

1523 1768 1601 1808 est
1622 1773 1720 1823 pro
1766 1756 2186 1821 uniuscujusque
2219 1770 2372 1804 noxae
2400 1771 2591 1804 macu-

1523 1829 1592 1879 lis
1620 1828 1784 1893 digno
1830 1825 2155 1892 poenitentiae
2178 1824 2402 1875 flumine
2427 1825 2595 1875 casti-

1525 1909 1695 1966 gatur.
1722 1897 1943 1947 Sublato
1975 1906 2151 1946 autem
2185 1896 2340 1960 lect0,
2366 1897 2594 1946 domum

1528 1971 1622 2029 ire,
1646 1970 1711 2018 ad
1754 1966 2057 2034 paradisum
2104 1965 2275 2016 redire
2315 1976 2423 2028 est;
2480 1966 2598 2031 ipse

1529 2052 1609 2092 est
1652 2040 1797 2091 enim
1835 2054 1956 2089 vera
2001 2039 2213 2098 domus,
2251 2053 2374 2104 quae
2411 2037 2597 2086 homi-

1531 2128 1652 2162 nem
1682 2111 1855 2177 prima
1890 2109 2138 2175 suscepit,
2162 2125 2269 2158 non
2299 2109 2415 2174 jure
2439 2106 2599 2158 amis-

1530 2199 1604 2247 sa,
1633 2183 1721 2233 sed
1755 2181 1959 2241 fraude,
1995 2181 2317 2247 tandemque
2354 2181 2599 2231 restituta

1533 2270 1626 2320 per
1644 2269 1786 2313 eum,
1803 2253 1896 2317 qui
1919 2251 2257 2302 fraudulento
2279 2252 2420 2301 hosti
2453 2250 2597 2301 nihil

1534 2325 1738 2377 debuit.
1770 2345 1795 2373 ι)
1823 2325 1928 2376 Ubi
1950 2336 2003 2375 et
2024 2326 2309 2376 Anselmus
2331 2341 2347 2375 .·
2368 2324 2514 2375 «Sed
2544 2334 2601 2374 et

1534 2403 1757 2451 domum
1813 2398 1960 2449 illam
1996 2414 2103 2448 non
2144 2398 2458 2463 praeteribis,
2501 2398 2601 2447 ubi

1536 2487 1628 2538 per
1656 2470 1859 2537 tegulas
1905 2469 2255 2535 paralyticuS,
2288 2478 2407 2519 ante
2437 2468 2604 2535 pedes

1537 2543 1653 2606 ejus
1684 2540 2038 2599 submittitur,
2082 2540 2174 2589 ubi
2224 2538 2392 2604 pietas
2420 2550 2471 2590 et
2497 2554 2604 2605 po·-

1551 2624 1710 2665 testas
1755 2613 2101 2663 obviaverunt
2138 2612 2265 2662 sibi.
2318 2613 2457 2676 Fili,
2513 2610 2606 2661 in-

1539 2686 1677 2752 quit,
1731 2684 2070 2735 remittuntur
2099 2683 2194 2733 tibi
2221 2690 2448 2750 peccata
2491 2690 2603 2733 tua.

1540 2759 1588 2809 Ο
1611 2757 1748 2807 mira
1771 2756 2077 2806 clementia!
2108 2771 2141 2806 o
2174 2755 2468 2805 indicibilis
2495 2754 2608 2804 mi-

1541 2826 1848 2878 sericordia!
1892 2826 2107 2892 Accepit
2153 2825 2280 2876 felix
2326 2824 2608 2875 remissio-

1543 2914 1664 2949 nem
1722 2908 2055 2963 peccatorum
2120 2912 2342 2948 suorum
2366 2935 2379 2955 ,
2441 2911 2609 2962 quam

1543 2986 1648 3021 non
1686 2969 1914 3035 petebat,
1941 2983 2103 3034 quam
2136 2984 2245 3017 non
2271 2977 2611 3033 praecesserat

1543 3038 1830 3099 confessio,
1868 3054 1978 3088 non
2011 3048 2274 3088 meruerat
2302 3035 2611 3096 satisfactiO,

1546 3128 1655 3162 non
1684 3110 1927 3177 exigebat
1953 3110 2227 3161 contritio!
2259 3110 2512 3176 Corporis
2533 3124 2615 3159 sa-

1546 3185 1712 3234 lutem
1743 3183 1968 3249 petebat,
2006 3198 2114 3233 non
2152 3182 2375 3244 animae;
2401 3191 2453 3231 et
2477 3181 2616 3231 salu-

1547 3264 1654 3305 tem
1686 3253 1924 3319 corporis
1948 3262 2001 3304 et
2024 3253 2216 3303 animae
2253 3252 2468 3318 recepit.
2504 3252 2617 3302 Ve-

1548 3340 1621 3386 re,
1669 3323 1914 3384 Domine,
1951 3323 2060 3374 vita
2090 3323 2148 3373 in
2181 3324 2454 3374 voluntate
2485 3331 2617 3384 tua;

1550 3396 1596 3446 si
1625 3395 1917 3446 decreveris
1955 3394 2155 3445 salvare
2180 3409 2298 3453 nos,
2327 3408 2488 3443 nemo
2511 3408 2619 3458 po-

1551 3468 1674 3519 terit
1696 3467 2015 3534 prohibere3
2051 3467 2097 3519 si
2127 3468 2273 3518 aliud
2301 3465 2621 3526 decreveris,

1552 3556 1657 3591 non
1692 3548 1772 3590 est
1809 3538 1903 3605 qui
1943 3539 2131 3590 audeat
2171 3538 2376 3589 dicere:
2399 3538 2510 3588 Cur
2544 3537 2623 3588 ita

1551 3609 1709 3660 facis?
1767 3608 2048 3673 Pharisaee‚
2102 3609 2233 3675 quid
2280 3608 2622 3658 murmuras?

1553 3684 1638 3732 An
1681 3681 1865 3733 oculus
1915 3688 2035 3733 tuus
2087 3695 2307 3748 nequam
2347 3685 2444 3741 est,
2492 3679 2624 3745 quia

1557 3752 1671 3818 ipse
1695 3752 1871 3802 bonus
1894 3752 2007 3803 est?
2040 3752 2194 3803 Certe
2227 3751 2511 3801 miseretur
2529 3748 2619 3799 cui

1560 3823 1675 3889 ipse
1699 3823 1956 3888 voluerit3
1997 3823 2269 3889 ploremus
2312 3830 2365 3872 et
2405 3834 2622 3871 oremus
