2784 4452
307 381 411 434 280

302 507 374 558 tis
420 516 500 558 est
540 520 806 557 annorum
845 504 1084 571 triginta.
1128 491 1194 555 Ei
1237 503 1360 555 ideo

303 576 626 628 conveniens
666 576 768 627 fuit
819 585 878 625 ut
948 574 1202 626 Christus
1251 591 1361 625 non

305 648 412 699 nisi
451 658 571 715 post
612 646 953 713 trigesimum
996 659 1201 696 annum
1255 662 1361 711 pu-

303 717 442 769 blice
494 717 798 784 praedicaret
860 727 912 767 et
961 717 1187 767 doceret.
1247 717 1362 767 Hoc

303 800 517 856 tempus
564 797 643 839 est
667 798 854 854 aptum
887 787 1269 854 praedicationi‚
1297 797 1359 840 ut

304 860 394 910 hic
443 869 618 926 patet;
659 869 860 926 raptum
929 857 1250 924 praelationi,
1302 869 1363 909 ut

303 940 445 996 patet
471 932 537 981 de
559 930 786 996 Joseph,
826 929 919 996 qui
963 930 1061 980 hac
1086 938 1236 979 aetate
1280 929 1362 979 fa-

301 1011 533 1052 ctus-est
562 1000 877 1067 praepositus
898 1000 1141 1067 AEgypti3
1174 1010 1361 1066 aptum

300 1071 573 1138 regimini,
598 1081 659 1122 ut
687 1081 826 1137 patet
853 1072 918 1122 de
937 1071 1125 1136 David,
1152 1072 1247 1140 qui
1274 1070 1362 1122 tri·

301 1142 448 1209 ginta
491 1158 760 1193 annorum
804 1153 916 1193 erat
936 1181 949 1202 ,
984 1159 1108 1193 cum
1139 1159 1360 1209 regnare

300 1213 477 1279 coepit.
508 1214 619 1264 Hac
650 1214 812 1265 etiam
853 1224 1005 1265 aetate
1033 1214 1357 1280 praeficiendi

299 1294 431 1335 sunt
456 1284 722 1350 episcopi;
753 1286 845 1336 sed
876 1285 1008 1336 heu!
1040 1285 1199 1336 hodie
1222 1301 1357 1351 prae-

298 1353 553 1405 ficiuntur
569 1355 739 1420 pueri,
770 1371 827 1406 ac
855 1355 1237 1407 insufficientes
1257 1372 1358 1423 pro

297 1424 401 1475 hoc
417 1435 576 1484 statu,
601 1425 865 1488 erminus
895 1426 1093 1477 idonei.
1117 1427 1358 1479 Fuerunt

295 1504 475 1545 autern
498 1512 530 1547 a
553 1496 830 1563 Baptismo
850 1497 1073 1562 Christi,
1096 1513 1269 1564 usque
1291 1499 1356 1548 ad

299 1576 530 1616 mortem
584 1568 723 1632 ejus,
771 1577 878 1617 tres
907 1567 1066 1628 anni,
1110 1577 1161 1618 et
1206 1577 1356 1620 tanto

299 1637 422 1701 plus
448 1646 710 1702 quantum
738 1637 805 1687 ab
834 1637 1156 1703 Epiphania,
1183 1654 1356 1704 usque

296 1707 362 1757 ad
389 1707 612 1768 Pascha,
659 1718 709 1758 et
752 1708 829 1758 sic
871 1707 1081 1758 modico
1118 1718 1355 1775 tempore

299 1779 621 1844 praedicavit.
662 1780 864 1830 Eadem
915 1779 1062 1830 enirn
1116 1780 1204 1831 die
1247 1798 1355 1848 qua

298 1851 592 1917 baptizatus
618 1862 714 1912 est,
745 1853 984 1903 revoluto
1023 1868 1185 1914 anne,
1219 1870 1354 1905 con-

294 1923 449 1973 vertit
471 1938 667 1990 aquam
688 1923 744 1973 in
758 1924 968 1985 vinum,
992 1934 1042 1974 et
1066 1925 1123 1975 in
1149 1926 1353 1977 Pascha

296 1994 571 2060 sequenti,
632 1993 834 2045 scilicet
897 1994 1158 2061 trigesimi
1188 1996 1350 2062 primi

293 2065 443 2127 anni,
486 2064 838 2117 incarceratus
864 2076 944 2116 est
980 2067 1249 2132 Joannes3
1302 2078 1355 2119 et

294 2136 351 2186 in
381 2136 487 2187 alio
516 2137 715 2188 Pascha
741 2138 1004 2204 sequenti,
1043 2139 1240 2190 scilicet
1266 2139 1356 2189 tri-

292 2206 483 2272 gesimi
523 2208 740 2260 secundi
767 2207 914 2273 anni,
953 2210 1269 2274 decollatus3
1301 2219 1353 2261 et

293 2279 351 2330 in
367 2280 523 2330 tertio
536 2280 751 2340 Pascha,
765 2280 964 2331 scilicet
977 2281 1238 2347 trigesimi
1256 2292 1354 2332 ter-

293 2349 355 2400 tii
379 2351 528 2411 anni,
556 2366 744 2416 passus
771 2361 851 2401 est
870 2351 1136 2401 Dominus
1152 2367 1167 2415 ;
1194 2362 1248 2402 et
1277 2352 1351 2402 ita

288 2420 423 2471 vixit
472 2420 693 2486 triginta
736 2420 950 2472 duobus
990 2421 1149 2471 annis
1200 2421 1347 2472 inte-

289 2493 401 2559 gris
430 2509 444 2543 :
473 2494 539 2543 de
568 2493 845 2558 trigesimo
870 2494 1046 2554 tertio,
1076 2504 1348 2559 quantum

291 2563 446 2613 fluxit
481 2563 738 2629 temporis
771 2578 801 2614 a
831 2564 1025 2625 natali,
1071 2579 1242 2630 usque
1281 2564 1347 2613 ad

291 2636 519 2700 Pascha,
570 2636 715 2703 quod
767 2652 862 2701 pro
912 2652 1056 2687 anno
1119 2636 1347 2687 dimidio

287 2706 581 2774 computari
633 2708 783 2758 solet.
829 2707 953 2757 Fuit
985 2716 1165 2757 autem
1201 2721 1347 2757 anno

287 2778 567 2844 trigesimo
591 2780 791 2830 Pascha
815 2779 841 2829 J
848 2779 1121 2829 udaeorum
1150 2777 1345 2844 quinto

286 2849 528 2899 calendas
582 2849 798 2915 aprilis,
855 2859 907 2900 et
948 2849 1081 2899 feria
1127 2849 1342 2915 quinta3

287 2921 378 2970 sed
400 2935 544 2971 anno
562 2921 836 2987 trigesimo
857 2920 1049 2986 prim0,
1081 2920 1185 2970 fuit
1211 2920 1348 2970 deci-

287 3006 378 3041 mo
434 3000 582 3041 sexto
635 2992 878 3043 calendas
933 2992 1094 3052 maii,
1135 3001 1187 3042 et
1219 2991 1346 3043 feria

286 3076 504 3133 quarta;
559 3081 709 3127 ‚anno
755 3084 879 3119 vero
923 3067 1203 3134 trigesimo
1256 3083 1345 3118 se-

287 3139 495 3198 cundo,
549 3138 650 3190 fuit
694 3139 852 3189 nonis
909 3140 1123 3205 aprilis,
1164 3140 1221 3190 in
1258 3139 1344 3190 die

284 3208 592 3273 Dominica;
624 3209 716 3259 sed
741 3224 881 3259 anno
922 3210 1198 3276 trigesimo
1232 3221 1345 3260 ter-

285 3280 378 3342 tio,
421 3280 524 3332 fuit
562 3290 745 3331 octavo
782 3280 1023 3331 calendas
1068 3280 1254 3347 aprilis
1292 3291 1344 3331 et

284 3363 431 3403 sexta
456 3353 603 3405 feria.

348 3421 380 3472 6
405 3424 831 3474 Pax-:memmius
854 3423 1077 3473 Cmusn
1097 3439 1202 3473 nu
1233 3439 1340 3474 no-

283 3509 403 3545 mco
422 3509 663 3547 murone
676 3509 922 3545 Panaca-E
936 3509 1161 3544 TRIPLEx
1178 3509 1339 3545 axi-10

904 378 1140 429 PRIMAE
1177 377 1423 429 PARTIS
1454 377 1702 430 CAPUT
1732 378 1973 430 XXVIII.

1476 509 1799 545 anona-tm.
1828 522 1889 533 —
1920 495 1992 546 Et
2011 505 2186 562 potest
2214 496 2408 564 triplex
2429 495 2549 551 cau'

1473 581 1530 616 sa
1558 565 1838 631 assignari,
1857 582 2022 633 quare
2049 567 2298 619 Christus
2326 571 2543 623 modico

1473 647 1710 704 tempore
1747 639 1916 689 voluit
1968 640 2267 705 praedicare.
2328 642 2540 707 Prima,

1470 709 1536 758 ad
1560 709 2041 760 demonstrandum
2071 725 2224 761 suam
2259 712 2538 776 virtutem,

1470 784 1615 849 quod
1644 783 1847 836 scilicet
1886 784 1944 834 in
1985 795 2093 836 tam
2145 787 2356 837 modico
2393 797 2538 838 tem-

1470 868 1598 918 pore
1645 863 1820 904 totum
1866 856 2133 906 mundum
2199 856 2528 911 immutaret.

1468 953 1529 962 —
1570 924 1813 976 Secunda
1834 962 1848 985 ,
1894 926 1961 975 ad
2006 925 2344 977 excitandum
2387 928 2536 979 desi—

1468 996 1612 1047 deria
1659 996 2076 1061 discipulorum,
2107 1006 2168 1047 ut
2205 998 2377 1064 magis
2408 1015 2534 1051 eum

1468 1066 1830 1118 desiderarent
1852 1106 1866 1131 ,
1929 1082 2091 1134 quem
2146 1078 2254 1119 tam
2314 1070 2536 1122 modico

1466 1146 1705 1203 tempore
1743 1139 2003 1204 corporali
2042 1140 2319 1204 praesentia
2377 1141 2538 1193 habi·

1462 1210 1570 1259 turi
1603 1220 1770 1261 erant.
1805 1237 1866 1248 —
1899 1211 2098 1272 Tertia,
2148 1212 2216 1262 ad
2260 1228 2529 1279 augmen-

1464 1279 1686 1334 tandum
1739 1279 2130 1345 discipulorum
2195 1282 2533 1347 spiritualem

1465 1350 1776 1416 profectum.
1815 1353 1954 1404 Cum
1996 1353 2142 1404 enim
2176 1354 2378 1405 Christi
2421 1356 2534 1407 hu-

1465 1421 1695 1472 manitas
1741 1421 1812 1472 sit
1855 1423 2015 1473 nobis
2049 1423 2132 1474 via
2173 1425 2425 1475 tendendi
2472 1426 2530 1477 in

1462 1495 1666 1558 Deum;
1712 1510 1837 1546 nam
1880 1495 1994 1561 ipse
2039 1496 2216 1546 dixit:
2245 1498 2374 1563 Ego
2412 1513 2531 1550 sum

1462 1566 1567 1629 via,
1583 1583 1691 1617 non
1705 1568 1964 1618 debemus
1981 1567 2038 1618 in
2060 1583 2120 1618 ea
2140 1577 2198 1618 ut
2215 1568 2272 1618 in
2297 1569 2531 1621 termino

1462 1637 1750 1701 quiescere,
1805 1638 1896 1687 sed
1937 1654 2032 1704 per
2070 1653 2188 1688 eam
2240 1639 2297 1688 in
2348 1640 2527 1690 Deum

1460 1710 1693 1761 tendere.
1737 1710 1816 1761 Ne
1860 1726 1986 1777 ergo
2035 1712 2193 1761 corda
2229 1712 2530 1778 discipulo-

1461 1798 1582 1833 rum
1621 1784 1686 1832 ad
1726 1784 2004 1834 Christum
2033 1783 2312 1836 carnaliter
2345 1785 2531 1839 affecta

1461 1852 1519 1902 in
1563 1868 1626 1903 eo
1671 1862 1731 1903 ut
1762 1854 1986 1904 homine
2027 1854 2379 1920 quiescerent,
2407 1872 2529 1907 cor-

1468 1924 1703 1987 poralem
1738 1923 2074 1988 praesentiam
2111 1924 2216 1974 cito
2248 1925 2530 1977 subtraxit.

1469 1992 1623 2042 Unde
1671 1993 1959 2058 Apostolus
2003 2009 2018 2043 ε
2058 1994 2137 2043 Et
2179 1995 2228 2044 si
2257 1995 2532 2047 Christum

1470 2062 1752 2112 secundum
1792 2077 2004 2113 carnem
2041 2064 2298 2126 novimus,
2326 2064 2533 2116 scilicet

1459 2135 1672 2200 quando
1705 2136 2047 2201 corporaliter
2072 2136 2354 2187 nobiscum
2386 2147 2519 2199 erat,

1458 2205 1552 2256 sed
1596 2222 1738 2257 nunc
1764 2207 1870 2273 jam
1914 2222 2024 2257 non
2060 2207 2311 2259 novimus
2337 2224 2350 2258 z
2378 2208 2526 2260 unde

1458 2286 1510 2326 et
1536 2286 1658 2327 ante
1678 2278 2008 2338 Passionem,
2025 2277 2164 2328 inter
2179 2288 2364 2339 cetera,
2382 2278 2523 2331 dixit

1458 2346 1537 2397 eis
1565 2363 1579 2397 ε
1609 2347 1675 2397 Si
1700 2362 1804 2414 ego
1833 2362 1934 2399 non
1965 2349 2165 2412 abien-0,
2197 2350 2523 2400 Paracletus

1459 2431 1560 2467 non
1594 2417 1763 2468 veniet
1784 2418 1860 2468 ad
1899 2433 1994 2470 vos
2023 2436 2040 2470 .·
2071 2419 2200 2485 quia
2222 2429 2283 2468 ut
2309 2433 2525 2484 capaces

1458 2490 1691 2556 Spiritus
1753 2490 1967 2554 fierent,
2020 2492 2330 2558 expediebat
2375 2493 2524 2558 quod

1458 2575 1577 2611 caro
1599 2571 1649 2611 et
1668 2561 1840 2614 forma
1855 2563 1991 2614 servi
2014 2563 2080 2613 ab
2101 2562 2179 2612 eis
2199 2561 2514 2623 auferretur,

1458 2648 1525 2699 ne
1575 2634 1750 2684 adhuc
1820 2634 2095 2685 carnaliter
2157 2649 2280 2684 eum
2336 2632 2523 2699 dilige·

1457 2712 1589 2752 rent.
1617 2703 1735 2768 Ipse
1753 2704 1899 2754 enim
1925 2704 2193 2755 Dominus
2226 2703 2319 2770 qui
2354 2719 2523 2754 mun-

1456 2775 1586 2824 dum
1615 2775 1741 2825 vicit
1762 2814 1775 2835 ,
1807 2776 1979 2826 voluit
2020 2786 2080 2826 ut
2122 2775 2370 2841 discipuli
2397 2774 2523 2826 ani·—

1456 2860 1606 2894 mum
1644 2855 1819 2896 totum
1837 2847 1902 2896 ad
1927 2847 2120 2897 coelum
2145 2843 2514 2906 transferrent,

1454 2913 1581 2980 quia
1594 2915 1670 2965 sic
1691 2926 1741 2966 et
1762 2915 1864 2982 ipsi
1880 2915 2105 2966 faciliter
2130 2916 2343 2965 vincere
2373 2931 2528 2965 mun·

1452 2987 1582 3036 dum
1609 2998 1845 3053 possent.
1877 2988 1987 3038 Nos
2007 3003 2223 3054 quoque
2247 2986 2517 3047 similiter,

1452 3057 1497 3106 si
1527 3059 1591 3107 ad
1632 3059 1856 3123 patriam
1889 3069 2127 3109 nostram
2155 3074 2246 3108 cor
2283 3068 2525 3123 transpo-

1453 3126 1652 3189 nimuS,
1669 3138 1721 3178 et
1748 3129 1814 3178 ad
1846 3128 2146 3194 Principem
2170 3127 2292 3179 fidei
2327 3137 2524 3180 nostrae

1450 3196 1811 3263 inspicientes,
1849 3198 1991 3248 viam
2040 3200 2152 3263 ejus
2186 3197 2337 3265 sequi
2371 3199 2519 3248 volu-

1450 3284 1591 3329 muS,
1643 3269 1851 3320 facilius
1901 3270 2119 3320 adversa
2164 3280 2215 3320 et
2259 3282 2516 3335 prospera

1451 3341 1636 3392 mundi
1665 3352 2019 3402 contemnere,
2055 3353 2107 3393 et
2136 3343 2316 3409 ipsum
2346 3357 2515 3393 mun-

1447 3414 1578 3464 dum
1607 3413 1818 3464 vincere
1856 3413 2168 3479 poterimus·
