<?xml version="1.0" encoding="UTF-8"?>
<!DOCTYPE html PUBLIC "-//W3C//DTD XHTML 1.0 Transitional//EN"
    "http://www.w3.org/TR/xhtml1/DTD/xhtml1-transitional.dtd">
<html xmlns="http://www.w3.org/1999/xhtml" xml:lang="en" lang="en">
 <head>
  <title>
</title>
<meta http-equiv="Content-Type" content="text/html;charset=utf-8" />
  <meta name='ocr-system' content='tesseract 3.04.00' />
  <meta name='ocr-capabilities' content='ocr_page ocr_carea ocr_par ocr_line ocrx_word'/>
</head>
<body>
  <div class='ocr_page' id='page_1' title='image "./vitajesuchristi00sachgoog/vitajesuchristi00sachgoog_0030.png"; bbox 0 0 2784 4452; ppageno 0'>
   <div class='ocr_carea' id='block_1_1' title="bbox 378 275 1929 358">
    <p class='ocr_par' dir='ltr' id='par_1_1' title="bbox 378 275 1929 358">
     <span class='ocr_line' id='line_1_1' title="bbox 378 275 1929 358; baseline -0.012 -14"><span class='ocrx_word' id='word_1_1' title='bbox 378 309 445 358; x_wconf 89' lang='lat'>14</span> <span class='ocrx_word' id='word_1_2' title='bbox 1055 281 1294 333; x_wconf 86' lang='lat' dir='ltr'><strong>PRIMAE</strong></span> <span class='ocrx_word' id='word_1_3' title='bbox 1330 277 1579 329; x_wconf 86' lang='lat' dir='ltr'>PARTIS</span> <span class='ocrx_word' id='word_1_4' title='bbox 1625 275 1859 328; x_wconf 86' lang='lat' dir='ltr'>CAPUT</span> <span class='ocrx_word' id='word_1_5' title='bbox 1890 276 1929 326; x_wconf 90' lang='lat'>1.</span> 
     </span>
    </p>
   </div>
   <div class='ocr_carea' id='block_1_2' title="bbox 360 394 1440 1762">
    <p class='ocr_par' dir='ltr' id='par_1_2' title="bbox 360 394 1440 1762">
     <span class='ocr_line' id='line_1_2' title="bbox 362 394 1438 478; baseline -0.018 -16"><span class='ocrx_word' id='word_1_6' title='bbox 362 408 635 477; x_wconf 75' lang='lat' dir='ltr'>principio</span> <span class='ocrx_word' id='word_1_7' title='bbox 691 411 810 456; x_wconf 82' lang='lat' dir='ltr'>erat</span> <span class='ocrx_word' id='word_1_8' title='bbox 860 402 1110 461; x_wconf 84' lang='lat' dir='ltr'><strong><em>Verbum,</em></strong></span> <span class='ocrx_word' id='word_1_9' title='bbox 1157 398 1212 448; x_wconf 91' lang='lat' dir='ltr'>id</span> <span class='ocrx_word' id='word_1_10' title='bbox 1253 405 1331 447; x_wconf 85' lang='lat' dir='ltr'>cst</span> <span class='ocrx_word' id='word_1_11' title='bbox 1381 394 1438 478; x_wconf 74' lang='lat' dir='ltr'>in</span> 
     </span>
     <span class='ocr_line' id='line_1_3' title="bbox 368 474 1437 548; baseline -0.015 -16"><span class='ocrx_word' id='word_1_12' title='bbox 368 483 486 548; x_wconf 93' lang='lat' dir='ltr'>ipso</span> <span class='ocrx_word' id='word_1_13' title='bbox 516 482 646 543; x_wconf 92' lang='lat' dir='ltr'>De0,</span> <span class='ocrx_word' id='word_1_14' title='bbox 676 478 771 545; x_wconf 92' lang='lat' dir='ltr'>qui</span> <span class='ocrx_word' id='word_1_15' title='bbox 799 477 864 527; x_wconf 90' lang='lat' dir='ltr'>ab</span> <span class='ocrx_word' id='word_1_16' title='bbox 894 474 1146 526; x_wconf 89' lang='lat' dir='ltr'>omnibus</span> <span class='ocrx_word' id='word_1_17' title='bbox 1177 483 1437 536; x_wconf 75' lang='lat' dir='ltr'>supponi-</span> 
     </span>
     <span class='ocr_line' id='line_1_4' title="bbox 366 545 1438 618; baseline -0.015 -13"><span class='ocrx_word' id='word_1_18' title='bbox 366 563 456 605; x_wconf 94' lang='lat' dir='ltr'>tur</span> <span class='ocrx_word' id='word_1_19' title='bbox 493 569 506 603; x_wconf 77' lang='lat' dir='ltr'>t</span> <span class='ocrx_word' id='word_1_20' title='bbox 553 552 791 618; x_wconf 88' lang='lat' dir='ltr'>primum</span> <span class='ocrx_word' id='word_1_21' title='bbox 825 545 1147 616; x_wconf 90' lang='lat' dir='ltr'>principium</span> <span class='ocrx_word' id='word_1_22' title='bbox 1193 555 1438 592; x_wconf 90' lang='lat' dir='ltr'>necessa-</span> 
     </span>
     <span class='ocr_line' id='line_1_5' title="bbox 367 613 1434 683; baseline -0.015 -8"><span class='ocrx_word' id='word_1_23' title='bbox 367 625 449 675; x_wconf 92' lang='lat' dir='ltr'>rio</span> <span class='ocrx_word' id='word_1_24' title='bbox 506 632 583 674; x_wconf 90' lang='lat' dir='ltr'>est</span> <span class='ocrx_word' id='word_1_25' title='bbox 638 622 879 672; x_wconf 86' lang='lat' dir='ltr'>Verbum</span> <span class='ocrx_word' id='word_1_26' title='bbox 931 615 1144 683; x_wconf 81' lang='lat' dir='ltr'>proprie</span> <span class='ocrx_word' id='word_1_27' title='bbox 1200 613 1434 674; x_wconf 90' lang='lat' dir='ltr'>dictum,</span> 
     </span>
     <span class='ocr_line' id='line_1_6' title="bbox 367 682 1436 761; baseline -0.014 -15"><span class='ocrx_word' id='word_1_28' title='bbox 367 704 619 761; x_wconf 84' lang='lat' dir='ltr'><strong>tanquam</strong></span> <span class='ocrx_word' id='word_1_29' title='bbox 674 693 730 743; x_wconf 92' lang='lat' dir='ltr'>in</span> <span class='ocrx_word' id='word_1_30' title='bbox 787 692 902 756; x_wconf 85' lang='lat' dir='ltr'>ipso</span> <span class='ocrx_word' id='word_1_31' title='bbox 942 688 1095 753; x_wconf 76' lang='lat' dir='ltr'>cujus</span> <span class='ocrx_word' id='word_1_32' title='bbox 1138 694 1234 736; x_wconf 89' lang='lat' dir='ltr'>est.</span> <span class='ocrx_word' id='word_1_33' title='bbox 1275 684 1351 733; x_wconf 86' lang='lat' dir='ltr'>Ac</span> <span class='ocrx_word' id='word_1_34' title='bbox 1390 682 1436 732; x_wconf 88' lang='lat' dir='ltr'>si</span> 
     </span>
     <span class='ocr_line' id='line_1_7' title="bbox 369 752 1436 819; baseline -0.014 -2"><span class='ocrx_word' id='word_1_35' title='bbox 369 767 567 816; x_wconf 89' lang='lat' dir='ltr'>diceret</span> <span class='ocrx_word' id='word_1_36' title='bbox 596 763 812 815; x_wconf 88' lang='lat' dir='ltr'>:Filius</span> <span class='ocrx_word' id='word_1_37' title='bbox 851 769 959 810; x_wconf 90' lang='lat' dir='ltr'>erat</span> <span class='ocrx_word' id='word_1_38' title='bbox 981 758 1036 808; x_wconf 91' lang='lat' dir='ltr'>in</span> <span class='ocrx_word' id='word_1_39' title='bbox 1079 757 1251 819; x_wconf 89' lang='lat' dir='ltr'>Patre,</span> <span class='ocrx_word' id='word_1_40' title='bbox 1294 752 1436 804; x_wconf 89' lang='lat' dir='ltr'>Patri</span> 
     </span>
     <span class='ocr_line' id='line_1_8' title="bbox 369 824 1437 894; baseline -0.013 -6"><span class='ocrx_word' id='word_1_41' title='bbox 369 836 574 887; x_wconf 88' lang='lat' dir='ltr'>scilicet</span> <span class='ocrx_word' id='word_1_42' title='bbox 623 841 948 894; x_wconf 88' lang='lat' dir='ltr'>coaeternus,</span> <span class='ocrx_word' id='word_1_43' title='bbox 1006 844 1113 878; x_wconf 88' lang='lat' dir='ltr'>non</span> <span class='ocrx_word' id='word_1_44' title='bbox 1163 826 1216 876; x_wconf 88' lang='lat' dir='ltr'>in</span> <span class='ocrx_word' id='word_1_45' title='bbox 1274 824 1437 876; x_wconf 90' lang='lat' dir='ltr'>Maria</span> 
     </span>
     <span class='ocr_line' id='line_1_9' title="bbox 371 897 1436 975; baseline -0.012 -16"><span class='ocrx_word' id='word_1_46' title='bbox 371 909 571 975; x_wconf 85' lang='lat' dir='ltr'><strong>incepit</strong></span> <span class='ocrx_word' id='word_1_47' title='bbox 624 920 755 968; x_wconf 91' lang='lat' dir='ltr'>esse,</span> <span class='ocrx_word' id='word_1_48' title='bbox 794 905 888 955; x_wconf 91' lang='lat' dir='ltr'>sed</span> <span class='ocrx_word' id='word_1_49' title='bbox 949 903 1003 952; x_wconf 90' lang='lat' dir='ltr'>in</span> <span class='ocrx_word' id='word_1_50' title='bbox 1059 899 1341 967; x_wconf 88' lang='lat' dir='ltr'>principio,</span> <span class='ocrx_word' id='word_1_51' title='bbox 1380 897 1436 947; x_wconf 88' lang='lat' dir='ltr'>id</span> 
     </span>
     <span class='ocr_line' id='line_1_10' title="bbox 371 973 1437 1048; baseline -0.011 -15"><span class='ocrx_word' id='word_1_52' title='bbox 371 992 476 1048; x_wconf 90' lang='lat' dir='ltr'>est,</span> <span class='ocrx_word' id='word_1_53' title='bbox 517 983 571 1031; x_wconf 89' lang='lat' dir='ltr'>in</span> <span class='ocrx_word' id='word_1_54' title='bbox 619 981 797 1042; x_wconf 89' lang='lat' dir='ltr'>Patre,</span> <span class='ocrx_word' id='word_1_55' title='bbox 845 977 939 1045; x_wconf 91' lang='lat' dir='ltr'>qui</span> <span class='ocrx_word' id='word_1_56' title='bbox 988 985 1066 1026; x_wconf 87' lang='lat' dir='ltr'>est</span> <span class='ocrx_word' id='word_1_57' title='bbox 1111 973 1437 1040; x_wconf 85' lang='lat' dir='ltr'>principium</span> 
     </span>
     <span class='ocr_line' id='line_1_11' title="bbox 370 1045 1439 1118; baseline -0.011 -12"><span class='ocrx_word' id='word_1_58' title='bbox 370 1056 486 1106; x_wconf 88' lang='lat' dir='ltr'>sine</span> <span class='ocrx_word' id='word_1_59' title='bbox 535 1050 825 1118; x_wconf 90' lang='lat' dir='ltr'>principi0,</span> <span class='ocrx_word' id='word_1_60' title='bbox 876 1059 927 1100; x_wconf 91' lang='lat' dir='ltr'>et</span> <span class='ocrx_word' id='word_1_61' title='bbox 981 1048 1155 1099; x_wconf 88' lang='lat' dir='ltr'>Filius</span> <span class='ocrx_word' id='word_1_62' title='bbox 1208 1045 1303 1112; x_wconf 91' lang='lat' dir='ltr'>qui</span> <span class='ocrx_word' id='word_1_63' title='bbox 1359 1053 1439 1094; x_wconf 91' lang='lat' dir='ltr'>est</span> 
     </span>
     <span class='ocr_line' id='line_1_12' title="bbox 367 1116 1439 1191; baseline -0.008 -17"><span class='ocrx_word' id='word_1_64' title='bbox 367 1123 694 1191; x_wconf 88' lang='lat' dir='ltr'>principium</span> <span class='ocrx_word' id='word_1_65' title='bbox 733 1123 799 1171; x_wconf 94' lang='lat' dir='ltr'>de</span> <span class='ocrx_word' id='word_1_66' title='bbox 837 1120 1119 1186; x_wconf 85' lang='lat' dir='ltr'>principiO.</span> <span class='ocrx_word' id='word_1_67' title='bbox 1150 1116 1295 1168; x_wconf 87' lang='lat' dir='ltr'><strong>Dicit</strong></span> <span class='ocrx_word' id='word_1_68' title='bbox 1339 1131 1439 1166; x_wconf 90' lang='lat' dir='ltr'>au-</span> 
     </span>
     <span class='ocr_line' id='line_1_13' title="bbox 366 1188 1438 1255; baseline -0.009 -8"><span class='ocrx_word' id='word_1_69' title='bbox 366 1206 478 1247; x_wconf 87' lang='lat' dir='ltr'>tem</span> <span class='ocrx_word' id='word_1_70' title='bbox 505 1195 747 1246; x_wconf 86' lang='lat' dir='ltr'><strong>Verbum</strong></span> <span class='ocrx_word' id='word_1_71' title='bbox 784 1193 881 1244; x_wconf 91' lang='lat' dir='ltr'>Dei</span> <span class='ocrx_word' id='word_1_72' title='bbox 919 1192 1148 1252; x_wconf 90' lang='lat' dir='ltr'>Filium;</span> <span class='ocrx_word' id='word_1_73' title='bbox 1179 1188 1307 1255; x_wconf 89' lang='lat' dir='ltr'>quia</span> <span class='ocrx_word' id='word_1_74' title='bbox 1346 1189 1438 1239; x_wconf 87' lang='lat' dir='ltr'>Je-</span> 
     </span>
     <span class='ocr_line' id='line_1_14' title="bbox 366 1263 1440 1325; baseline -0.009 -8"><span class='ocrx_word' id='word_1_75' title='bbox 366 1280 460 1317; x_wconf 90' lang='lat' dir='ltr'>sus</span> <span class='ocrx_word' id='word_1_76' title='bbox 488 1265 732 1316; x_wconf 91' lang='lat' dir='ltr'>Christus</span> <span class='ocrx_word' id='word_1_77' title='bbox 752 1263 1017 1313; x_wconf 86' lang='lat' dir='ltr'>Dominus</span> <span class='ocrx_word' id='word_1_78' title='bbox 1045 1270 1222 1311; x_wconf 91' lang='lat' dir='ltr'>noster</span> <span class='ocrx_word' id='word_1_79' title='bbox 1251 1273 1440 1325; x_wconf 88' lang='lat' dir='ltr'>quem-</span> 
     </span>
     <span class='ocr_line' id='line_1_15' title="bbox 366 1329 1440 1392; baseline -0.009 -4"><span class='ocrx_word' id='word_1_80' title='bbox 366 1338 659 1388; x_wconf 86' lang='lat' dir='ltr'>admodum</span> <span class='ocrx_word' id='word_1_81' title='bbox 715 1335 911 1385; x_wconf 91' lang='lat' dir='ltr'>dicitur</span> <span class='ocrx_word' id='word_1_82' title='bbox 964 1333 1136 1383; x_wconf 89' lang='lat' dir='ltr'>Filius</span> <span class='ocrx_word' id='word_1_83' title='bbox 1195 1330 1314 1392; x_wconf 89' lang='lat' dir='ltr'>Dei,</span> <span class='ocrx_word' id='word_1_84' title='bbox 1358 1329 1440 1379; x_wconf 87' lang='lat' dir='ltr'>sic</span> 
     </span>
     <span class='ocr_line' id='line_1_16' title="bbox 365 1402 1438 1470; baseline -0.008 -10"><span class='ocrx_word' id='word_1_85' title='bbox 365 1409 562 1460; x_wconf 85' lang='lat' dir='ltr'>dicitur</span> <span class='ocrx_word' id='word_1_86' title='bbox 602 1409 842 1460; x_wconf 88' lang='lat' dir='ltr'>Verbum</span> <span class='ocrx_word' id='word_1_87' title='bbox 878 1405 998 1470; x_wconf 91' lang='lat' dir='ltr'>Dei,</span> <span class='ocrx_word' id='word_1_88' title='bbox 1029 1404 1105 1455; x_wconf 91' lang='lat' dir='ltr'>sic</span> <span class='ocrx_word' id='word_1_89' title='bbox 1156 1413 1208 1454; x_wconf 90' lang='lat' dir='ltr'>et</span> <span class='ocrx_word' id='word_1_90' title='bbox 1253 1402 1438 1453; x_wconf 89' lang='lat' dir='ltr'><strong>Virtus</strong></span> 
     </span>
     <span class='ocr_line' id='line_1_17' title="bbox 364 1473 1437 1545; baseline -0.007 -15"><span class='ocrx_word' id='word_1_91' title='bbox 364 1489 418 1531; x_wconf 93' lang='lat' dir='ltr'>et</span> <span class='ocrx_word' id='word_1_92' title='bbox 470 1478 739 1545; x_wconf 84' lang='lat' dir='ltr'>Sapientia</span> <span class='ocrx_word' id='word_1_93' title='bbox 805 1477 902 1528; x_wconf 90' lang='lat' dir='ltr'>Dei</span> <span class='ocrx_word' id='word_1_94' title='bbox 973 1493 986 1527; x_wconf 74' lang='grc' dir='ltr'><strong><em>ε</em></strong></span> <span class='ocrx_word' id='word_1_95' title='bbox 1054 1490 1226 1526; x_wconf 90' lang='lat' dir='ltr'>unum</span> <span class='ocrx_word' id='word_1_96' title='bbox 1290 1473 1437 1523; x_wconf 90' lang='lat' dir='ltr'>enim</span> 
     </span>
     <span class='ocr_line' id='line_1_18' title="bbox 360 1546 1437 1618; baseline -0.006 -16"><span class='ocrx_word' id='word_1_97' title='bbox 360 1552 613 1618; x_wconf 84' lang='lat' dir='ltr'>idemque</span> <span class='ocrx_word' id='word_1_98' title='bbox 668 1550 987 1618; x_wconf 88' lang='lat' dir='ltr'>significant,</span> <span class='ocrx_word' id='word_1_99' title='bbox 1042 1563 1214 1599; x_wconf 90' lang='lat' dir='ltr'>unum</span> <span class='ocrx_word' id='word_1_100' title='bbox 1262 1546 1437 1596; x_wconf 89' lang='lat' dir='ltr'>idem-</span> 
     </span>
     <span class='ocr_line' id='line_1_19' title="bbox 361 1617 1434 1690; baseline -0.008 -15"><span class='ocrx_word' id='word_1_101' title='bbox 361 1639 472 1690; x_wconf 88' lang='lat' dir='ltr'>que</span> <span class='ocrx_word' id='word_1_102' title='bbox 512 1633 655 1687; x_wconf 89' lang='lat' dir='ltr'>sunt,</span> <span class='ocrx_word' id='word_1_103' title='bbox 684 1622 877 1685; x_wconf 85' lang='lat' dir='ltr'>Filius,</span> <span class='ocrx_word' id='word_1_104' title='bbox 918 1620 1179 1682; x_wconf 84' lang='lat' dir='ltr'>Verbum,</span> <span class='ocrx_word' id='word_1_105' title='bbox 1228 1617 1434 1680; x_wconf 89' lang='lat' dir='ltr'>Virtus,</span> 
     </span>
     <span class='ocr_line' id='line_1_20' title="bbox 361 1693 1436 1762; baseline -0.006 -16"><span class='ocrx_word' id='word_1_106' title='bbox 361 1705 415 1746; x_wconf 92' lang='lat' dir='ltr'>et</span> <span class='ocrx_word' id='word_1_107' title='bbox 443 1695 728 1762; x_wconf 83' lang='lat' dir='ltr'>Sapientia.</span> <span class='ocrx_word' id='word_1_108' title='bbox 760 1697 863 1746; x_wconf 89' lang='lat' dir='ltr'>Sed</span> <span class='ocrx_word' id='word_1_109' title='bbox 914 1694 1005 1757; x_wconf 92' lang='lat' dir='ltr'>ait,</span> <span class='ocrx_word' id='word_1_110' title='bbox 1035 1693 1297 1754; x_wconf 79' lang='lat' dir='ltr'>Verbum,</span> <span class='ocrx_word' id='word_1_111' title='bbox 1327 1707 1436 1741; x_wconf 82' lang='lat' dir='ltr'>non</span> 
     </span>
    </p>
   </div>
   <div class='ocr_carea' id='block_1_3' title="bbox 365 1763 1464 1833">
    <p class='ocr_par' dir='ltr' id='par_1_3' title="bbox 365 1763 1464 1833">
     <span class='ocr_line' id='line_1_21' title="bbox 365 1763 1464 1833; baseline -0.005 -18"><span class='ocrx_word' id='word_1_112' title='bbox 365 1766 556 1831; x_wconf 82' lang='lat' dir='ltr'>Filius,</span> <span class='ocrx_word' id='word_1_113' title='bbox 601 1766 730 1833; x_wconf 91' lang='lat' dir='ltr'>quia</span> <span class='ocrx_word' id='word_1_114' title='bbox 771 1766 877 1816; x_wconf 88' lang='lat' dir='ltr'>hoc</span> <span class='ocrx_word' id='word_1_115' title='bbox 922 1779 1120 1814; x_wconf 89' lang='lat' dir='ltr'>nomen</span> <span class='ocrx_word' id='word_1_116' title='bbox 1170 1763 1464 1825; x_wconf 60' lang='lat' dir='ltr'>Verbum,</span> 
     </span>
    </p>
   </div>
   <div class='ocr_carea' id='block_1_4' title="bbox 362 1833 1438 2472">
    <p class='ocr_par' dir='ltr' id='par_1_4' title="bbox 362 1833 1438 2472">
     <span class='ocr_line' id='line_1_22' title="bbox 367 1833 1434 1903; baseline -0.006 -17"><span class='ocrx_word' id='word_1_117' title='bbox 367 1836 540 1903; x_wconf 86' lang='lat' dir='ltr'>magis</span> <span class='ocrx_word' id='word_1_118' title='bbox 585 1838 650 1886; x_wconf 89' lang='lat' dir='ltr'>ad</span> <span class='ocrx_word' id='word_1_119' title='bbox 703 1836 1039 1902; x_wconf 87' lang='lat' dir='ltr'>propositum</span> <span class='ocrx_word' id='word_1_120' title='bbox 1096 1833 1222 1883; x_wconf 88' lang='lat' dir='ltr'>facit</span> <span class='ocrx_word' id='word_1_121' title='bbox 1269 1847 1434 1899; x_wconf 92' lang='lat' dir='ltr'>quam</span> 
     </span>
     <span class='ocr_line' id='line_1_23' title="bbox 366 1902 1436 1971; baseline -0.004 -15"><span class='ocrx_word' id='word_1_122' title='bbox 366 1905 557 1957; x_wconf 88' lang='lat' dir='ltr'>Filius.</span> <span class='ocrx_word' id='word_1_123' title='bbox 586 1906 691 1956; x_wconf 89' lang='lat' dir='ltr'>Ubi</span> <span class='ocrx_word' id='word_1_124' title='bbox 726 1907 1002 1956; x_wconf 90' lang='lat' dir='ltr'>sciendum</span> <span class='ocrx_word' id='word_1_125' title='bbox 1037 1904 1186 1971; x_wconf 87' lang='lat' dir='ltr'>quod</span> <span class='ocrx_word' id='word_1_126' title='bbox 1224 1918 1331 1954; x_wconf 85' lang='lat' dir='ltr'>vox</span> <span class='ocrx_word' id='word_1_127' title='bbox 1365 1902 1436 1953; x_wconf 91' lang='lat' dir='ltr'>si-</span> 
     </span>
     <span class='ocr_line' id='line_1_24' title="bbox 368 1973 1434 2043; baseline -0.002 -18"><span class='ocrx_word' id='word_1_128' title='bbox 368 1976 671 2043; x_wconf 87' lang='lat' dir='ltr'>gnificativa</span> <span class='ocrx_word' id='word_1_129' title='bbox 707 1975 902 2026; x_wconf 91' lang='lat' dir='ltr'>dicitur</span> <span class='ocrx_word' id='word_1_130' title='bbox 928 1976 1177 2037; x_wconf 77' lang='lat' dir='ltr'>Verbum;</span> <span class='ocrx_word' id='word_1_131' title='bbox 1214 1975 1306 2024; x_wconf 90' lang='lat' dir='ltr'>sed</span> <span class='ocrx_word' id='word_1_132' title='bbox 1327 1973 1434 2023; x_wconf 92' lang='lat' dir='ltr'>hoc</span> 
     </span>
     <span class='ocr_line' id='line_1_25' title="bbox 364 2046 1435 2114; baseline -0.003 -15"><span class='ocrx_word' id='word_1_133' title='bbox 364 2056 445 2099; x_wconf 89' lang='lat' dir='ltr'>est</span> <span class='ocrx_word' id='word_1_134' title='bbox 470 2050 843 2099; x_wconf 89' lang='lat' dir='ltr'>tantummodo</span> <span class='ocrx_word' id='word_1_135' title='bbox 873 2049 1016 2114; x_wconf 89' lang='lat' dir='ltr'>large</span> <span class='ocrx_word' id='word_1_136' title='bbox 1044 2057 1097 2098; x_wconf 93' lang='lat' dir='ltr'>et</span> <span class='ocrx_word' id='word_1_137' title='bbox 1127 2046 1435 2097; x_wconf 90' lang='lat' dir='ltr'>denomina-</span> 
     </span>
     <span class='ocr_line' id='line_1_26' title="bbox 362 2115 1437 2187; baseline -0.004 -17"><span class='ocrx_word' id='word_1_138' title='bbox 362 2120 488 2181; x_wconf 83' lang='lat' dir='ltr'>tive,</span> <span class='ocrx_word' id='word_1_139' title='bbox 526 2120 581 2169; x_wconf 91' lang='lat' dir='ltr'>in</span> <span class='ocrx_word' id='word_1_140' title='bbox 613 2129 874 2187; x_wconf 90' lang='lat' dir='ltr'>quantum</span> <span class='ocrx_word' id='word_1_141' title='bbox 907 2118 1170 2184; x_wconf 87' lang='lat' dir='ltr'>significat</span> <span class='ocrx_word' id='word_1_142' title='bbox 1210 2115 1437 2168; x_wconf 79' lang='lat' dir='ltr'>interio-</span> 
     </span>
     <span class='ocr_line' id='line_1_27' title="bbox 365 2187 1436 2257; baseline -0.004 -15"><span class='ocrx_word' id='word_1_143' title='bbox 365 2206 482 2242; x_wconf 88' lang='lat' dir='ltr'>rem</span> <span class='ocrx_word' id='word_1_144' title='bbox 528 2191 721 2242; x_wconf 91' lang='lat' dir='ltr'>mentis</span> <span class='ocrx_word' id='word_1_145' title='bbox 760 2200 1079 2257; x_wconf 90' lang='lat' dir='ltr'>conceptum</span> <span class='ocrx_word' id='word_1_146' title='bbox 1118 2206 1131 2239; x_wconf 90' lang='lat'>:</span> <span class='ocrx_word' id='word_1_147' title='bbox 1172 2188 1315 2240; x_wconf 91' lang='lat' dir='ltr'>sicut</span> <span class='ocrx_word' id='word_1_148' title='bbox 1355 2187 1436 2238; x_wconf 88' lang='lat' dir='ltr'>fa-</span> 
     </span>
     <span class='ocr_line' id='line_1_28' title="bbox 364 2261 1437 2328; baseline -0.004 -15"><span class='ocrx_word' id='word_1_149' title='bbox 364 2261 476 2313; x_wconf 88' lang='lat' dir='ltr'>cies</span> <span class='ocrx_word' id='word_1_150' title='bbox 520 2263 716 2313; x_wconf 90' lang='lat' dir='ltr'>dicitur</span> <span class='ocrx_word' id='word_1_151' title='bbox 760 2277 901 2326; x_wconf 90' lang='lat' dir='ltr'>sana,</span> <span class='ocrx_word' id='word_1_152' title='bbox 941 2261 995 2312; x_wconf 90' lang='lat' dir='ltr'>in</span> <span class='ocrx_word' id='word_1_153' title='bbox 1047 2271 1310 2328; x_wconf 90' lang='lat' dir='ltr'>quantum</span> <span class='ocrx_word' id='word_1_154' title='bbox 1357 2268 1437 2309; x_wconf 91' lang='lat' dir='ltr'>est</span> 
     </span>
     <span class='ocr_line' id='line_1_29' title="bbox 364 2333 1438 2386; baseline -0.003 0"><span class='ocrx_word' id='word_1_155' title='bbox 364 2335 602 2386; x_wconf 86' lang='lat' dir='ltr'>sanitatis</span> <span class='ocrx_word' id='word_1_156' title='bbox 658 2335 958 2386; x_wconf 86' lang='lat' dir='ltr'>indicativa.</span> <span class='ocrx_word' id='word_1_157' title='bbox 1005 2334 1078 2385; x_wconf 94' lang='lat' dir='ltr'>Et</span> <span class='ocrx_word' id='word_1_158' title='bbox 1120 2334 1241 2385; x_wconf 89' lang='lat' dir='ltr'>ideo</span> <span class='ocrx_word' id='word_1_159' title='bbox 1297 2333 1438 2384; x_wconf 90' lang='lat' dir='ltr'>sicut</span> 
     </span>
     <span class='ocr_line' id='line_1_30' title="bbox 365 2405 1438 2472; baseline -0.002 -16"><span class='ocrx_word' id='word_1_160' title='bbox 365 2406 500 2456; x_wconf 89' lang='lat' dir='ltr'>illud</span> <span class='ocrx_word' id='word_1_161' title='bbox 545 2406 760 2472; x_wconf 88' lang='lat' dir='ltr'>proprie</span> <span class='ocrx_word' id='word_1_162' title='bbox 804 2405 999 2456; x_wconf 91' lang='lat' dir='ltr'>dicitur</span> <span class='ocrx_word' id='word_1_163' title='bbox 1036 2406 1247 2469; x_wconf 81' lang='lat' dir='ltr'>sanitaS,</span> <span class='ocrx_word' id='word_1_164' title='bbox 1288 2405 1438 2472; x_wconf 87' lang='lat' dir='ltr'>quod</span> 
     </span>
    </p>
   </div>
   <div class='ocr_carea' id='block_1_5' title="bbox 280 2474 1439 2546">
    <p class='ocr_par' dir='ltr' id='par_1_5' title="bbox 280 2474 1439 2546">
     <span class='ocr_line' id='line_1_31' title="bbox 280 2474 1439 2546; baseline 0 -21"><span class='ocrx_word' id='word_1_165' title='bbox 280 2543 281 2546; x_wconf 8' lang='grc' dir='ltr'><strong>Ἴ</strong></span> <span class='ocrx_word' id='word_1_166' title='bbox 366 2490 463 2541; x_wconf 86' lang='lat' dir='ltr'>per</span> <span class='ocrx_word' id='word_1_167' title='bbox 489 2474 679 2525; x_wconf 90' lang='lat' dir='ltr'>faciem</span> <span class='ocrx_word' id='word_1_168' title='bbox 708 2476 1031 2542; x_wconf 87' lang='lat' dir='ltr'>designatur,</span> <span class='ocrx_word' id='word_1_169' title='bbox 1059 2476 1130 2525; x_wconf 90' lang='lat' dir='ltr'>ita</span> <span class='ocrx_word' id='word_1_170' title='bbox 1157 2475 1290 2525; x_wconf 89' lang='lat' dir='ltr'>illud</span> <span class='ocrx_word' id='word_1_171' title='bbox 1314 2490 1439 2541; x_wconf 90' lang='lat' dir='ltr'>pro-</span> 
     </span>
    </p>
   </div>
   <div class='ocr_carea' id='block_1_6' title="bbox 368 2548 1448 3971">
    <p class='ocr_par' dir='ltr' id='par_1_6' title="bbox 368 2548 1448 3971">
     <span class='ocr_line' id='line_1_32' title="bbox 368 2548 1436 2614; baseline 0.001 -17"><span class='ocrx_word' id='word_1_172' title='bbox 368 2548 485 2614; x_wconf 91' lang='lat' dir='ltr'>prie</span> <span class='ocrx_word' id='word_1_173' title='bbox 525 2548 721 2597; x_wconf 89' lang='lat' dir='ltr'>dicitur</span> <span class='ocrx_word' id='word_1_174' title='bbox 754 2549 999 2611; x_wconf 87' lang='lat' dir='ltr'>verbum,</span> <span class='ocrx_word' id='word_1_175' title='bbox 1029 2549 1175 2613; x_wconf 89' lang='lat' dir='ltr'>quod</span> <span class='ocrx_word' id='word_1_176' title='bbox 1213 2563 1307 2614; x_wconf 90' lang='lat' dir='ltr'>per</span> <span class='ocrx_word' id='word_1_177' title='bbox 1335 2563 1436 2599; x_wconf 85' lang='lat' dir='ltr'>vo-</span> 
     </span>
     <span class='ocr_line' id='line_1_33' title="bbox 371 2617 1439 2684; baseline 0 -15"><span class='ocrx_word' id='word_1_178' title='bbox 371 2634 490 2669; x_wconf 88' lang='lat' dir='ltr'>cem</span> <span class='ocrx_word' id='word_1_179' title='bbox 544 2617 892 2684; x_wconf 87' lang='lat' dir='ltr'>significatur.</span> <span class='ocrx_word' id='word_1_180' title='bbox 950 2620 1065 2669; x_wconf 88' lang='lat' dir='ltr'>Hoc</span> <span class='ocrx_word' id='word_1_181' title='bbox 1122 2628 1302 2670; x_wconf 88' lang='lat' dir='ltr'>autern</span> <span class='ocrx_word' id='word_1_182' title='bbox 1359 2628 1439 2671; x_wconf 88' lang='lat' dir='ltr'>est</span> 
     </span>
     <span class='ocr_line' id='line_1_34' title="bbox 371 2690 1439 2757; baseline 0.002 -16"><span class='ocrx_word' id='word_1_183' title='bbox 371 2690 591 2741; x_wconf 88' lang='lat' dir='ltr'>interior</span> <span class='ocrx_word' id='word_1_184' title='bbox 619 2691 814 2741; x_wconf 90' lang='lat' dir='ltr'>mentis</span> <span class='ocrx_word' id='word_1_185' title='bbox 839 2699 1153 2757; x_wconf 85' lang='lat' dir='ltr'>conceptus;</span> <span class='ocrx_word' id='word_1_186' title='bbox 1185 2691 1313 2757; x_wconf 85' lang='lat' dir='ltr'>quia</span> <span class='ocrx_word' id='word_1_187' title='bbox 1338 2707 1439 2743; x_wconf 77' lang='lat' dir='ltr'>vo-</span> 
     </span>
     <span class='ocr_line' id='line_1_35' title="bbox 373 2762 1438 2830; baseline 0.001 -17"><span class='ocrx_word' id='word_1_188' title='bbox 373 2777 462 2813; x_wconf 85' lang='lat' dir='ltr'>ces</span> <span class='ocrx_word' id='word_1_189' title='bbox 503 2771 628 2812; x_wconf 90' lang='lat' dir='ltr'>sunt</span> <span class='ocrx_word' id='word_1_190' title='bbox 663 2771 801 2813; x_wconf 87' lang='lat' dir='ltr'>notae</span> <span class='ocrx_word' id='word_1_191' title='bbox 839 2771 895 2812; x_wconf 94' lang='lat' dir='ltr'>et</span> <span class='ocrx_word' id='word_1_192' title='bbox 934 2763 1082 2830; x_wconf 90' lang='lat' dir='ltr'>signa</span> <span class='ocrx_word' id='word_1_193' title='bbox 1128 2762 1438 2829; x_wconf 86' lang='lat' dir='ltr'>passionum</span> 
     </span>
     <span class='ocr_line' id='line_1_36' title="bbox 370 2832 1438 2900; baseline 0.002 -17"><span class='ocrx_word' id='word_1_194' title='bbox 370 2849 493 2900; x_wconf 88' lang='lat' dir='ltr'>quae</span> <span class='ocrx_word' id='word_1_195' title='bbox 529 2843 655 2884; x_wconf 91' lang='lat' dir='ltr'>sunt</span> <span class='ocrx_word' id='word_1_196' title='bbox 710 2832 764 2882; x_wconf 91' lang='lat' dir='ltr'>in</span> <span class='ocrx_word' id='word_1_197' title='bbox 803 2833 1006 2898; x_wconf 89' lang='lat' dir='ltr'>anima;</span> <span class='ocrx_word' id='word_1_198' title='bbox 1047 2843 1099 2884; x_wconf 91' lang='lat' dir='ltr'>et</span> <span class='ocrx_word' id='word_1_199' title='bbox 1135 2834 1206 2885; x_wconf 90' lang='lat' dir='ltr'>ita</span> <span class='ocrx_word' id='word_1_200' title='bbox 1243 2850 1438 2885; x_wconf 92' lang='lat' dir='ltr'>conce-</span> 
     </span>
     <span class='ocr_line' id='line_1_37' title="bbox 374 2903 1439 2970; baseline 0.001 -16"><span class='ocrx_word' id='word_1_201' title='bbox 374 2913 497 2970; x_wconf 90' lang='lat' dir='ltr'>ptus</span> <span class='ocrx_word' id='word_1_202' title='bbox 553 2903 746 2954; x_wconf 88' lang='lat' dir='ltr'>mentis</span> <span class='ocrx_word' id='word_1_203' title='bbox 799 2904 1042 2969; x_wconf 87' lang='lat' dir='ltr'>interior,</span> <span class='ocrx_word' id='word_1_204' title='bbox 1091 2905 1250 2955; x_wconf 90' lang='lat' dir='ltr'>etiam</span> <span class='ocrx_word' id='word_1_205' title='bbox 1290 2914 1439 2956; x_wconf 87' lang='lat' dir='ltr'>ante-</span> 
     </span>
     <span class='ocr_line' id='line_1_38' title="bbox 372 2975 1439 3042; baseline 0.001 -18"><span class='ocrx_word' id='word_1_206' title='bbox 372 2989 538 3040; x_wconf 86' lang='lat' dir='ltr'>quam</span> <span class='ocrx_word' id='word_1_207' title='bbox 582 2989 676 3039; x_wconf 91' lang='lat' dir='ltr'>per</span> <span class='ocrx_word' id='word_1_208' title='bbox 718 2990 907 3025; x_wconf 88' lang='lat' dir='ltr'>vocem</span> <span class='ocrx_word' id='word_1_209' title='bbox 945 2975 1268 3042; x_wconf 85' lang='lat' dir='ltr'>designetur,</span> <span class='ocrx_word' id='word_1_210' title='bbox 1312 2991 1439 3042; x_wconf 91' lang='lat' dir='ltr'>pro-</span> 
     </span>
     <span class='ocr_line' id='line_1_39' title="bbox 373 3046 1439 3115; baseline 0.003 -19"><span class='ocrx_word' id='word_1_211' title='bbox 373 3046 488 3112; x_wconf 90' lang='lat' dir='ltr'>prie</span> <span class='ocrx_word' id='word_1_212' title='bbox 514 3047 740 3097; x_wconf 84' lang='lat' dir='ltr'>verbum</span> <span class='ocrx_word' id='word_1_213' title='bbox 763 3048 975 3098; x_wconf 90' lang='lat' dir='ltr'>dicitur.</span> <span class='ocrx_word' id='word_1_214' title='bbox 1009 3049 1149 3099; x_wconf 93' lang='lat' dir='ltr'>Cum</span> <span class='ocrx_word' id='word_1_215' title='bbox 1178 3064 1304 3115; x_wconf 87' lang='lat' dir='ltr'>ergo</span> <span class='ocrx_word' id='word_1_216' title='bbox 1331 3048 1439 3099; x_wconf 89' lang='lat' dir='ltr'>hoc</span> 
     </span>
     <span class='ocr_line' id='line_1_40' title="bbox 375 3118 1448 3185; baseline 0.002 -17"><span class='ocrx_word' id='word_1_217' title='bbox 375 3132 573 3168; x_wconf 86' lang='lat' dir='ltr'>nomen</span> <span class='ocrx_word' id='word_1_218' title='bbox 597 3119 825 3169; x_wconf 84' lang='lat' dir='ltr'>verbum</span> <span class='ocrx_word' id='word_1_219' title='bbox 852 3118 1114 3185; x_wconf 81' lang='lat' dir='ltr'>significet</span> <span class='ocrx_word' id='word_1_220' title='bbox 1134 3134 1324 3170; x_wconf 87' lang='lat' dir='ltr'>vocem</span> <span class='ocrx_word' id='word_1_221' title='bbox 1346 3135 1448 3170; x_wconf 80' lang='lat' dir='ltr'>vo-</span> 
     </span>
     <span class='ocr_line' id='line_1_41' title="bbox 377 3187 1446 3258; baseline 0.002 -19"><span class='ocrx_word' id='word_1_222' title='bbox 377 3187 567 3251; x_wconf 83' lang='lat' dir='ltr'>calem,</span> <span class='ocrx_word' id='word_1_223' title='bbox 607 3198 659 3239; x_wconf 86' lang='lat' dir='ltr'>et</span> <span class='ocrx_word' id='word_1_224' title='bbox 694 3190 842 3256; x_wconf 91' lang='lat' dir='ltr'>quod</span> <span class='ocrx_word' id='word_1_225' title='bbox 880 3189 986 3240; x_wconf 84' lang='lat' dir='ltr'>exit</span> <span class='ocrx_word' id='word_1_226' title='bbox 1019 3191 1085 3239; x_wconf 88' lang='lat' dir='ltr'>ab</span> <span class='ocrx_word' id='word_1_227' title='bbox 1122 3205 1234 3255; x_wconf 82' lang='lat' dir='ltr'>ore,</span> <span class='ocrx_word' id='word_1_228' title='bbox 1270 3190 1446 3258; x_wconf 85' lang='lat' dir='ltr'>signi-—</span> 
     </span>
     <span class='ocr_line' id='line_1_42' title="bbox 375 3257 1445 3327; baseline 0.002 -17"><span class='ocrx_word' id='word_1_229' title='bbox 375 3257 500 3311; x_wconf 88' lang='lat' dir='ltr'>ficet</span> <span class='ocrx_word' id='word_1_230' title='bbox 535 3260 692 3310; x_wconf 87' lang='lat' dir='ltr'>etiam</span> <span class='ocrx_word' id='word_1_231' title='bbox 740 3261 985 3325; x_wconf 84' lang='lat' dir='ltr'>mentale,</span> <span class='ocrx_word' id='word_1_232' title='bbox 1010 3263 1157 3327; x_wconf 92' lang='lat' dir='ltr'>quod</span> <span class='ocrx_word' id='word_1_233' title='bbox 1195 3276 1225 3313; x_wconf 89' lang='lat' dir='ltr'>a</span> <span class='ocrx_word' id='word_1_234' title='bbox 1261 3270 1445 3312; x_wconf 79' lang='lat' dir='ltr'>mente</span> 
     </span>
     <span class='ocr_line' id='line_1_43' title="bbox 374 3328 1440 3399; baseline 0.004 -20"><span class='ocrx_word' id='word_1_235' title='bbox 374 3328 635 3399; x_wconf 57' lang='lat' dir='ltr'>gignitum</span> <span class='ocrx_word' id='word_1_236' title='bbox 682 3346 781 3382; x_wconf 87' lang='lat' dir='ltr'>nec</span> <span class='ocrx_word' id='word_1_237' title='bbox 836 3331 903 3382; x_wconf 92' lang='lat' dir='ltr'>ab</span> <span class='ocrx_word' id='word_1_238' title='bbox 957 3347 1017 3383; x_wconf 90' lang='lat' dir='ltr'>ea</span> <span class='ocrx_word' id='word_1_239' title='bbox 1059 3332 1264 3383; x_wconf 81' lang='lat' dir='ltr'>recedit</span> <span class='ocrx_word' id='word_1_240' title='bbox 1314 3348 1440 3384; x_wconf 88' lang='lat' dir='ltr'>cum</span> 
     </span>
     <span class='ocr_line' id='line_1_44' title="bbox 375 3400 1443 3466; baseline 0.001 -14"><span class='ocrx_word' id='word_1_241' title='bbox 375 3400 661 3466; x_wconf 76' lang='lat' dir='ltr'>emittitur,</span> <span class='ocrx_word' id='word_1_242' title='bbox 709 3402 914 3452; x_wconf 84' lang='lat' dir='ltr'>scilicet</span> <span class='ocrx_word' id='word_1_243' title='bbox 965 3404 1192 3454; x_wconf 76' lang='lat' dir='ltr'>verbum</span> <span class='ocrx_word' id='word_1_244' title='bbox 1245 3417 1443 3453; x_wconf 82' lang='lat' dir='ltr'>conce-</span> 
     </span>
     <span class='ocr_line' id='line_1_45' title="bbox 374 3471 1441 3540; baseline -0.002 -15"><span class='ocrx_word' id='word_1_245' title='bbox 374 3483 530 3540; x_wconf 85' lang='lat' dir='ltr'>ptum</span> <span class='ocrx_word' id='word_1_246' title='bbox 556 3476 854 3526; x_wconf 87' lang='lat' dir='ltr'>secundum</span> <span class='ocrx_word' id='word_1_247' title='bbox 897 3474 1145 3526; x_wconf 85' lang='lat' dir='ltr'>ultimam</span> <span class='ocrx_word' id='word_1_248' title='bbox 1175 3471 1441 3539; x_wconf 83' lang='lat' dir='ltr'>acceptio-</span> 
     </span>
     <span class='ocr_line' id='line_1_46' title="bbox 375 3543 1441 3611; baseline 0 -16"><span class='ocrx_word' id='word_1_249' title='bbox 375 3559 500 3595; x_wconf 81' lang='lat' dir='ltr'>nem</span> <span class='ocrx_word' id='word_1_250' title='bbox 546 3546 638 3596; x_wconf 86' lang='lat' dir='ltr'>hic</span> <span class='ocrx_word' id='word_1_251' title='bbox 693 3545 957 3611; x_wconf 86' lang='lat' dir='ltr'>sumitur,</span> <span class='ocrx_word' id='word_1_252' title='bbox 999 3554 1061 3597; x_wconf 92' lang='lat' dir='ltr'>ut</span> <span class='ocrx_word' id='word_1_253' title='bbox 1113 3560 1210 3611; x_wconf 90' lang='lat' dir='ltr'>per</span> <span class='ocrx_word' id='word_1_254' title='bbox 1261 3543 1441 3611; x_wconf 88' lang='lat' dir='ltr'>ipsum</span> 
     </span>
     <span class='ocr_line' id='line_1_47' title="bbox 374 3614 1443 3684; baseline 0.003 -19"><span class='ocrx_word' id='word_1_255' title='bbox 374 3614 548 3667; x_wconf 85' lang='lat' dir='ltr'>Filius</span> <span class='ocrx_word' id='word_1_256' title='bbox 601 3616 948 3684; x_wconf 82' lang='lat' dir='ltr'>intelligatur;</span> <span class='ocrx_word' id='word_1_257' title='bbox 1005 3617 1211 3683; x_wconf 81' lang='lat' dir='ltr'>quippe</span> <span class='ocrx_word' id='word_1_258' title='bbox 1242 3617 1372 3683; x_wconf 80' lang='lat' dir='ltr'>quia</span> <span class='ocrx_word' id='word_1_259' title='bbox 1410 3633 1443 3669; x_wconf 82' lang='lat' dir='ltr'>a</span> 
     </span>
     <span class='ocr_line' id='line_1_48' title="bbox 376 3684 1446 3755; baseline 0.005 -19"><span class='ocrx_word' id='word_1_260' title='bbox 376 3684 532 3738; x_wconf 88' lang='lat' dir='ltr'>Patre</span> <span class='ocrx_word' id='word_1_261' title='bbox 557 3689 798 3755; x_wconf 88' lang='lat' dir='ltr'>procedit</span> <span class='ocrx_word' id='word_1_262' title='bbox 837 3704 932 3755; x_wconf 91' lang='lat' dir='ltr'>per</span> <span class='ocrx_word' id='word_1_263' title='bbox 967 3697 1218 3739; x_wconf 82' lang='lat' dir='ltr'>aeternam</span> <span class='ocrx_word' id='word_1_264' title='bbox 1246 3689 1446 3741; x_wconf 81' lang='lat' dir='ltr'>nativi-</span> 
     </span>
     <span class='ocr_line' id='line_1_49' title="bbox 375 3760 1441 3828; baseline 0.006 -21"><span class='ocrx_word' id='word_1_265' title='bbox 375 3765 556 3823; x_wconf 84' lang='lat' dir='ltr'>tatem,</span> <span class='ocrx_word' id='word_1_266' title='bbox 586 3776 646 3811; x_wconf 86' lang='lat' dir='ltr'>ac</span> <span class='ocrx_word' id='word_1_267' title='bbox 683 3777 810 3811; x_wconf 80' lang='lat' dir='ltr'>curn</span> <span class='ocrx_word' id='word_1_268' title='bbox 846 3776 912 3811; x_wconf 89' lang='lat' dir='ltr'>eo</span> <span class='ocrx_word' id='word_1_269' title='bbox 946 3769 998 3810; x_wconf 87' lang='lat' dir='ltr'>et</span> <span class='ocrx_word' id='word_1_270' title='bbox 1037 3760 1093 3809; x_wconf 85' lang='lat' dir='ltr'>in</span> <span class='ocrx_word' id='word_1_271' title='bbox 1127 3776 1192 3811; x_wconf 88' lang='lat' dir='ltr'>eo</span> <span class='ocrx_word' id='word_1_272' title='bbox 1228 3777 1441 3828; x_wconf 85' lang='lat' dir='ltr'>perma-</span> 
     </span>
     <span class='ocr_line' id='line_1_50' title="bbox 375 3831 1446 3898; baseline 0.007 -21"><span class='ocrx_word' id='word_1_273' title='bbox 375 3837 466 3878; x_wconf 88' lang='lat' dir='ltr'>net</span> <span class='ocrx_word' id='word_1_274' title='bbox 516 3845 611 3894; x_wconf 89' lang='lat' dir='ltr'>per</span> <span class='ocrx_word' id='word_1_275' title='bbox 664 3831 907 3882; x_wconf 70' lang='lat' dir='ltr'>essentiae</span> <span class='ocrx_word' id='word_1_276' title='bbox 954 3831 1248 3898; x_wconf 83' lang='lat' dir='ltr'>unitatem3</span> <span class='ocrx_word' id='word_1_277' title='bbox 1300 3833 1446 3884; x_wconf 87' lang='lat' dir='ltr'>sicut</span> 
     </span>
     <span class='ocr_line' id='line_1_51' title="bbox 375 3898 1442 3971; baseline 0.008 -23"><span class='ocrx_word' id='word_1_278' title='bbox 375 3898 627 3965; x_wconf 78' lang='lat' dir='ltr'>cogitatio</span> <span class='ocrx_word' id='word_1_279' title='bbox 647 3940 662 3967; x_wconf 92' lang='lat'>,</span> <span class='ocrx_word' id='word_1_280' title='bbox 720 3916 816 3954; x_wconf 83' lang='lat' dir='ltr'>seu</span> <span class='ocrx_word' id='word_1_281' title='bbox 879 3902 1163 3969; x_wconf 77' lang='lat' dir='ltr'>conceptio</span> <span class='ocrx_word' id='word_1_282' title='bbox 1210 3904 1442 3971; x_wconf 66' lang='lat' dir='ltr'>mentiz,</span> 
     </span>
    </p>
   </div>
   <div class='ocr_carea' id='block_1_7' title="bbox 1540 394 2658 3829">
    <p class='ocr_par' dir='ltr' id='par_1_7' title="bbox 1540 394 2658 2601">
     <span class='ocr_line' id='line_1_52' title="bbox 1550 394 2616 460; baseline 0 -15"><span class='ocrx_word' id='word_1_283' title='bbox 1550 409 1671 459; x_wconf 82' lang='lat' dir='ltr'>quae</span> <span class='ocrx_word' id='word_1_284' title='bbox 1709 408 1774 443; x_wconf 85' lang='lat' dir='ltr'>ex</span> <span class='ocrx_word' id='word_1_285' title='bbox 1815 403 1991 443; x_wconf 90' lang='lat' dir='ltr'>mente</span> <span class='ocrx_word' id='word_1_286' title='bbox 2027 401 2145 442; x_wconf 89' lang='lat' dir='ltr'>nata</span> <span class='ocrx_word' id='word_1_287' title='bbox 2190 402 2284 456; x_wconf 90' lang='lat' dir='ltr'>est,</span> <span class='ocrx_word' id='word_1_288' title='bbox 2324 409 2448 443; x_wconf 91' lang='lat' dir='ltr'>cum</span> <span class='ocrx_word' id='word_1_289' title='bbox 2495 394 2616 460; x_wconf 87' lang='lat' dir='ltr'>ipsa</span> 
     </span>
     <span class='ocr_line' id='line_1_53' title="bbox 1545 463 2617 531; baseline 0.001 -16"><span class='ocrx_word' id='word_1_290' title='bbox 1545 473 1842 531; x_wconf 89' lang='lat' dir='ltr'>permanet;</span> <span class='ocrx_word' id='word_1_291' title='bbox 1903 473 1955 514; x_wconf 93' lang='lat' dir='ltr'>et</span> <span class='ocrx_word' id='word_1_292' title='bbox 2009 464 2129 514; x_wconf 91' lang='lat' dir='ltr'>ideo</span> <span class='ocrx_word' id='word_1_293' title='bbox 2187 464 2377 514; x_wconf 90' lang='lat' dir='ltr'>maluit</span> <span class='ocrx_word' id='word_1_294' title='bbox 2431 463 2617 516; x_wconf 82' lang='lat' dir='ltr'>dicere</span> 
     </span>
     <span class='ocr_line' id='line_1_54' title="bbox 1543 535 2616 603; baseline 0.001 -17"><span class='ocrx_word' id='word_1_295' title='bbox 1543 535 1803 598; x_wconf 90' lang='lat' dir='ltr'>Verbum,</span> <span class='ocrx_word' id='word_1_296' title='bbox 1842 550 2005 600; x_wconf 89' lang='lat' dir='ltr'>quam</span> <span class='ocrx_word' id='word_1_297' title='bbox 2034 535 2223 585; x_wconf 79' lang='lat' dir='ltr'>Filius,</span> <span class='ocrx_word' id='word_1_298' title='bbox 2256 535 2408 599; x_wconf 66' lang='lat' dir='ltr'>{Cum</span> <span class='ocrx_word' id='word_1_299' title='bbox 2444 535 2616 603; x_wconf 86' lang='lat' dir='ltr'>igitur</span> 
     </span>
     <span class='ocr_line' id='line_1_55' title="bbox 1544 605 2618 672; baseline 0.003 -17"><span class='ocrx_word' id='word_1_300' title='bbox 1544 605 1599 655; x_wconf 90' lang='lat' dir='ltr'>in</span> <span class='ocrx_word' id='word_1_301' title='bbox 1636 606 1752 671; x_wconf 92' lang='lat' dir='ltr'>ipso</span> <span class='ocrx_word' id='word_1_302' title='bbox 1789 606 1901 656; x_wconf 92' lang='lat' dir='ltr'>Deo</span> <span class='ocrx_word' id='word_1_303' title='bbox 1938 606 2152 672; x_wconf 86' lang='lat' dir='ltr'>proprie</span> <span class='ocrx_word' id='word_1_304' title='bbox 2188 615 2240 656; x_wconf 95' lang='lat' dir='ltr'>et</span> <span class='ocrx_word' id='word_1_305' title='bbox 2275 606 2503 672; x_wconf 87' lang='lat' dir='ltr'>perfecte</span> <span class='ocrx_word' id='word_1_306' title='bbox 2538 606 2618 660; x_wconf 88' lang='lat' dir='ltr'>sit</span> 
     </span>
     <span class='ocr_line' id='line_1_56' title="bbox 1541 678 2616 740; baseline 0.003 -12"><span class='ocrx_word' id='word_1_307' title='bbox 1541 678 1810 740; x_wconf 90' lang='lat' dir='ltr'>Verbum;</span> <span class='ocrx_word' id='word_1_308' title='bbox 1878 679 2102 729; x_wconf 87' lang='lat' dir='ltr'>verbum</span> <span class='ocrx_word' id='word_1_309' title='bbox 2160 688 2338 729; x_wconf 88' lang='lat' dir='ltr'>autem</span> <span class='ocrx_word' id='word_1_310' title='bbox 2393 680 2460 728; x_wconf 92' lang='lat' dir='ltr'>de</span> <span class='ocrx_word' id='word_1_311' title='bbox 2510 694 2616 731; x_wconf 83' lang='lat' dir='ltr'>sua</span> 
     </span>
     <span class='ocr_line' id='line_1_57' title="bbox 1542 748 2616 816; baseline 0.004 -18"><span class='ocrx_word' id='word_1_312' title='bbox 1542 748 1745 799; x_wconf 89' lang='lat' dir='ltr'>ratione</span> <span class='ocrx_word' id='word_1_313' title='bbox 1770 749 1900 800; x_wconf 90' lang='lat' dir='ltr'>dicit</span> <span class='ocrx_word' id='word_1_314' title='bbox 1926 751 2072 816; x_wconf 89' lang='lat' dir='ltr'>quod</span> <span class='ocrx_word' id='word_1_315' title='bbox 2111 751 2405 816; x_wconf 87' lang='lat' dir='ltr'>procedens</span> <span class='ocrx_word' id='word_1_316' title='bbox 2441 751 2506 801; x_wconf 89' lang='lat' dir='ltr'>ab</span> <span class='ocrx_word' id='word_1_317' title='bbox 2543 766 2616 802; x_wconf 90' lang='lat' dir='ltr'>eo</span> 
     </span>
     <span class='ocr_line' id='line_1_58' title="bbox 1544 821 2620 887; baseline 0.003 -17"><span class='ocrx_word' id='word_1_318' title='bbox 1544 821 1696 884; x_wconf 80' lang='lat' dir='ltr'>cujus</span> <span class='ocrx_word' id='word_1_319' title='bbox 1744 831 1822 871; x_wconf 90' lang='lat' dir='ltr'>est</span> <span class='ocrx_word' id='word_1_320' title='bbox 1855 822 2101 886; x_wconf 86' lang='lat' dir='ltr'>verbum,</span> <span class='ocrx_word' id='word_1_321' title='bbox 2142 821 2282 872; x_wconf 90' lang='lat' dir='ltr'>sicut</span> <span class='ocrx_word' id='word_1_322' title='bbox 2317 830 2620 887; x_wconf 82' lang='lat' dir='ltr'>conceptus</span> 
     </span>
     <span class='ocr_line' id='line_1_59' title="bbox 1542 891 2616 957; baseline 0.002 -17"><span class='ocrx_word' id='word_1_323' title='bbox 1542 906 1573 940; x_wconf 91' lang='lat' dir='ltr'>a</span> <span class='ocrx_word' id='word_1_324' title='bbox 1613 891 1946 957; x_wconf 83' lang='lat' dir='ltr'>concipiente</span> <span class='ocrx_word' id='word_1_325' title='bbox 1969 907 1982 954; x_wconf 92' lang='lat'>;</span> <span class='ocrx_word' id='word_1_326' title='bbox 2029 902 2080 941; x_wconf 90' lang='lat' dir='ltr'>et</span> <span class='ocrx_word' id='word_1_327' title='bbox 2124 908 2248 942; x_wconf 91' lang='lat' dir='ltr'>cum</span> <span class='ocrx_word' id='word_1_328' title='bbox 2272 892 2513 942; x_wconf 90' lang='lat' dir='ltr'>Verbum</span> <span class='ocrx_word' id='word_1_329' title='bbox 2554 901 2616 943; x_wconf 93' lang='lat' dir='ltr'>et</span> 
     </span>
     <span class='ocr_line' id='line_1_60' title="bbox 1543 963 2613 1030; baseline 0.003 -18"><span class='ocrx_word' id='word_1_330' title='bbox 1543 964 1717 1015; x_wconf 85' lang='lat' dir='ltr'>Filius</span> <span class='ocrx_word' id='word_1_331' title='bbox 1746 963 1856 1014; x_wconf 88' lang='lat' dir='ltr'>sint</span> <span class='ocrx_word' id='word_1_332' title='bbox 1884 963 2045 1023; x_wconf 90' lang='lat' dir='ltr'>idem,</span> <span class='ocrx_word' id='word_1_333' title='bbox 2073 965 2316 1030; x_wconf 90' lang='lat' dir='ltr'>sequitur</span> <span class='ocrx_word' id='word_1_334' title='bbox 2356 965 2501 1030; x_wconf 93' lang='lat' dir='ltr'>quod</span> <span class='ocrx_word' id='word_1_335' title='bbox 2527 963 2613 1015; x_wconf 87' lang='lat' dir='ltr'>ibi</span> 
     </span>
     <span class='ocr_line' id='line_1_61' title="bbox 1543 1036 2615 1103; baseline 0.002 -17"><span class='ocrx_word' id='word_1_336' title='bbox 1543 1036 1616 1086; x_wconf 91' lang='lat' dir='ltr'>sit</span> <span class='ocrx_word' id='word_1_337' title='bbox 1642 1036 1914 1103; x_wconf 86' lang='lat' dir='ltr'>generatio</span> <span class='ocrx_word' id='word_1_338' title='bbox 1943 1036 2068 1087; x_wconf 89' lang='lat' dir='ltr'>Filii</span> <span class='ocrx_word' id='word_1_339' title='bbox 2111 1053 2141 1087; x_wconf 91' lang='lat' dir='ltr'>a</span> <span class='ocrx_word' id='word_1_340' title='bbox 2188 1039 2356 1098; x_wconf 91' lang='lat' dir='ltr'>Patre,</span> <span class='ocrx_word' id='word_1_341' title='bbox 2390 1052 2454 1087; x_wconf 84' lang='lat' dir='ltr'>ex</span> <span class='ocrx_word' id='word_1_342' title='bbox 2495 1052 2615 1102; x_wconf 89' lang='lat' dir='ltr'>quo</span> 
     </span>
     <span class='ocr_line' id='line_1_62' title="bbox 1543 1110 2658 1176; baseline 0.001 -16"><span class='ocrx_word' id='word_1_343' title='bbox 1543 1120 1624 1160; x_wconf 92' lang='lat' dir='ltr'>est</span> <span class='ocrx_word' id='word_1_344' title='bbox 1673 1110 1750 1160; x_wconf 90' lang='lat' dir='ltr'>ibi</span> <span class='ocrx_word' id='word_1_345' title='bbox 1793 1126 2072 1176; x_wconf 87' lang='lat' dir='ltr'>processus</span> <span class='ocrx_word' id='word_1_346' title='bbox 2111 1111 2259 1160; x_wconf 89' lang='lat' dir='ltr'>verbi</span> <span class='ocrx_word' id='word_1_347' title='bbox 2304 1127 2335 1161; x_wconf 92' lang='lat' dir='ltr'>a</span> <span class='ocrx_word' id='word_1_348' title='bbox 2372 1111 2605 1162; x_wconf 89' lang='lat' dir='ltr'>dicente.</span> <span class='ocrx_word' id='word_1_349' title='bbox 2657 1132 2658 1135; x_wconf 42' lang='lat'>¹</span> 
     </span>
     <span class='ocr_line' id='line_1_63' title="bbox 1543 1181 2615 1246; baseline 0.002 -16"><span class='ocrx_word' id='word_1_350' title='bbox 1543 1181 1678 1230; x_wconf 91' lang='lat' dir='ltr'>Item</span> <span class='ocrx_word' id='word_1_351' title='bbox 1722 1181 1903 1246; x_wconf 90' lang='lat' dir='ltr'>potius</span> <span class='ocrx_word' id='word_1_352' title='bbox 1958 1181 2212 1231; x_wconf 90' lang='lat' dir='ltr'>describit</span> <span class='ocrx_word' id='word_1_353' title='bbox 2252 1181 2453 1231; x_wconf 87' lang='lat' dir='ltr'>Filium</span> <span class='ocrx_word' id='word_1_354' title='bbox 2506 1181 2615 1232; x_wconf 87' lang='lat' dir='ltr'>Dei</span> 
     </span>
     <span class='ocr_line' id='line_1_64' title="bbox 1543 1253 2616 1320; baseline 0.002 -18"><span class='ocrx_word' id='word_1_355' title='bbox 1543 1253 1645 1303; x_wconf 90' lang='lat' dir='ltr'>sub</span> <span class='ocrx_word' id='word_1_356' title='bbox 1676 1253 1897 1304; x_wconf 89' lang='lat' dir='ltr'>nomine</span> <span class='ocrx_word' id='word_1_357' title='bbox 1922 1255 2104 1314; x_wconf 89' lang='lat' dir='ltr'>Verbi,</span> <span class='ocrx_word' id='word_1_358' title='bbox 2131 1270 2293 1320; x_wconf 89' lang='lat' dir='ltr'>quam</span> <span class='ocrx_word' id='word_1_359' title='bbox 2318 1255 2419 1304; x_wconf 90' lang='lat' dir='ltr'>sub</span> <span class='ocrx_word' id='word_1_360' title='bbox 2435 1254 2616 1304; x_wconf 90' lang='lat' dir='ltr'>nomi-</span> 
     </span>
     <span class='ocr_line' id='line_1_65' title="bbox 1544 1324 2616 1391; baseline 0.002 -17"><span class='ocrx_word' id='word_1_361' title='bbox 1544 1339 1612 1374; x_wconf 91' lang='lat' dir='ltr'>ne</span> <span class='ocrx_word' id='word_1_362' title='bbox 1657 1324 1803 1385; x_wconf 89' lang='lat' dir='ltr'>Filii,</span> <span class='ocrx_word' id='word_1_363' title='bbox 1850 1325 1979 1391; x_wconf 90' lang='lat' dir='ltr'>quia</span> <span class='ocrx_word' id='word_1_364' title='bbox 2032 1325 2179 1375; x_wconf 91' lang='lat' dir='ltr'>filius</span> <span class='ocrx_word' id='word_1_365' title='bbox 2240 1327 2418 1376; x_wconf 90' lang='lat' dir='ltr'>solum</span> <span class='ocrx_word' id='word_1_366' title='bbox 2474 1324 2616 1376; x_wconf 89' lang='lat' dir='ltr'>dicit</span> 
     </span>
     <span class='ocr_line' id='line_1_66' title="bbox 1542 1394 2614 1461; baseline 0.001 -16"><span class='ocrx_word' id='word_1_367' title='bbox 1542 1394 2002 1461; x_wconf 87' lang='lat' dir='ltr'>comparationem</span> <span class='ocrx_word' id='word_1_368' title='bbox 2038 1395 2104 1444; x_wconf 91' lang='lat' dir='ltr'>ad</span> <span class='ocrx_word' id='word_1_369' title='bbox 2138 1405 2362 1460; x_wconf 90' lang='lat' dir='ltr'>patrem,</span> <span class='ocrx_word' id='word_1_370' title='bbox 2377 1395 2614 1447; x_wconf 86' lang='lat' dir='ltr'>verbum.</span> 
     </span>
     <span class='ocr_line' id='line_1_67' title="bbox 1541 1465 2616 1531; baseline -0.001 -14"><span class='ocrx_word' id='word_1_371' title='bbox 1541 1482 1668 1517; x_wconf 87' lang='lat' dir='ltr'>vero</span> <span class='ocrx_word' id='word_1_372' title='bbox 1743 1466 1874 1517; x_wconf 90' lang='lat' dir='ltr'>dicit</span> <span class='ocrx_word' id='word_1_373' title='bbox 1939 1465 2427 1531; x_wconf 87' lang='lat' dir='ltr'>comparationem,</span> <span class='ocrx_word' id='word_1_374' title='bbox 2494 1481 2616 1516; x_wconf 85' lang='lat' dir='ltr'>non</span> 
     </span>
     <span class='ocr_line' id='line_1_68' title="bbox 1543 1538 2617 1598; baseline 0 -8"><span class='ocrx_word' id='word_1_375' title='bbox 1543 1539 1723 1590; x_wconf 90' lang='lat' dir='ltr'>solum</span> <span class='ocrx_word' id='word_1_376' title='bbox 1746 1539 1812 1589; x_wconf 92' lang='lat' dir='ltr'>ad</span> <span class='ocrx_word' id='word_1_377' title='bbox 1833 1538 2119 1598; x_wconf 90' lang='lat' dir='ltr'>dicentem,</span> <span class='ocrx_word' id='word_1_378' title='bbox 2154 1538 2245 1588; x_wconf 92' lang='lat' dir='ltr'>sed</span> <span class='ocrx_word' id='word_1_379' title='bbox 2270 1538 2432 1589; x_wconf 90' lang='lat' dir='ltr'>etiam</span> <span class='ocrx_word' id='word_1_380' title='bbox 2454 1540 2520 1589; x_wconf 87' lang='lat' dir='ltr'>ad</span> <span class='ocrx_word' id='word_1_381' title='bbox 2551 1539 2617 1590; x_wconf 90' lang='lat' dir='ltr'>id</span> 
     </span>
     <span class='ocr_line' id='line_1_69' title="bbox 1543 1611 2614 1680; baseline 0.001 -17"><span class='ocrx_word' id='word_1_382' title='bbox 1543 1613 1690 1680; x_wconf 87' lang='lat' dir='ltr'>quod</span> <span class='ocrx_word' id='word_1_383' title='bbox 1730 1627 1823 1678; x_wconf 89' lang='lat' dir='ltr'>per</span> <span class='ocrx_word' id='word_1_384' title='bbox 1865 1612 2090 1663; x_wconf 88' lang='lat' dir='ltr'>verbum</span> <span class='ocrx_word' id='word_1_385' title='bbox 2129 1611 2346 1671; x_wconf 81' lang='lat' dir='ltr'>dicitur,</span> <span class='ocrx_word' id='word_1_386' title='bbox 2371 1628 2470 1663; x_wconf 86' lang='lat' dir='ltr'>nec</span> <span class='ocrx_word' id='word_1_387' title='bbox 2493 1628 2614 1664; x_wconf 83' lang='lat' dir='ltr'>non</span> 
     </span>
     <span class='ocr_line' id='line_1_70' title="bbox 1540 1682 2616 1748; baseline 0 -14"><span class='ocrx_word' id='word_1_388' title='bbox 1540 1684 1607 1734; x_wconf 90' lang='lat' dir='ltr'>ad</span> <span class='ocrx_word' id='word_1_389' title='bbox 1635 1699 1821 1734; x_wconf 89' lang='lat' dir='ltr'>vocem</span> <span class='ocrx_word' id='word_1_390' title='bbox 1862 1698 2025 1748; x_wconf 90' lang='lat' dir='ltr'>quam</span> <span class='ocrx_word' id='word_1_391' title='bbox 2068 1682 2272 1742; x_wconf 86' lang='lat' dir='ltr'>induit,</span> <span class='ocrx_word' id='word_1_392' title='bbox 2310 1692 2364 1733; x_wconf 90' lang='lat' dir='ltr'>et</span> <span class='ocrx_word' id='word_1_393' title='bbox 2398 1683 2466 1733; x_wconf 80' lang='lat' dir='ltr'>ad</span> <span class='ocrx_word' id='word_1_394' title='bbox 2502 1683 2616 1734; x_wconf 83' lang='lat' dir='ltr'>do-</span> 
     </span>
     <span class='ocr_line' id='line_1_71' title="bbox 1542 1755 2616 1822; baseline 0 -15"><span class='ocrx_word' id='word_1_395' title='bbox 1542 1756 1768 1807; x_wconf 86' lang='lat' dir='ltr'>ctrinam</span> <span class='ocrx_word' id='word_1_396' title='bbox 1798 1771 1920 1822; x_wconf 86' lang='lat' dir='ltr'>quae</span> <span class='ocrx_word' id='word_1_397' title='bbox 1950 1756 2220 1807; x_wconf 83' lang='lat' dir='ltr'>mediante</span> <span class='ocrx_word' id='word_1_398' title='bbox 2243 1755 2406 1806; x_wconf 90' lang='lat' dir='ltr'>verbo</span> <span class='ocrx_word' id='word_1_399' title='bbox 2429 1755 2488 1805; x_wconf 90' lang='lat' dir='ltr'>in</span> <span class='ocrx_word' id='word_1_400' title='bbox 2523 1756 2616 1807; x_wconf 77' lang='lat' dir='ltr'>al-</span> 
     </span>
     <span class='ocr_line' id='line_1_72' title="bbox 1541 1827 2610 1894; baseline -0.003 -14"><span class='ocrx_word' id='word_1_401' title='bbox 1541 1840 1655 1880; x_wconf 90' lang='lat' dir='ltr'>tero</span> <span class='ocrx_word' id='word_1_402' title='bbox 1723 1827 1980 1879; x_wconf 87' lang='lat' dir='ltr'>efficitur.</span> <span class='ocrx_word' id='word_1_403' title='bbox 2056 1827 2195 1887; x_wconf 88' lang='lat' dir='ltr'>Quia</span> <span class='ocrx_word' id='word_1_404' title='bbox 2275 1827 2441 1894; x_wconf 87' lang='lat' dir='ltr'>igitur</span> <span class='ocrx_word' id='word_1_405' title='bbox 2505 1828 2610 1878; x_wconf 86' lang='lat' dir='ltr'>Dei</span> 
     </span>
     <span class='ocr_line' id='line_1_73' title="bbox 1541 1901 2611 1962; baseline -0.003 -9"><span class='ocrx_word' id='word_1_406' title='bbox 1541 1903 1714 1954; x_wconf 89' lang='lat' dir='ltr'>Filius</span> <span class='ocrx_word' id='word_1_407' title='bbox 1742 1902 1900 1952; x_wconf 90' lang='lat' dir='ltr'>debet</span> <span class='ocrx_word' id='word_1_408' title='bbox 1936 1902 2026 1952; x_wconf 90' lang='lat' dir='ltr'>hic</span> <span class='ocrx_word' id='word_1_409' title='bbox 2054 1901 2305 1962; x_wconf 90' lang='lat' dir='ltr'>describi,</span> <span class='ocrx_word' id='word_1_410' title='bbox 2339 1917 2449 1951; x_wconf 91' lang='lat' dir='ltr'>non</span> <span class='ocrx_word' id='word_1_411' title='bbox 2476 1911 2611 1951; x_wconf 91' lang='lat' dir='ltr'>tan-</span> 
     </span>
     <span class='ocr_line' id='line_1_74' title="bbox 1541 1975 2615 2040; baseline 0.001 -14"><span class='ocrx_word' id='word_1_412' title='bbox 1541 1986 1660 2026; x_wconf 89' lang='lat' dir='ltr'>tum</span> <span class='ocrx_word' id='word_1_413' title='bbox 1706 1976 1764 2026; x_wconf 88' lang='lat' dir='ltr'>in</span> <span class='ocrx_word' id='word_1_414' title='bbox 1804 1975 2200 2040; x_wconf 89' lang='lat' dir='ltr'>comparatione</span> <span class='ocrx_word' id='word_1_415' title='bbox 2229 1975 2295 2024; x_wconf 91' lang='lat' dir='ltr'>ad</span> <span class='ocrx_word' id='word_1_416' title='bbox 2329 1975 2537 2025; x_wconf 89' lang='lat' dir='ltr'>Patrem</span> <span class='ocrx_word' id='word_1_417' title='bbox 2575 1989 2615 2027; x_wconf 81' lang='lat' dir='ltr'>a</span> 
     </span>
     <span class='ocr_line' id='line_1_75' title="bbox 1541 2045 2606 2113; baseline -0.002 -16"><span class='ocrx_word' id='word_1_418' title='bbox 1541 2063 1652 2113; x_wconf 91' lang='lat' dir='ltr'>quo</span> <span class='ocrx_word' id='word_1_419' title='bbox 1676 2046 1934 2112; x_wconf 91' lang='lat' dir='ltr'>procedit,</span> <span class='ocrx_word' id='word_1_420' title='bbox 1962 2047 2054 2096; x_wconf 91' lang='lat' dir='ltr'>sed</span> <span class='ocrx_word' id='word_1_421' title='bbox 2096 2045 2257 2095; x_wconf 91' lang='lat' dir='ltr'>etiam</span> <span class='ocrx_word' id='word_1_422' title='bbox 2285 2045 2351 2094; x_wconf 91' lang='lat' dir='ltr'>ad</span> <span class='ocrx_word' id='word_1_423' title='bbox 2389 2054 2606 2095; x_wconf 90' lang='lat' dir='ltr'>creatu-</span> 
     </span>
     <span class='ocr_line' id='line_1_76' title="bbox 1541 2116 2615 2183; baseline -0.001 -15"><span class='ocrx_word' id='word_1_424' title='bbox 1541 2134 1630 2168; x_wconf 90' lang='lat' dir='ltr'>ras</span> <span class='ocrx_word' id='word_1_425' title='bbox 1663 2131 1797 2183; x_wconf 87' lang='lat' dir='ltr'>quas</span> <span class='ocrx_word' id='word_1_426' title='bbox 1835 2116 1976 2178; x_wconf 87' lang='lat' dir='ltr'>fecit,</span> <span class='ocrx_word' id='word_1_427' title='bbox 2004 2127 2057 2166; x_wconf 93' lang='lat' dir='ltr'>et</span> <span class='ocrx_word' id='word_1_428' title='bbox 2092 2117 2157 2166; x_wconf 92' lang='lat' dir='ltr'>ad</span> <span class='ocrx_word' id='word_1_429' title='bbox 2199 2131 2411 2165; x_wconf 90' lang='lat' dir='ltr'>carnem</span> <span class='ocrx_word' id='word_1_430' title='bbox 2441 2131 2615 2181; x_wconf 89' lang='lat' dir='ltr'>quam</span> 
     </span>
     <span class='ocr_line' id='line_1_77' title="bbox 1542 2188 2614 2255; baseline -0.001 -14"><span class='ocrx_word' id='word_1_431' title='bbox 1542 2189 1739 2250; x_wconf 90' lang='lat' dir='ltr'>induit,</span> <span class='ocrx_word' id='word_1_432' title='bbox 1780 2198 1832 2240; x_wconf 91' lang='lat' dir='ltr'>et</span> <span class='ocrx_word' id='word_1_433' title='bbox 1858 2189 2178 2240; x_wconf 89' lang='lat' dir='ltr'>documenta</span> <span class='ocrx_word' id='word_1_434' title='bbox 2210 2203 2332 2255; x_wconf 86' lang='lat' dir='ltr'>quae</span> <span class='ocrx_word' id='word_1_435' title='bbox 2360 2188 2614 2253; x_wconf 70' lang='lat' dir='ltr'>praebuit,</span> 
     </span>
     <span class='ocr_line' id='line_1_78' title="bbox 1541 2258 2615 2328; baseline -0.003 -16"><span class='ocrx_word' id='word_1_436' title='bbox 1541 2260 2029 2328; x_wconf 87' lang='lat' dir='ltr'>congruentissime</span> <span class='ocrx_word' id='word_1_437' title='bbox 2045 2270 2097 2310; x_wconf 90' lang='lat' dir='ltr'>et</span> <span class='ocrx_word' id='word_1_438' title='bbox 2117 2258 2490 2312; x_wconf 85' lang='lat' dir='ltr'>decentissime</span> <span class='ocrx_word' id='word_1_439' title='bbox 2504 2259 2615 2310; x_wconf 90' lang='lat' dir='ltr'>sub</span> 
     </span>
     <span class='ocr_line' id='line_1_79' title="bbox 1542 2332 2615 2399; baseline -0.002 -14"><span class='ocrx_word' id='word_1_440' title='bbox 1542 2335 1766 2385; x_wconf 90' lang='lat' dir='ltr'>nomine</span> <span class='ocrx_word' id='word_1_441' title='bbox 1788 2334 1951 2384; x_wconf 87' lang='lat' dir='ltr'>Verbi</span> <span class='ocrx_word' id='word_1_442' title='bbox 1973 2333 2309 2393; x_wconf 90' lang='lat' dir='ltr'>describitur,</span> <span class='ocrx_word' id='word_1_443' title='bbox 2345 2332 2472 2399; x_wconf 90' lang='lat' dir='ltr'>quia</span> <span class='ocrx_word' id='word_1_444' title='bbox 2501 2348 2615 2383; x_wconf 91' lang='lat' dir='ltr'>no-</span> 
     </span>
     <span class='ocr_line' id='line_1_80' title="bbox 1542 2402 2617 2468; baseline -0.003 -11"><span class='ocrx_word' id='word_1_445' title='bbox 1542 2423 1667 2457; x_wconf 91' lang='lat' dir='ltr'>men</span> <span class='ocrx_word' id='word_1_446' title='bbox 1731 2405 1865 2455; x_wconf 91' lang='lat' dir='ltr'>illud</span> <span class='ocrx_word' id='word_1_447' title='bbox 1932 2405 1998 2455; x_wconf 92' lang='lat' dir='ltr'>ad</span> <span class='ocrx_word' id='word_1_448' title='bbox 2056 2404 2240 2454; x_wconf 89' lang='lat' dir='ltr'>omnia</span> <span class='ocrx_word' id='word_1_449' title='bbox 2307 2402 2617 2468; x_wconf 89' lang='lat' dir='ltr'>supradicta</span> 
     </span>
     <span class='ocr_line' id='line_1_81' title="bbox 1542 2473 2618 2543; baseline -0.004 -16"><span class='ocrx_word' id='word_1_450' title='bbox 1542 2476 1775 2543; x_wconf 88' lang='lat' dir='ltr'>respicit,</span> <span class='ocrx_word' id='word_1_451' title='bbox 1818 2491 1913 2526; x_wconf 92' lang='lat' dir='ltr'>nec</span> <span class='ocrx_word' id='word_1_452' title='bbox 1976 2484 2155 2540; x_wconf 87' lang='lat' dir='ltr'>posset</span> <span class='ocrx_word' id='word_1_453' title='bbox 2202 2475 2304 2524; x_wconf 91' lang='lat' dir='ltr'>sub</span> <span class='ocrx_word' id='word_1_454' title='bbox 2351 2473 2484 2524; x_wconf 88' lang='lat' dir='ltr'>coelo</span> <span class='ocrx_word' id='word_1_455' title='bbox 2537 2473 2618 2524; x_wconf 89' lang='lat' dir='ltr'>ita</span> 
     </span>
     <span class='ocr_line' id='line_1_82' title="bbox 1544 2546 2392 2601; baseline -0.005 0"><span class='ocrx_word' id='word_1_456' title='bbox 1544 2566 1742 2601; x_wconf 91' lang='lat' dir='ltr'>nomen</span> <span class='ocrx_word' id='word_1_457' title='bbox 1787 2548 2112 2598; x_wconf 90' lang='lat' dir='ltr'>conveniens</span> <span class='ocrx_word' id='word_1_458' title='bbox 2141 2546 2392 2597; x_wconf 88' lang='lat' dir='ltr'>inveniri.</span> 
     </span>
    </p>

    <p class='ocr_par' dir='ltr' id='par_1_8' title="bbox 1541 2619 2624 3829">
     <span class='ocr_line' id='line_1_83' title="bbox 1608 2619 2613 2672; baseline -0.003 0"><span class='ocrx_word' id='word_1_459' title='bbox 1608 2622 1635 2672; x_wconf 89' lang='lat'>3</span> <span class='ocrx_word' id='word_1_460' title='bbox 1676 2623 2001 2671; x_wconf 72' lang='lat' dir='ltr'>PERsoNAms</span> <span class='ocrx_word' id='word_1_461' title='bbox 2025 2620 2220 2669; x_wconf 72' lang='lat' dir='ltr'>PArxus</span> <span class='ocrx_word' id='word_1_462' title='bbox 2244 2635 2310 2668; x_wconf 77' lang='lat' dir='ltr'>Er</span> <span class='ocrx_word' id='word_1_463' title='bbox 2333 2619 2475 2668; x_wconf 79' lang='lat' dir='ltr'>F1L11</span> <span class='ocrx_word' id='word_1_464' title='bbox 2500 2633 2613 2670; x_wconf 82' lang='lat' dir='ltr'>ms·</span> 
     </span>
     <span class='ocr_line' id='line_1_84' title="bbox 1541 2691 2616 2746; baseline -0.004 0"><span class='ocrx_word' id='word_1_465' title='bbox 1541 2710 1773 2746; x_wconf 73' lang='lat' dir='ltr'>rmcrro.</span> <span class='ocrx_word' id='word_1_466' title='bbox 1812 2721 1877 2731; x_wconf 96' lang='lat'><strong>—</strong></span> <span class='ocrx_word' id='word_1_467' title='bbox 1940 2692 2188 2743; x_wconf 89' lang='lat' dir='ltr'>Secundo</span> <span class='ocrx_word' id='word_1_468' title='bbox 2232 2691 2461 2742; x_wconf 84' lang='lat' dir='ltr'>declarat</span> <span class='ocrx_word' id='word_1_469' title='bbox 2521 2691 2616 2742; x_wconf 88' lang='lat' dir='ltr'>Pa·</span> 
     </span>
     <span class='ocr_line' id='line_1_85' title="bbox 1543 2760 2614 2828; baseline -0.006 -13"><span class='ocrx_word' id='word_1_470' title='bbox 1543 2765 1642 2816; x_wconf 89' lang='lat' dir='ltr'>tris</span> <span class='ocrx_word' id='word_1_471' title='bbox 1710 2773 1762 2814; x_wconf 92' lang='lat' dir='ltr'>et</span> <span class='ocrx_word' id='word_1_472' title='bbox 1811 2762 1935 2813; x_wconf 79' lang='lat' dir='ltr'>Filii</span> <span class='ocrx_word' id='word_1_473' title='bbox 1991 2763 2325 2828; x_wconf 89' lang='lat' dir='ltr'>personalem</span> <span class='ocrx_word' id='word_1_474' title='bbox 2405 2760 2614 2810; x_wconf 90' lang='lat' dir='ltr'>distin-</span> 
     </span>
     <span class='ocr_line' id='line_1_86' title="bbox 1544 2834 2618 2897; baseline -0.003 -10"><span class='ocrx_word' id='word_1_475' title='bbox 1544 2836 1798 2897; x_wconf 91' lang='lat' dir='ltr'>ctionem,</span> <span class='ocrx_word' id='word_1_476' title='bbox 1826 2835 2010 2886; x_wconf 91' lang='lat' dir='ltr'>dicens</span> <span class='ocrx_word' id='word_1_477' title='bbox 2051 2850 2063 2883; x_wconf 75' lang='grc' dir='ltr'><strong>ε</strong></span> <span class='ocrx_word' id='word_1_478' title='bbox 2095 2834 2174 2883; x_wconf 86' lang='lat' dir='ltr'>Et</span> <span class='ocrx_word' id='word_1_479' title='bbox 2234 2834 2456 2884; x_wconf 85' lang='lat' dir='ltr'>Verbum</span> <span class='ocrx_word' id='word_1_480' title='bbox 2490 2840 2618 2884; x_wconf 81' lang='lat' dir='ltr'>erat</span> 
     </span>
     <span class='ocr_line' id='line_1_87' title="bbox 1544 2902 2614 2974; baseline -0.004 -16"><span class='ocrx_word' id='word_1_481' title='bbox 1544 2907 1691 2974; x_wconf 77' lang='lat' dir='ltr'>apud</span> <span class='ocrx_word' id='word_1_482' title='bbox 1713 2908 1902 2957; x_wconf 84' lang='lat' dir='ltr'>Deum.</span> <span class='ocrx_word' id='word_1_483' title='bbox 1948 2906 2062 2955; x_wconf 91' lang='lat' dir='ltr'>Hoc</span> <span class='ocrx_word' id='word_1_484' title='bbox 2104 2919 2303 2954; x_wconf 90' lang='lat' dir='ltr'>nomen</span> <span class='ocrx_word' id='word_1_485' title='bbox 2339 2904 2501 2963; x_wconf 77' lang='lat' dir='ltr'>DeuS‚</span> <span class='ocrx_word' id='word_1_486' title='bbox 2549 2902 2614 2954; x_wconf 88' lang='lat' dir='ltr'>in</span> 
     </span>
     <span class='ocr_line' id='line_1_88' title="bbox 1546 2972 2617 3040; baseline -0.004 -13"><span class='ocrx_word' id='word_1_487' title='bbox 1546 2978 1644 3027; x_wconf 90' lang='lat' dir='ltr'>hac</span> <span class='ocrx_word' id='word_1_488' title='bbox 1671 2976 1906 3027; x_wconf 91' lang='lat' dir='ltr'>clausula</span> <span class='ocrx_word' id='word_1_489' title='bbox 1930 2986 2008 3026; x_wconf 92' lang='lat' dir='ltr'>est</span> <span class='ocrx_word' id='word_1_490' title='bbox 2036 2976 2314 3040; x_wconf 88' lang='lat' dir='ltr'>personale</span> <span class='ocrx_word' id='word_1_491' title='bbox 2328 2988 2344 3038; x_wconf 92' lang='lat'>;</span> <span class='ocrx_word' id='word_1_492' title='bbox 2378 2983 2439 3024; x_wconf 91' lang='lat' dir='ltr'>ut</span> <span class='ocrx_word' id='word_1_493' title='bbox 2467 2972 2617 3023; x_wconf 92' lang='lat' dir='ltr'>Ver-</span> 
     </span>
     <span class='ocr_line' id='line_1_89' title="bbox 1546 3044 2618 3112; baseline -0.005 -14"><span class='ocrx_word' id='word_1_494' title='bbox 1546 3048 1677 3098; x_wconf 90' lang='lat' dir='ltr'>bum</span> <span class='ocrx_word' id='word_1_495' title='bbox 1723 3057 1834 3098; x_wconf 90' lang='lat' dir='ltr'>erat</span> <span class='ocrx_word' id='word_1_496' title='bbox 1869 3046 2010 3112; x_wconf 92' lang='lat' dir='ltr'>apud</span> <span class='ocrx_word' id='word_1_497' title='bbox 2040 3045 2232 3104; x_wconf 90' lang='lat' dir='ltr'>Deum,</span> <span class='ocrx_word' id='word_1_498' title='bbox 2259 3044 2313 3093; x_wconf 91' lang='lat' dir='ltr'>id</span> <span class='ocrx_word' id='word_1_499' title='bbox 2342 3052 2439 3103; x_wconf 90' lang='lat' dir='ltr'>est,</span> <span class='ocrx_word' id='word_1_500' title='bbox 2465 3044 2618 3108; x_wconf 91' lang='lat' dir='ltr'>apud</span> 
     </span>
     <span class='ocr_line' id='line_1_90' title="bbox 1544 3116 2613 3183; baseline -0.005 -12"><span class='ocrx_word' id='word_1_501' title='bbox 1544 3121 1719 3171; x_wconf 85' lang='lat' dir='ltr'>Deum</span> <span class='ocrx_word' id='word_1_502' title='bbox 1746 3122 1986 3181; x_wconf 81' lang='lat' dir='ltr'>Patrem3</span> <span class='ocrx_word' id='word_1_503' title='bbox 2011 3132 2223 3183; x_wconf 91' lang='lat' dir='ltr'>semper</span> <span class='ocrx_word' id='word_1_504' title='bbox 2247 3116 2398 3167; x_wconf 88' lang='lat' dir='ltr'>enim</span> <span class='ocrx_word' id='word_1_505' title='bbox 2413 3116 2474 3167; x_wconf 91' lang='lat' dir='ltr'>in</span> <span class='ocrx_word' id='word_1_506' title='bbox 2499 3116 2613 3167; x_wconf 78' lang='lat' dir='ltr'>Pa-</span> 
     </span>
     <span class='ocr_line' id='line_1_91' title="bbox 1544 3189 2615 3257; baseline -0.003 -13"><span class='ocrx_word' id='word_1_507' title='bbox 1544 3204 1625 3245; x_wconf 90' lang='lat' dir='ltr'>tre</span> <span class='ocrx_word' id='word_1_508' title='bbox 1664 3193 1857 3253; x_wconf 79' lang='lat' dir='ltr'>Filius,</span> <span class='ocrx_word' id='word_1_509' title='bbox 1900 3206 2112 3257; x_wconf 80' lang='lat' dir='ltr'>semper</span> <span class='ocrx_word' id='word_1_510' title='bbox 2150 3189 2207 3241; x_wconf 92' lang='lat' dir='ltr'>in</span> <span class='ocrx_word' id='word_1_511' title='bbox 2254 3189 2395 3239; x_wconf 86' lang='lat' dir='ltr'>Filio</span> <span class='ocrx_word' id='word_1_512' title='bbox 2435 3191 2615 3241; x_wconf 85' lang='lat' dir='ltr'>Pater.</span> 
     </span>
     <span class='ocr_line' id='line_1_92' title="bbox 1546 3260 2624 3328; baseline -0.003 -13"><span class='ocrx_word' id='word_1_513' title='bbox 1546 3263 1708 3315; x_wconf 88' lang='lat' dir='ltr'>Unde</span> <span class='ocrx_word' id='word_1_514' title='bbox 1759 3263 1873 3313; x_wconf 81' lang='lat' dir='ltr'>haec</span> <span class='ocrx_word' id='word_1_515' title='bbox 1915 3260 2226 3328; x_wconf 80' lang='lat' dir='ltr'>praepositio</span> <span class='ocrx_word' id='word_1_516' title='bbox 2268 3260 2433 3326; x_wconf 72' lang='lat' dir='ltr'>apud,</span> <span class='ocrx_word' id='word_1_517' title='bbox 2486 3274 2624 3325; x_wconf 72' lang='lat' dir='ltr'>quae</span> 
     </span>
     <span class='ocr_line' id='line_1_93' title="bbox 1544 3330 2618 3398; baseline -0.004 -13"><span class='ocrx_word' id='word_1_518' title='bbox 1544 3345 1626 3386; x_wconf 82' lang='lat' dir='ltr'>est</span> <span class='ocrx_word' id='word_1_519' title='bbox 1671 3332 1952 3384; x_wconf 79' lang='lat' dir='ltr'>transitiva</span> <span class='ocrx_word' id='word_1_520' title='bbox 1990 3347 2340 3398; x_wconf 82' lang='lat' dir='ltr'>personarum</span> <span class='ocrx_word' id='word_1_521' title='bbox 2390 3339 2444 3381; x_wconf 87' lang='lat' dir='ltr'>et</span> <span class='ocrx_word' id='word_1_522' title='bbox 2487 3330 2618 3382; x_wconf 75' lang='lat' dir='ltr'>dis-</span> 
     </span>
     <span class='ocr_line' id='line_1_94' title="bbox 1544 3401 2622 3467; baseline -0.001 -11"><span class='ocrx_word' id='word_1_523' title='bbox 1544 3405 1783 3467; x_wconf 71' lang='lat' dir='ltr'>tinctiva,</span> <span class='ocrx_word' id='word_1_524' title='bbox 1854 3404 2169 3455; x_wconf 87' lang='lat' dir='ltr'>distantiam</span> <span class='ocrx_word' id='word_1_525' title='bbox 2236 3401 2622 3455; x_wconf 74' lang='lat' dir='ltr'>distinctionis</span> 
     </span>
     <span class='ocr_line' id='line_1_95' title="bbox 1544 3474 2618 3544; baseline -0.001 -16"><span class='ocrx_word' id='word_1_526' title='bbox 1544 3476 1844 3544; x_wconf 87' lang='lat' dir='ltr'>personalis</span> <span class='ocrx_word' id='word_1_527' title='bbox 1881 3476 2144 3543; x_wconf 84' lang='lat' dir='ltr'>designat,</span> <span class='ocrx_word' id='word_1_528' title='bbox 2190 3490 2300 3526; x_wconf 89' lang='lat' dir='ltr'>non</span> <span class='ocrx_word' id='word_1_529' title='bbox 2342 3474 2618 3527; x_wconf 80' lang='lat' dir='ltr'>essentiae.</span> 
     </span>
     <span class='ocr_line' id='line_1_96' title="bbox 1546 3545 2624 3612; baseline -0.001 -14"><span class='ocrx_word' id='word_1_530' title='bbox 1546 3548 1707 3600; x_wconf 88' lang='lat' dir='ltr'>Nulla</span> <span class='ocrx_word' id='word_1_531' title='bbox 1735 3547 1883 3599; x_wconf 79' lang='lat' dir='ltr'>enim</span> <span class='ocrx_word' id='word_1_532' title='bbox 1916 3562 2001 3597; x_wconf 89' lang='lat' dir='ltr'>res</span> <span class='ocrx_word' id='word_1_533' title='bbox 2024 3546 2226 3597; x_wconf 86' lang='lat' dir='ltr'>dicitur</span> <span class='ocrx_word' id='word_1_534' title='bbox 2251 3545 2468 3612; x_wconf 86' lang='lat' dir='ltr'>proprie</span> <span class='ocrx_word' id='word_1_535' title='bbox 2492 3560 2624 3598; x_wconf 76' lang='lat' dir='ltr'>esse</span> 
     </span>
     <span class='ocr_line' id='line_1_97' title="bbox 1542 3615 2622 3685; baseline -0.003 -15"><span class='ocrx_word' id='word_1_536' title='bbox 1542 3620 1686 3685; x_wconf 86' lang='lat' dir='ltr'>apud</span> <span class='ocrx_word' id='word_1_537' title='bbox 1715 3618 2079 3684; x_wconf 78' lang='lat' dir='ltr'>semetipsam,</span> <span class='ocrx_word' id='word_1_538' title='bbox 2110 3617 2249 3666; x_wconf 89' lang='lat' dir='ltr'>sicut</span> <span class='ocrx_word' id='word_1_539' title='bbox 2289 3631 2387 3666; x_wconf 83' lang='lat' dir='ltr'>nec</span> <span class='ocrx_word' id='word_1_540' title='bbox 2408 3615 2622 3682; x_wconf 74' lang='lat' dir='ltr'>aliquis</span> 
     </span>
     <span class='ocr_line' id='line_1_98' title="bbox 1543 3689 2619 3758; baseline -0.003 -14"><span class='ocrx_word' id='word_1_541' title='bbox 1543 3702 1624 3743; x_wconf 87' lang='lat' dir='ltr'>est</span> <span class='ocrx_word' id='word_1_542' title='bbox 1652 3692 1712 3743; x_wconf 88' lang='lat' dir='ltr'>in</span> <span class='ocrx_word' id='word_1_543' title='bbox 1739 3692 1951 3758; x_wconf 80' lang='lat' dir='ltr'>seipso;</span> <span class='ocrx_word' id='word_1_544' title='bbox 1983 3700 2035 3741; x_wconf 92' lang='lat' dir='ltr'>et</span> <span class='ocrx_word' id='word_1_545' title='bbox 2062 3690 2338 3740; x_wconf 78' lang='lat' dir='ltr'>ideointer</span> <span class='ocrx_word' id='word_1_546' title='bbox 2367 3689 2619 3741; x_wconf 82' lang='lat' dir='ltr'>Verbum</span> 
     </span>
     <span class='ocr_line' id='line_1_99' title="bbox 1543 3759 2622 3829; baseline -0.005 -15"><span class='ocrx_word' id='word_1_547' title='bbox 1543 3773 1600 3814; x_wconf 88' lang='lat' dir='ltr'>et</span> <span class='ocrx_word' id='word_1_548' title='bbox 1638 3763 1990 3829; x_wconf 82' lang='lat' dir='ltr'>Principium,</span> <span class='ocrx_word' id='word_1_549' title='bbox 2019 3760 2159 3826; x_wconf 83' lang='lat' dir='ltr'>apud</span> <span class='ocrx_word' id='word_1_550' title='bbox 2198 3761 2343 3825; x_wconf 86' lang='lat' dir='ltr'>quod</span> <span class='ocrx_word' id='word_1_551' title='bbox 2371 3768 2458 3811; x_wconf 83' lang='lat' dir='ltr'>est</span> <span class='ocrx_word' id='word_1_552' title='bbox 2482 3759 2622 3810; x_wconf 78' lang='lat' dir='ltr'>Vet-</span> 
     </span>
    </p>
   </div>
   <div class='ocr_carea' id='block_1_8' title="bbox 1515 3832 2624 3903">
    <p class='ocr_par' dir='ltr' id='par_1_9' title="bbox 1515 3832 2624 3903">
     <span class='ocr_line' id='line_1_100' title="bbox 1515 3832 2624 3903; baseline -0.003 -17"><span class='ocrx_word' id='word_1_553' title='bbox 1515 3889 1518 3898; x_wconf 46' lang='lat'><em>„</em></span> <span class='ocrx_word' id='word_1_554' title='bbox 1544 3837 1694 3898; x_wconf 82' lang='lat' dir='ltr'>bum,</span> <span class='ocrx_word' id='word_1_555' title='bbox 1724 3846 1807 3887; x_wconf 79' lang='lat' dir='ltr'>est</span> <span class='ocrx_word' id='word_1_556' title='bbox 1833 3834 2132 3903; x_wconf 71' lang='lat' dir='ltr'>personalis</span> <span class='ocrx_word' id='word_1_557' title='bbox 2152 3832 2445 3885; x_wconf 64' lang='lat' dir='ltr'>distinctim</span> <span class='ocrx_word' id='word_1_558' title='bbox 2486 3832 2624 3884; x_wconf 82' lang='lat' dir='ltr'>Nou.</span> 
     </span>
    </p>
   </div>
   <div class='ocr_carea' id='block_1_9' title="bbox 1542 3904 2622 3972">
    <p class='ocr_par' dir='ltr' id='par_1_10' title="bbox 1542 3904 2622 3972">
     <span class='ocr_line' id='line_1_101' title="bbox 1542 3904 2622 3972; baseline -0.003 -13"><span class='ocrx_word' id='word_1_559' title='bbox 1542 3907 1690 3960; x_wconf 86' lang='lat' dir='ltr'>enim</span> <span class='ocrx_word' id='word_1_560' title='bbox 1716 3907 1958 3959; x_wconf 81' lang='lat' dir='ltr'>Verbum</span> <span class='ocrx_word' id='word_1_561' title='bbox 1986 3904 2230 3972; x_wconf 79' lang='lat' dir='ltr'>procedit</span> <span class='ocrx_word' id='word_1_562' title='bbox 2253 3920 2285 3956; x_wconf 91' lang='lat' dir='ltr'>a</span> <span class='ocrx_word' id='word_1_563' title='bbox 2333 3905 2490 3956; x_wconf 79' lang='lat' dir='ltr'>Patre</span> <span class='ocrx_word' id='word_1_564' title='bbox 2512 3918 2622 3970; x_wconf 83' lang='lat' dir='ltr'>per</span> 
     </span>
    </p>
   </div>
  </div>
 </body>
</html>
