2784 4452
381 330 737 380 SERMONIS
769 329 838 379 IN
870 328 1126 380 MONTE
1155 327 1650 379 CONTINUATIO
1686 344 1702 377 ι
1733 327 1829 377 DE
1863 326 2074 379 ORAT.
2107 328 2281 379 DOM.

243 448 519 503 annuum,
534 444 618 493 vel
642 444 708 493 ad
733 444 914 509 plures
940 459 1112 493 annos
1131 442 1315 509 provi-

249 530 394 576 sum,
412 524 465 564 et
483 514 541 563 in
564 514 771 564 horreis
787 523 1128 574 reservatum,
1151 529 1315 579 quem

247 585 537 636 Matthaeus
567 585 698 635 dicit
727 585 1312 651 supersubstantialem,

247 656 306 706 id
343 667 423 707 est
469 657 872 721 superadditum
904 656 1214 706 substantia:
1266 666 1318 706 et

246 726 749 777 substentationem.
777 728 859 787 Et,
887 723 1183 777 secundum
1208 726 1318 794 Cy·-

244 798 454 859 rt‘llum,
489 813 554 847 ex
582 813 645 847 eo
674 797 835 847 etiam
865 798 1010 880 quod
1040 798 1314 863 quotidia-

244 885 369 920 num
412 870 733 920 alimentum
761 870 920 934 jussit
948 886 1201 936 quaerere,
1226 870 1314 920 vi-

227 942 401 992 ›detur
413 944 560 1007 quod
578 941 719 991 nihil
731 943 983 992 concedat
991 958 1083 993 eos
1096 943 1311 1004 habere,

230 1012 334 1062 *sed
361 1012 535 1078 magis
575 1013 857 1062 honestam
882 1014 1056 1063 colere
1080 1028 1312 1078 pauper-

250 1092 437 1133 tatem.
455 1084 574 1132 Non
600 1098 748 1133 emm
778 1093 859 1133 est
887 1083 1204 1134 habentium
1228 1100 1315 1149 pa-

242 1170 368 1204 nem
399 1165 575 1220 petere
591 1194 606 1215 ‚
666 1156 757 1205 sed
795 1171 1175 1221 oppressorum
1212 1172 1311 1221 pe-

245 1225 422 1276 nuria„
440 1227 506 1276 Et
520 1226 800 1292 subjungit
817 1243 834 1276 ι
848 1228 944 1277 Da
965 1226 1117 1278 nobi-s
1134 1228 1306 1290 hodie,

233 1296 373 1362 quia
402 1313 501 1347 nec
554 1298 848 1348 minimum
887 1298 1082 1348 habere
1110 1315 1310 1364 possu-

241 1383 385 1428 mne,
403 1368 509 1418 nisi
534 1369 628 1418 det
644 1368 737 1419 ille
751 1369 950 1433 quidat
970 1383 1146 1419 escam
1165 1372 1308 1421 omni

230 1440 409 1490 carni.
497 1440 651 1490 Unde
716 1440 883 1489 homo
938 1440 1161 1491 devotus
1211 1442 1304 1491 tali

237 1521 420 1561 mente
446 1514 603 1563 debet
655 1527 869 1563 sumere
914 1512 1115 1576 cibum,
1149 1529 1212 1563 ac
1256 1514 1303 1564 si
1361 1535 1362 1564 i

226 1581 344 1631 *sibi
376 1582 443 1632 de
463 1598 628 1632 manu
656 1582 873 1632 Domini
903 1584 1304 1647 praesentialiter

234 1653 592 1705 ministretur.
632 1655 700 1705 Et
736 1654 883 1704 addit
912 1654 1088 1717 hodie,
1130 1655 1184 1705 id
1220 1666 1303 1707 est

233 1725 296 1776 in
327 1728 576 1792 praeserrti
597 1744 613 1777 ε
641 1729 724 1778 vel
753 1728 926 1791 hodie,
952 1727 1006 1777 id
1032 1739 1112 1780 est
1142 1730 1300 1781 illum

232 1797 329 1862 qui
361 1798 521 1848 nobis
546 1799 712 1849 hodie
738 1800 1114 1850 tantummodo
1141 1802 1304 1852 mffi-

229 1869 322 1929 cit‚
357 1880 420 1921 ut
447 1872 514 1921 de
548 1871 781 1922 crastino
814 1887 924 1921 non
979 1872 1298 1938 cogitemus,

233 1943 362 2009 quia
385 1945 658 1995 nescimus
684 1944 730 1995 si
760 1945 820 1995 in
849 1945 1145 1996 crastinum
1165 1963 1298 2012 pro-

228 2013 525 2064 veniamus.
548 2014 596 2065 Ο
626 2015 886 2081 sapientia
917 2031 1039 2066 vera
1066 2026 1119 2067 et
1152 2018 1297 2068 divi-

231 2084 668 2150 na‘providentia,
690 2102 814 2152 quae
829 2087 1014 2138 docuit
1039 2096 1092 2137 et
1104 2103 1298 2152 panem

227 2156 413 2205 solum
448 2166 642 2221 petere,
672 2167 730 2207 et
771 2158 938 2209 hodie
979 2158 1294 2208 nominare!

231 2225 348 2276 Hoc
373 2226 522 2277 enim
540 2228 685 2278 dicto
709 2238 764 2278 et
793 2229 1017 2280 aviditas
1040 2240 1094 2280 et
1118 2231 1296 2280 avari—

229 2296 308 2347 tia
332 2297 564 2359 tol-litor,
588 2308 641 2349 et
669 2299 926 2350 humanae
962 2300 1085 2350 vitae
1116 2300 1294 2350 incer-—

229 2376 348 2416 tum
414 2367 738 2421 insinuatur.
798 2371 895 2421 Vel
935 2386 1132 2437 panem
1193 2388 1295 2424 no-

227 2442 401 2487 strum
424 2438 790 2502 quotidianum
832 2441 904 2489 da
940 2441 1093 2492 nobis
1111 2441 1299 2508 hodie

223 2505 284 2555 id
338 2517 422 2557 est
477 2522 669 2573 panem
724 2509 1092 2574 spiritualem,
1143 2513 1298 2563 scili-

229 2585 314 2626 eet
359 2588 624 2643 praecepta
666 2579 890 2639 divina,
928 2597 1049 2646 quae
1106 2584 1298 2648 quoti-

218 2647 318 2697 die
376 2659 588 2715 oportet
641 2651 885 2701 meditari
949 2663 1002 2703 et
1064 2654 1293 2719 operari.

226 2717 366 2768 Nam
415 2720 484 2770 de
551 2720 685 2785 ipsis
754 2721 1020 2775 Dominus
1101 2725 1234 2777 dicit
1276 2742 1293 2776 ι

221 2787 541 2854 operamini
593 2791 766 2842 cibum
830 2793 921 2858 qui
973 2810 1077 2846 non
1125 2799 1294 2863 penit.

220 2861 585 2923 quotidianus
673 2865 870 2915 dicitur
936 2867 1037 2917 iste
1095 2870 1256 2933 penis
1275 2909 1296 2936 ,

219 2933 470 2997 quandiu.
492 2935 649 2986 durat
683 2936 795 2986 haec
827 2936 940 2987 vita
964 2941 1297 3004 temporalis.

220 3002 440 3053 Dictum
487 3015 566 3056 est
596 3016 796 3067 autem,
824 3007 901 3057 da
925 3009 1076 3058 nobis
1116 3010 1294 3074 hodie,

220 3074 372 3138 quod
416 3074 737 3156 intelligitur
776 3092 873 3142 pro
910 3086 1025 3127 toto
1052 3088 1296 3145 tempore

221 3142 392 3209 hujus
411 3146 533 3198 vitae
557 3147 842 3211 humanae;
867 3149 926 3199 in
944 3148 1124 3200 fumra
1140 3152 1294 3203 enim

217 3213 304 3263 eis
329 3215 423 3279 qui
452 3216 544 3267 hic
586 3229 901 3270 meruerunt
939 3236 1051 3270 non
1090 3220 1294 3274 aufere-

216 3293 328 3346 tur,
369 3287 499 3353 quia
535 3289 664 3339 cibo
701 3291 970 3356 spirituali
1020 3291 1085 3343 in
1129 3303 1292 3345 aeter-

220 3371 355 3405 num
402 3360 804 3412 saturabuntur.
852 3364 955 3413 Vel
966 3372 1163 3429 panem
1187 3381 1294 3418 no-

211 3433 300 3477 str
306 3443 394 3478 um
412 3431 778 3494 quotidianum
806 3433 888 3484 da
921 3435 1074 3486 nobis
1111 3436 1283 3500 hodie,

216 3495 274 3546 id
301 3508 388 3549 est
408 3515 603 3566 panem
643 3505 1079 3555 sacramentalem
1121 3516 1176 3557 et
1200 3508 1290 3558 vi-

215 3585 347 3621 vum
384 3588 482 3638 qm
509 3574 576 3625 de
605 3576 737 3626 coelo
759 3577 1051 3640 descend—it,
1083 3580 1182 3646 qui
1208 3590 1292 3631 est

211 3647 785 3711 supersubstantialis,
859 3651 915 3702 id
981 3663 1062 3705 est
1127 3671 1289 3721 super

215 3729 410 3765 omnes
475 3719 809 3771 substantias
864 3733 917 3773 et
982 3725 1287 3776 universam

210 3796 439 3853 superat
464 3800 777 3853 creaturam,
808 3793 910 3859 qui
934 3796 1088 3860 panio
1109 3807 1291 3848 noster

216 3866 307 3907 est
361 3873 423 3908 m
466 3860 616 3910 altari
671 3871 723 3912 et
776 3865 1022 3946 quotidie
1071 3867 1290 3918 offertur

214 3940 324 3991 pro
355 3929 538 3983 sainte
565 3929 836 3997 fideli-um,
855 3935 956 4002 qui
972 3937 1142 3990 reficit
1164 3938 1296 3992 ani-

2384 326 2485 378 355

1422 458 1571 493 mam
1627 453 1870 494 naturam
1913 444 2150 509 corporis
2211 443 2489 494 transcen-—

1421 515 1661 575 dentem,
1689 531 1799 582 quo
1840 516 2083 582 quotidie
2117 516 2183 565 ad
2225 515 2489 566 roboran-

1422 586 1556 635 dum
1585 601 1685 636 nos
1732 586 2055 652 indigemus,
2086 586 2214 652 quia
2248 586 2491 652 quotidie

1421 657 1675 716 labimur,
1727 666 1779 707 et
1813 658 1881 707 ad
1931 659 2142 723 lapsum
2199 657 2352 723 proni
2395 669 2492 707 su-

1424 743 1565 779 mus,
1615 727 1723 788 Qui
1777 728 1938 778 etiam
1973 738 2191 779 vocatur
2232 729 2494 794 quotidia-

1422 813 1538 862 nuS,
1569 800 1698 865 quia
1724 799 1965 866 quotidie
1992 799 2172 865 ipsum
2218 798 2492 851 sumimus

1422 884 1514 935 per
1542 870 1821 920 ministros
1846 870 2108 931 Ecclesiae,
2144 870 2238 936 qui
2269 870 2373 920 hoc
2398 886 2490 921 sa·—

1418 951 1754 991 cramentum
1817 941 2124 1008 percipiunt
2184 957 2280 1007 pro
2340 957 2401 992 se
2439 951 2494 992 et

1419 1029 1515 1078 pro
1541 1023 1657 1065 tota·
1689 1016 2090 1067 communitate.
2135 1017 2292 1067 Unde
2317 1016 2492 1081 Chry-

1418 1091 1684 1136 sostomus
1711 1104 1731 1136 :
1762 1104 1790 1133 «
1817 1088 1938 1136 Non
1974 1087 2246 1138 immerito
2278 1103 2492 1153 semper

1417 1170 1567 1206 orare
1594 1157 1852 1207 debemus
1881 1167 1942 1207 ut
1979 1158 2126 1208 hunc
2152 1174 2341 1224 panem
2380 1174 2490 1209 coe-

1415 1226 1606 1277 lestem
1638 1228 1881 1293 quotidie
1898 1243 2202 1278 mereamur
2232 1228 2488 1293 accipere,

1419 1315 1487 1349 ne
1533 1299 1718 1367 aliqtm
1769 1300 2154 1350 interveniente
2201 1310 2429 1365 peccato,
2458 1315 2490 1350 a

1417 1386 1642 1436 corpor-e
1709 1370 1930 1421 Domini
1988 1372 2316 1437 separemur.
2342 1390 2370 1418 ι)
2399 1372 2492 1421 Po·

1419 1451 1524 1492 test
1576 1442 1738 1492 etiam
1801 1442 1979 1492 adhuc
2022 1443 2089 1493 de
2144 1442 2249 1493 alio
2290 1441 2488 1508 triplici

1415 1528 1554 1578 pane
1591 1514 1806 1579 exponi,
1850 1513 2051 1564 scilicet
2088 1512 2366 1563 doctrinali
2392 1528 2489 1563 seu

1407 1584 1786 1651 intelligentiae,
1817 1585 2042 1636 luctuali
2058 1601 2153 1635 seu
2187 1601 2241 1633 m
2257 1584 2487 1649 oestitiae,

1405 1664 1458 1705 et
1480 1656 1683 1705 coelesti
1718 1672 1813 1707 seu
1843 1656 2043 1723 gloriae.
2073 1657 2153 1706 De
2187 1656 2365 1721 primo
2389 1655 2486 1705 di·-

1404 1725 1589 1776 citur:
1626 1727 1843 1777 Εἰὺαωιῑτ
1881 1727 2032 1777 illum
2067 1742 2212 1793 pane
2262 1727 2390 1777 vitoe
2433 1732 2488 1777 et

1404 1799 1735 1862 intellectus-,-
1790 1801 1856 1850 de
1912 1802 2148 1850 secundo
2200 1816 2215 1850 z
2267 1800 2487 1851 Cibabis

1403 1886 1503 1922 nos
1545 1887 1690 1938 pane
1732 1873 2136 1939 lacrymarum3
2179 1874 2246 1923 de
2289 1873 2447 1923 tertio
2467 1887 2484 1921 t

1403 1944 1607 1994 Beatus
1625 1945 1719 2009 qui
1746 1945 2092 1994 manducabit
2105 1958 2299 2008 panem
2330 1945 2384 1994 in
2404 1956 2487 1993 re-

1399 2030 1511 2080 gno
1535 2016 1660 2067 Dei.
1689 2016 1756 2065 Et
1803 2016 1936 2066 bene
1981 2016 2075 2065 illa
2120 2016 2271 2065 beata
2296 2014 2484 2066 fruitio

1398 2085 1603 2135 dicitur
1621 2086 1795 2150 panis„
1822 2085 1957 2151 quia
1988 2086 2128 2135 sicut
2166 2086 2326 2150 panis
2354 2101 2482 2136 cor-

1399 2156 1598 2220 poralis
1629 2156 1784 2206 satiat
1813 2156 2113 2221 appetitum
2142 2155 2370 2216 edentis,
2401 2156 2480 2206 sic

1399 2225 1585 2277 fruitio
1618 2226 1710 2278 illa
1753 2228 1907 2278 satiat
1963 2228 2294 2278 desiderium
2352 2243 2478 2278 con-

1400 2301 1726 2366 templantiS,
1775 2302 2072 2352 secundum
2108 2302 2242 2351 illud
2294 2317 2315 2350 z·
2363 2302 2480 2352 Sa-
2516 2351 2533 2365 ,

1375 2374 1579 2424 ,τίαᾶον
1613 2387 1735 2424 cum
1768 2375 2088 2441 apparuerit
2121 2374 2311 2441 gloria
2363 2381 2476 2426 tua·

1463 2444 1501 2494 8
1533 2436 1751 2503 Qum-m
1800 2462 2031 2496 Ριιτιτιο.
2081 2473 2141 2483 -
2191 2446 2317 2495 Post
2375 2446 2481 2497 hoc

1401 2515 1651 2580 sequitur
1675 2516 1865 2582 petitio
1897 2517 2137 2582 quinta:
2166 2517 2244 2566 Et
2274 2517 2479 2567 dimitte

1401 2588 1556 2637 nobis
1583 2588 1763 2639 debita
1787 2595 1992 2651 nostra,
2048 2589 2103 2639 id
2150 2598 2233 2639 est
2269 2598 2480 2654 peccata

1401 2674 1525 2725 quae,
1575 2675 1677 2710 nos
1732 2660 2002 2711 debitores
2057 2677 2228 2726 poenae
2282 2661 2482 2712 consti-

1402 2739 1562 2780 tuunt
1585 2740 1640 2780 et
1670 2730 1872 2796 qmbus
1909 2731 2216 2797 obligamur
2254 2732 2320 2781 ad
2359 2748 2479 2798 poe-

1401 2818 1554 2863 nam,
1604 2812 1703 2854 aut
1736 2803 2165 2868 satisfactoriam‚
2214 2815 2305 2855 aut
2345 2821 2481 2870 pur-

1401 2873 1661 2952 gatoriam
1682 2913 1701 2935 ,
1763 2885 1855 2924 aut
1916 2885 2194 2925 aeternam.
2249 2876 2476 2936 Debita,

1401 2943 1644 3010 inquam,
1671 2954 1727 2994 et
1747 2955 1954 3026 Reccata
1989 2961 2330 3012 qusaecunque
2356 2961 2479 2996 con-

1397 3025 1478 3065 tra
1508 3026 1559 3066 te
1583 3015 1981 3076 commisimus,
2012 3017 2099 3066 vel
2133 3027 2317 3067 contra
2346 3033 2476 3082 pro·—

1397 3087 1607 3152 ximos‚
1682 3087 1767 3138 vel
1834 3098 2017 3138 con-tra
2081 3090 2473 3154 nosmetipsos3

1397 3157 1529 3208 item
1552 3167 1739 3208 contra
1774 3168 1828 3209 te
1866 3159 2094 3220 Patrem,
2126 3171 2177 3210 et
2217 3169 2400 3209 contra
2420 3169 2476 3211 te

1395 3230 1629 3291 Filium,
1658 3231 1745 3282 vel
1801 3241 1986 3283 contra
2029 3233 2291 3299 Spiritum
2328 3233 2475 3282 San-

1394 3312 1576 3366 ctum;
1606 3303 1738 3354 item
1766 3305 1942 3365 corde,
1969 3305 2053 3356 vel
2083 3320 2188 3365 ore,
2230 3305 2314 3354 vel
2352 3320 2473 3371 ope·

1392 3389 1455 3424 re
1476 3374 1791 3426 commissa.
1817 3376 1923 3427 Ubi
1961 3376 2275 3440 cyprianus
2300 3394 2318 3426 .·
2350 3393 2378 3423 α
2403 3376 2473 3428 Et

1394 3462 1467 3496 ne
1493 3447 1620 3513 quis
1643 3447 1749 3498 sibi
1783 3448 1940 3514 quasi
1970 3448 2223 3498 innocens
2249 3449 2467 3513 placeat,

1391 3527 1446 3568 et
1466 3533 1527 3568 se
1545 3520 1850 3570 extollendo
1874 3520 1997 3584 plus
2024 3528 2222 3584 pereat,
2255 3519 2473 3570 instrui·

1391 3597 1482 3638 tm·
1531 3603 1593 3639 se
1634 3604 1851 3655 peecare
1891 3588 2151 3654 quotidie,
2196 3589 2327 3638 dum
2371 3605 2475 3655 pro

1395 3659 1627 3724 peccatis
1678 3659 1922 3726 quotidie
1987 3659 2202 3725 jubetur
2266 3675 2416 3710 orare
2448 3677 2471 3712 :¹

1394 3729 1551 3779 Sicut
1580 3736 1643 3780 et
1661 3744 1757 3780 πω·
1788 3729 2104 3779 dimittimus
2141 3730 2471 3782 debitoribus

1395 3801 1621 3852 nasute-⁷
1657 3819 1684 3847 n
1730 3801 1866 3850 Ecce
1909 3801 2090 3866 regula
2146 3800 2304 3850 nobis
2335 3815 2470 3866 pro-

1397 3871 1588 3936 posita,
1621 3871 1775 3938 quod
1815 3870 1865 3920 si
1896 3872 2149 3922 volumus
2187 3870 2347 3921 nobis
2375 3871 2469 3921 di·-

1401 3941 1553 3996 mitti
1592 3951 1871 4009 peceatmu
1902 3952 2167 4009 nostrum,
2205 3943 2467 3995 debemus
2551 3949 2557 3953 '
