2784 4452
371 293 457 345 DE
486 290 580 341 EO
614 285 812 347 QUOD
842 276 1113 334 JOSEPH·
1136 268 1408 327 VOLUIT
1443 257 1840 319 DIMITTERE
1872 248 2172 306 MARIAM.
2314 257 2377 312 71

992 622 1327 698 CAPUT
1369 615 1555 686 VIII

251 1372 267 1406 1
307 1355 478 1404 Minu
533 1360 828 1400 mvi-:aurun
881 1354 1130 1391 GRAVIDA.
1171 1361 1232 1373 -—

199 1426 248 1477 Et
290 1425 405 1491 quia
447 1423 505 1473 in
562 1417 839 1486 praemissa
884 1408 1089 1464 Christi
1137 1422 1233 1472 ge-

199 1495 419 1560 nealogia,
449 1491 739 1542 Matthaeus
779 1481 1017 1536 ostendit
1052 1492 1233 1528 veram

196 1566 287 1629 ejus
341 1563 733 1614 humanitatem
753 1595 769 1619 ,
847 1557 1237 1617 consequenter

199 1653 316 1688 nunc
334 1635 568 1688 ostendit
595 1633 711 1697 ejus
754 1625 1113 1681 divinitatem,
1143 1633 1237 1685 per

198 1711 386 1760 modum
422 1701 799 1769 conceptionis
843 1699 959 1764 ejus
1004 1691 1236 1745 mirabi-

200 1780 301 1841 lem,
339 1781 518 1830 dicens
550 1794 566 1826 ε
600 1772 808 1825 Christi
846 1776 1023 1820 autem
1068 1776 1238 1832 gene-

201 1853 316 1903 ratio
333 1853 406 1903 sic
442 1854 587 1902 erat.
625 1844 792 1905 Quasi
821 1842 1020 1891 diceret
1060 1853 1075 1887 z
1114 1836 1238 1886 Non

202 1925 406 1974 credatur
440 1920 596 1989 quod
625 1920 771 1968 Deus
799 1914 871 1965 sit
911 1910 1146 1978 genituS,
1176 1920 1241 1956 ex

200 1998 555 2049 commixtione
582 1992 751 2044 maris
781 1999 834 2040 et
858 1985 1097 2046 feminae,
1118 1980 1239 2031 -sic-
1282 2032 1283 2035 ,

200 2079 250 2120 ut
277 2071 659 2134 praecedenteS,
707 2061 800 2112 sed
852 2055 1035 2124 potius
1076 2050 1253 2102 modo·

202 2141 420 2203 mirabili,
459 2139 567 2207 qui
603 2134 850 2202 sequitur
882 2147 897 2180 z
930 2128 1067 2178 Cum
1105 2122 1244 2174 enim

201 2220 314 2265 esset
361 2214 693 2279 desponsata
748 2201 943 2255 Maria
997 2194 1244 2261 Joseph,-

201 2293 244 2333 et
288 2286 393 2352 ipsa
429 2285 498 2334 de
559 2275 839 2331 Elizabeth
894 2271 964 2321 ad
1018 2268 1245 2318 domum

202 2369 330 2406 suam
372 2356 428 2406 in
470 2349 745 2406 Nazareth
784 2342 1066 2400 rediisset,
1122 2347 1248 2388 tan-

202 2428 303 2477 dem
337 2428 539 2494 Joseph
579 2441 611 2476 a
648 2421 828 2474 Judaea
854 2417 912 2468 in
969 2411 1248 2465 Galilaeam

202 2499 427 2561 veniens,
482 2508 541 2550 et
599 2496 979 2560 desponsatam
1035 2481 1141 2535 sibi
1191 2480 1248 2530 in

204 2568 398 2621 domum
425 2585 588 2621 suam
625 2568 819 2615 ducere
841 2560 1059 2620 volens;
1095 2557 1251 2603 ante-

205 2654 339 2704 quam
391 2638 771 2697 convenirent,
833 2630 1035 2682 scilicet
1096 2632 1252 2675 ante-

206 2725 345 2776 quam
370 2728 444 2762 nu
482 2712 690 2761 tiarum
717 2701 984 2756 solemnia
1016 2696 1253 2748 celebra-

204 2798 322 2849 rent,
350 2804 458 2838 non
497 2784 651 2853 quod
682 2788 865 2848 postea
891 2769 1254 2828 convenerint,

206 2862 285 2911 sed
308 2861 543 2912 ostendit
572 2856 886 2924 proximum
906 2859 1122 2914 tempus
1150 2858 1257 2893 nu-

212 2934 418 2998 ptiarum
470 2929 787 2991 solemniis;
841 2934 895 2975 et
940 2931 1021 2973 est
1068 2930 1260 2982 tropus

209 3007 442 3089 loquendi
494 3005 629 3057 huic
682 2999 912 3058 similis,
972 3002 1261 3057 antequam

212 3088 471 3140 poemteret
544 3083 719 3126 morte
786 3073 1092 3136 praeventus
1146 3068 1229 3111 est
1246 3096 1261 3119 ,

214 3164 309 3198 non
346 3150 492 3217 quod
534 3156 721 3214 postea
750 3136 1064 3209 poenituerit
1098 3148 1113 3183 ε
1160 3131 1265 3190 vel,

216 3228 478 3288 antequam
580 3215 921 3272 convenirent
985 3203 1266 3259 communi

217 3290 551 3353 habitatione,
599 3290 657 3339 id
704 3296 802 3346 est,
851 3292 1142 3346 antequam
1186 3274 1267 3325 si-

218 3363 319 3413 mul
344 3363 402 3413 in
423 3378 538 3413 una
565 3362 730 3411 domo
768 3352 1094 3409 habitarent,
1123 3362 1269 3397 non-

221 3432 334 3483 dum
386 3434 538 3486 enim
579 3432 970 3482 convenerant,
1027 3418 1272 3469 nondum

223 3505 369 3557 simul
420 3506 767 3563 habitabant,
811 3498 903 3549 ille
951 3495 1011 3546 in
1049 3507 1165 3552 sua,
1224 3498 1277 3540 et

224 3579 304 3631 illa
351 3582 527 3631 adhuc
576 3580 634 3629 in
667 3591 765 3627 sua
801 3573 965 3622 domo
1005 3564 1275 3623 manebat,

226 3651 342 3715 quia
375 3652 588 3702 licitum
640 3664 752 3698 non
807 3650 919 3694 erat
964 3636 1108 3704 apud
1175 3635 1278 3685 Ju-

222 3722 375 3784 daeOS,
397 3722 544 3790 quod
577 3731 812 3787 sponsus
838 3723 893 3764 et
928 3722 1129 3777 sponsa
1151 3705 1280 3756 abs-

228 3808 324 3859 que
370 3794 682 3859 nuptiarum
718 3784 1092 3841 celebratione,
1116 3776 1281 3828 simul

231 3870 572 3933 convenirent,
597 3867 684 3918 vel
718 3862 1061 3919 habitarent3
1095 3855 1281 3905 inven-

234 3947 284 3991 ta
323 3952 375 3994 et
413 3940 530 3991 visa
573 3945 655 3990 est
697 3933 868 3987 Maria
906 3945 939 3982 a
982 3924 1182 3992 Joseph
1225 3922 1282 3973 in
1322 3963 1329 3968 .

1345 1337 1497 1381 utero
1542 1326 1741 1376 habens
1773 1330 1826 1371 et
1853 1314 2087 1384 gravida.
2137 1308 2240 1360 Sed
2281 1303 2415 1371 quid

1342 1400 1607 1468 sequitur,
1646 1411 1754 1445 non
1795 1387 2020 1450 invenit,
2064 1398 2162 1433 nec
2201 1375 2420 1445 agnovit

1343 1470 1646 1528 manifeste,
1677 1462 1880 1515 scilicet
1907 1460 2011 1509 hoc
2055 1469 2171 1505 esse
2196 1451 2265 1501 de
2290 1446 2419 1514 Spi-

1342 1544 1482 1595 ritus
1528 1537 1706 1591 Sancti
1734 1530 2063 1600 operatione.

1408 1632 1439 1666 2
1471 1614 1670 1665 Josspn
1693 1619 1932 1659 ocenum
1957 1613 2102 1651 vum·
2124 1609 2232 1646 m
2252 1605 2425 1643 murr-

1343 1702 1501 1739 TERE.
1551 1711 1616 1722 --
1657 1675 1998 1744 Perpendens
2034 1671 2138 1720 hoc
2179 1664 2347 1732 igitur
2370 1671 2423 1711 et

1345 1762 1603 1827 ignorans
1657 1751 1796 1803 tanti
1836 1753 2101 1799 secretum
2155 1733 2421 1804 mysterii,

1347 1829 1562 1882 dolebat
1618 1834 1672 1876 et
1727 1819 2063 1873 turbabatur,
2122 1825 2183 1860 ac
2237 1805 2423 1857 nolens

1347 1918 1466 1954 eam
1495 1899 1779 1952 traducere
1823 1892 1881 1942 in
1910 1886 2206 1956 publicum,
2236 1879 2292 1930 id
2324 1884 2427 1936 est,

1348 1973 1626 2038 divulgare
1673 1975 1726 2017 et
1761 1962 2056 2016 diffamare,
2098 1969 2169 2004 ne
2219 1947 2425 2002 scilicet

1348 2057 1610 2111 tanquam
1652 2039 1908 2093 adultera,
1938 2028 2293 2097 lapidaretur3
2340 2018 2428 2070 vel

1352 2116 1538 2168 nolens
1583 2126 1704 2163 eam
1756 2106 2041 2158 traducere
2093 2098 2153 2147 in
2198 2094 2429 2143 domum

1349 2205 1508 2243 suam
1541 2186 1608 2238 ad
1636 2177 2091 2236 cohabitationem
2132 2165 2431 2219 assiduam,

1354 2261 1484 2329 quia
1542 2264 1759 2324 propter
1841 2242 2084 2313 mysterii
2155 2237 2435 2291 virtutem,

1356 2345 1521 2399 quam
1573 2323 1875 2394 nesciebat,
1926 2332 1985 2367 se
2035 2310 2328 2374 indignum
2368 2301 2438 2351 ad

1354 2405 1473 2470 ejus
1517 2395 1852 2450 consortium
1901 2383 2218 2441 aestimabat,
2266 2372 2439 2427 voluit

1357 2473 1561 2529 occulte
1597 2483 1717 2520 eam
1745 2464 2015 2517 dimittere
2044 2449 2377 2523 parentibuS,
2404 2458 2440 2494 a

1644 2555 1764 2591 eam
1849 2536 2137 2597 acceperat.

1360 2621 1513 2673 enim
1550 2633 1564 2668 ι
1590 2610 1929 2681 Egredietur
1969 2604 2136 2666 virga
2162 2595 2230 2647 de
2250 2588 2441 2663 radice

1360 2694 1535 2753 Jeme,
1587 2686 1735 2738 unde
1788 2685 2006 2731 noverat
2056 2667 2283 2721 Mariam
2334 2659 2446 2709 du-

1362 2766 1507 2817 xisse
1568 2757 1856 2825 originem.
1913 2749 2136 2812 Legerat
2202 2736 2367 2789 etiam
2425 2744 2444 2777 z

1365 2838 1511 2889 Ecce
1545 2835 1705 2898 virgo
1735 2820 2011 2886 concipiet,
2042 2824 2096 2865 et
2124 2813 2240 2863 haec
2276 2807 2345 2856 de
2381 2816 2445 2854 ea

1365 2908 1630 2966 credebat,
1656 2895 1974 2968 praesertim,
2003 2888 2134 2956 quia
2160 2889 2284 2951 post
2309 2891 2446 2928 con-

1369 2978 1670 3047 ceptionem
1720 2968 1881 3020 facies
1920 2964 2037 3029 ejus
2078 2960 2155 3009 ita
2198 2951 2445 3017 resplen-

1370 3051 1489 3103 duit
1535 3043 1821 3099 divinitate
1843 3076 1857 3098 ‚
1905 3044 1967 3086 ut
2021 3037 2239 3098 propter
2283 3032 2447 3072 coru-

1372 3120 1669 3174 scationem
1691 3153 1708 3175 ,
1761 3110 1853 3162 vix
1893 3120 2012 3157 eam
2050 3088 2449 3152 irreverberatis

1374 3190 1564 3250 oculis,
1606 3195 1659 3237 et
1688 3198 1803 3234 non
1837 3194 1963 3229 cum
2005 3174 2220 3229 timore,
2264 3166 2448 3229 posset

1376 3259 1596 3315 intueri.
1626 3256 1858 3319 Ideoque
1882 3246 2056 3300 voluit
2083 3257 2142 3293 se
2168 3245 2293 3289 ante
2325 3242 2454 3281 tan-

1378 3346 1491 3388 tam
1533 3328 1759 3397 gratiam
1806 3318 2116 3374 humiliare,
2155 3307 2449 3371 indignum

1379 3421 1439 3457 se
1465 3409 1739 3468 reputans,
1765 3403 1927 3446 tantae
1951 3382 2199 3452 Virginis
2224 3370 2453 3428 cohabi-

1379 3479 1598 3533 tatione.
1627 3473 1784 3525 Unde
1810 3468 2185 3529 Hieronymus
2226 3469 2244 3503 .·
2288 3466 2316 3495 α
2338 3446 2458 3499 Ηοβ

1383 3545 1761 3604 testimonium
1796 3538 1978 3590 Marioe
2026 3541 2140 3589 est,
2186 3519 2334 3591 quod
2366 3516 2454 3570 30,-

1383 3624 1523 3689 seph
1556 3620 1733 3671 sciens
1760 3614 1909 3665 illius
1941 3606 2257 3659 castitatem,
2280 3601 2335 3643 et
2361 3587 2453 3642 ad-

1386 3698 1593 3749 mirans
1631 3690 1780 3759 quod
1819 3688 2080 3739 evenerat,
2110 3674 2240 3725 celat
2278 3665 2467 3739 silea-2

1385 3772 1464 3824 tio
1492 3809 1506 3832 ,
1553 3767 1704 3833 cujus
1744 3756 2065 3827 mysterium
2112 3741 2402 3799 nesciebat.
2422 3754 2453 3782 ι)

1388 3843 1547 3896 Unde
1580 3848 1634 3890 et
1674 3832 2098 3899 Chrysostomus
2142 3835 2162 3870 .-
2216 3832 2246 3861 «
2282 3812 2331 3864 Ο
2372 3808 2457 3859 in-

1390 3907 1727 3969 aestimabilis
1747 3907 1862 3955 laus
1891 3892 2105 3954 Mariae!
2135 3888 2309 3956 Magis
2331 3896 2457 3935 cre-
