2784 4452
349 357 419 407 80
836 385 837 388 =
1021 353 1263 404 PRIMAE
1297 351 1547 412 PARTIS
1578 350 1815 404 CAPUT
1847 354 1936 404 lx,

345 475 406 525 in
460 470 777 521 Bethlehem
800 506 814 529 ,
870 467 925 517 id
986 477 1103 533 est,
1145 484 1176 519 a
1224 467 1416 519 florida

346 544 609 594 virtutum
652 539 879 600 actione,
928 539 994 590 ad
1037 549 1250 605 pastum
1293 554 1418 589 con-

343 612 710 681 templationis
746 613 999 677 internae,
1046 612 1104 663 in
1140 627 1248 679 qua
1291 626 1417 662 vera

345 688 562 742 refectio
599 687 907 738 animarum
957 685 1248 737 invenitur.
1302 686 1414 736 Na-

343 759 525 820 zareth
577 757 725 807 enim
776 756 883 823 flos
909 795 924 821 ,
991 767 1044 808 et
1098 755 1414 807 Bethlehem

344 834 534 884 domus
564 830 759 896 panis',
792 829 847 880 id
877 833 1001 894 (est,
1039 831 1241 894 domus¹
1263 829 1415 895 refe-

343 906 536 959 ctionis
592 904 987 969 interpretatur.
1029 902 1282 954 Ascendit
1328 918 1417 953 au-

344 988 453 1029 tem
482 974 682 1040 Joseph
719 990 842 1024 cum
872 975 1072 1035 Maria,
1115 974 1241 1041 quia
1280 990 1416 1025 sem-

344 1064 439 1116 per
516 1047 775 1096 debemus
854 1045 1137 1096 nobiscum
1214 1045 1413 1095 habere

345 1116 748 1186 poenitentiam,
799 1115 938 1166 sicut
984 1116 1185 1183 Joseph
1238 1132 1412 1182 usque

341 1192 409 1242 ad
434 1199 663 1241 mortem
693 1187 883 1238 habuit
902 1188 1148 1248 Mariam,
1175 1204 1296 1255 quae
1321 1188 1412 1238 in-

341 1269 661 1326 terpretatur
701 1272 852 1308 mare
892 1272 1159 1309 amarum.

402 1330 436 1382 6
479 1332 771 1381 Hospmun
809 1345 915 1381 non
946 1345 1250 1393 mvzumns,
1287 1331 1409 1381 MA-

340 1419 430 1455 nu
465 1417 767 1453 rna-:semum
806 1416 1017 1451 wrm-r.
1056 1429 1121 1439 —
1161 1402 1410 1468 Cumque

340 1477 395 1527 in
424 1474 742 1526 Bethlehem
770 1484 967 1532 essent,
995 1473 1123 1539 quia
1150 1488 1411 1538 pauperes

337 1556 489 1598 erant
514 1584 528 1607 ,
587 1544 888 1610 hospitium
972 1543 1218 1594 invenire
1295 1560 1406 1594 non

337 1628 631 1685 potuerunt
690 1626 909 1684 propter
963 1627 1289 1667 conventum
1353 1629 1410 1669 et

335 1689 693 1756 frequentiam
770 1688 1096 1748 multorum,
1166 1688 1262 1754 qui
1336 1689 1408 1738 ob

333 1761 577 1811 eamdem
597 1774 811 1809 causam
836 1769 1232 1809 concurrerant.
1250 1759 1407 1809 Com-

335 1842 513 1899 patere
568 1832 656 1882 h'ic
712 1831 1000 1891 Dominae,
1053 1842 1105 1882 et
1158 1832 1406 1897 conspice

331 1904 611 1954 delicatam
701 1902 1038 1968 juvenculam
1097 1896 1109 1907 ’
1133 1918 1403 1953 annorum

334 1973 675 2041 quindecim,
726 1988 790 2023 ex
837 1974 1000 2039 longo
1047 1973 1239 2024 itinere
1291 1972 1405 2024 fati-

333 2056 541 2113 gatam,
608 2056 660 2096 et
704 2062 828 2097 cum
886 2046 1205 2097 verecundia
1263 2046 1405 2097 inter

333 2117 585 2169 homines
605 2128 927 2178 versantem,
956 2128 1283 2185 quaerentem
1306 2118 1400 2170 ubi

332 2191 717 2259 requiesceret,
762 2200 814 2242 et
854 2207 962 2242 non
1018 2190 1401 2244 invenientem.

332 2263 540 2314 Omnes
593 2278 711 2313 eam
763 2272 815 2313 et
860 2262 1068 2313 socium
1123 2262 1402 2314 licentiant

329 2343 382 2383 et
395 2334 677 2395 abdicunt;
695 2342 748 2383 et
763 2331 911 2382 sicin
934 2333 1208 2383 communi
1232 2344 1400 2383 trans-

329 2405 441 2465 itu,
481 2404 538 2454 in
574 2403 931 2453 diversorium
961 2419 1019 2454 se
1057 2412 1397 2469 receperunt,

326 2475 473 2540 quod
504 2475 644 2523 intra
672 2473 959 2531 civitatem,
999 2474 1056 2524 in
1085 2473 1210 2533 fine,
1251 2475 1398 2540 juxta

325 2559 489 2595 unam
530 2554 806 2609 portarum
849 2544 954 2593 sub
994 2559 1127 2608 rupe
1169 2560 1397 2596 concava

324 2625 468 2675 erat,
512 2630 624 2664 non
662 2613 868 2663 habens
905 2614 1135 2678 desuper
1161 2626 1392 2677 tectum,

321 2694 383 2736 ut
429 2685 592 2735 hodie
639 2683 894 2744 cernitur,
942 2684 1047 2734 nisi
1098 2700 1286 2751 rupem
1328 2688 1395 2738 de

322 2764 507 2806 monte
523 2754 931 2821 dependentem.
952 2755 1257 2805 Secundum
1283 2758 1394 2808 Be·-

321 2826 464 2886 clam‚
502 2825 861 2876 diversorium
906 2835 986 2875 est
1038 2827 1272 2891 spatium
1315 2829 1392 2878 in-

320 2906 401 2946 ter
444 2896 580 2946 duos
629 2896 792 2955 vicos,
843 2911 907 2947 ex
953 2906 1183 2963 utroque
1230 2899 1391 2949 latere

320 2966 528 3016 habens
552 2982 789 3026 murum,
819 2977 871 3017 et
900 2983 964 3018 ex
992 2979 1219 3034 utraque
1245 2980 1391 3033 parte

321 3046 531 3102 portam
557 3075 571 3097 ,
635 3047 696 3087 ut
764 3038 836 3088 sit
905 3038 1031 3088 inde
1099 3039 1274 3089 exitus
1329 3039 1388 3089 in

318 3117 614 3174 utrumque
659 3107 872 3174 vicum,
913 3110 1141 3175 desuper
1179 3126 1390 3176 cooper-

318 3190 435 3230 tum
478 3189 690 3245 propter
726 3180 863 3230 aeris
897 3181 1289 3247 intemperiem.
1329 3192 1389 3233 ut

318 3249 376 3299 in
418 3249 623 3300 festivis
665 3249 857 3300 diebus
896 3251 1109 3315 possint
1154 3251 1229 3302 ibi
1278 3253 1385 3303 ho—

317 3321 491 3371 mines
528 3320 818 3371 convenire
855 3322 920 3371 ad
963 3322 1385 3387 colloquendum

317 3401 372 3442 et
415 3390 788 3441 solatiandum.
842 3392 907 3441 Et
948 3389 1141 3457 figurat
1202 3393 1386 3444 Eccle-

315 3461 450 3512 siam
502 3462 641 3512 inter
685 3461 989 3526 paradisum
1032 3473 1083 3513 et
1122 3465 1384 3515 mundum

313 3532 630 3582 existentem
653 3569 668 3595 ,
728 3533 784 3581 in
834 3547 997 3598 quam
1058 3532 1384 3585 divertamus

314 3601 380 3652 ab
442 3601 712 3652 erroribus
789 3601 979 3651 mundi
1051 3601 1231 3667 hujus.
1306 3604 1383 3654 Ibi

313 3671 474 3722 etiam
522 3671 773 3722 homines
810 3671 875 3722 ad
925 3671 1074 3721 illam
1115 3671 1380 3723 civitatem

313 3754 528 3809 propter
574 3743 851 3810 negotium
888 3744 1104 3810 aliquod
1161 3745 1382 3795 venien-

309 3825 409 3879 tes,
452 3816 706 3867 animalia
751 3825 966 3882 propter
1000 3816 1136 3867 aeris
1177 3817 1380 3868 intem-

309 3884 532 3948 periem,
563 3886 742 3938 locare
783 3897 1204 3937 consueverant:
1232 3888 1380 3938 unde

308 3961 362 4002 et
393 3953 748 4008 diversorium
770 3956 1063 4021 dicebatur,
1094 3956 1221 4024 quia
1248 3956 1374 4008 illuc

1524 467 1778 518 homines
1809 469 2153 520 divertebant.
2186 470 2342 521 Forte
2386 470 2461 521 ibi
2494 472 2591 522 Jo-

1522 539 1657 605 seph
1679 578 1694 604 ,
1743 539 1890 591 faber
1918 540 2174 608 lignarius
2186 579 2200 604 ,
2244 557 2476 609 praesepe
2521 541 2594 592 fe-

1522 619 1664 659 cerat
1718 610 1842 661 bovi
1889 622 1941 661 et
1990 611 2159 674 asine,
2208 627 2345 678 quos
2400 628 2587 663 secum

1523 682 1778 747 duxerat;
1814 682 2022 735 asinum
2051 684 2291 752 quidem,
2321 695 2383 735 ut
2418 686 2589 752 Virgo

1520 769 1797 820 praegnans
1818 794 1831 819 ,
1872 772 2032 823 super
2077 773 2211 811 „eum
2266 757 2586 820 veheretur;

1521 823 1713 874 bovem
1761 824 1897 876 forte
1918 863 1933 890 ,
1965 835 2024 876 ut
2076 826 2254 893 ipsum
2301 828 2586 888 venderet,

1440 902 1449 917 ·
1518 908 1580 944 ac
1620 910 1840 946 censum
1883 912 1980 961 pro
2027 912 2084 947 se
2131 907 2183 947 et
2223 913 2318 963 pro
2365 898 2589 965 Virgine

1518 967 1774 1032 solveret,
1831 977 1883 1018 et
1932 969 1999 1019 de
2061 968 2278 1019 residuo
2326 969 2586 1022 viverent.

1520 1036 1619 1087 Vel
1655 1036 1791 1088 forte
1837 1037 2034 1105 aliquis
2076 1039 2214 1089 alius
2252 1039 2445 1090 bovem
2486 1041 2587 1091 ad-

1520 1108 1757 1174 duxerat,
1787 1119 1847 1160 ut
1887 1108 2042 1159 illum
2085 1110 2159 1160 ibi
2188 1111 2457 1174 venderet,
2488 1112 2584 1177 qui

1517 1186 1642 1228 tunc
1678 1195 1804 1229 curn
1832 1178 1980 1229 asino
2017 1178 2070 1229 in
2109 1180 2299 1230 eodem
2327 1180 2586 1246 praesepio

1517 1249 1860 1313 comedebat3
1897 1243 1991 1299 'vel
2046 1248 2198 1306 forte,
2250 1250 2410 1299 ambo
2471 1250 2587 1301 haec

1514 1318 1763 1370 animalia
1790 1336 1883 1386 per
1922 1319 2056 1370 alios
2082 1319 2303 1370 fuerunt
2338 1320 2584 1371 adducta.

1516 1388 1669 1439 Unde
1697 1390 2157 1459 chrysostomus.-
2180 1409 2207 1437 «
2239 1389 2586 1457 Quicumque

1512 1474 1713 1525 pauper
1738 1467 1835 1520 est,
1867 1459 2089 1525 accipiat
2124 1461 2583 1525 consolationem;

1511 1529 1710 1594 Joseph
1740 1540 1792 1581 et
1814 1527 1994 1591 Maria,
2026 1539 2192 1580 mater
2224 1529 2441 1580 Domini
2471 1545 2583 1581 non

1512 1598 1779 1651 habebant
1808 1601 2105 1662 servulum,
2147 1616 2257 1650 non
2292 1599 2579 1663 ancillam;

1513 1673 1581 1722 de
1627 1674 1843 1724 Galilaea
1870 1711 1883 1736 ,
1931 1674 1998 1723 de
2048 1673 2305 1724 Nazareth
2351 1673 2451 1723 soli
2496 1689 2582 1724 ve-

1512 1741 1697 1805 niunt3
1767 1759 1874 1793 non
1945 1742 2210 1793 habebant
2257 1743 2580 1807 jumentum.

1513 1812 1615 1879 Ipsi
1664 1824 1792 1864 sunt
1840 1813 2054 1864 Domini
2103 1823 2155 1863 et
2191 1812 2397 1864 famuli.
2441 1814 2578 1867 Rem

1511 1898 1703 1933 novam
1730 1883 1744 1933 l
1793 1883 2167 1950 Ingrediuntur
2222 1883 2277 1933 in
2332 1884 2579 1935 diverso-

1509 1955 1680 2019 rium,
1728 1972 1835 2006 non
1874 1956 2243 2023 ingrediuntur
2287 1956 2577 2008 civitatem.

1510 2030 1797 2096 Paupertas
1829 2030 1972 2080 enim
2008 2029 2193 2080 timida
2223 2030 2357 2080 inter
2386 2030 2578 2082 divites

1510 2101 1867 2162 nonaudebat
1888 2100 2154 2151 accedere.
2191 2120 2215 2145 ι

1574 2190 1605 2241 7
1639 2174 1909 2224 Cnmsrus
1956 2189 2208 2233 Quonono
2252 2189 2575 2225 ramosum-

1507 2262 1608 2296 ·rus
1649 2261 1716 2296 ετ
1762 2245 2132 2296 umet-awaus?
2182 2272 2242 2283 —-
2289 2245 2394 2296 Ubi
2445 2261 2573 2297 cum

1505 2315 1735 2366 venisset
1789 2315 1920 2365 hora
1980 2326 2164 2381 partus
2185 2353 2199 2375 ,
2260 2315 2462 2365 scilicet
2515 2316 2572 2366 in

1505 2385 1680 2435 media
1731 2395 1886 2435 nocte
1920 2384 2026 2435 diei
2077 2385 2391 2447 Dominicoe,
2445 2387 2572 2436 dum

1505 2471 1618 2507 nox
1645 2456 1697 2506 in
1718 2470 1815 2506 suo
1837 2470 1999 2506 cursu
2028 2457 2256 2506 medium
2286 2456 2388 2505 iter
2406 2455 2572 2506 habe-

1501 2534 1599 2589 ret,
1643 2542 1764 2576 nam
1818 2542 1879 2577 ea
1928 2526 2033 2589 die,
2079 2541 2185 2593 qua
2230 2526 2405 2576 dixit:
2438 2527 2573 2577 Fiat

1503 2601 1621 2662 lux,
1651 2599 1880 2665 etfacta
1906 2605 1987 2649 est
2019 2599 2155 2661 lux,
2191 2598 2456 2649 Dominus
2484 2600 2569 2650 vi-

1499 2672 1684 2721 sitavit
1731 2685 1827 2720 nos
1858 2670 2053 2720 Oriens
2090 2683 2165 2720 ex
2205 2670 2339 2732 alte,
2365 2671 2571 2721 scilicet

1490 2743 1702 2807 peperit
1723 2741 1889 2808 Virgo
1909 2740 2110 2792 Filium
2130 2755 2283 2791 suum
2295 2743 2570 2809 primoge-

1499 2814 1697 2874 nitum‚·
1753 2811 2170 2878 primogenitum
2225 2822 2401 2862 tamen
2459 2829 2567 2863 non

1499 2884 1629 2935 dicit
1658 2883 1750 2935 hic
1794 2885 2037 2935 ordinem
2066 2895 2306 2950 respectu
2335 2901 2567 2951 sequen—

1496 2956 1581 3017 tis,
1603 2958 1694 3007 sed
1715 2956 2063 3024 privationem
2094 2969 2334 3024 respectu
2353 2957 2569 3023 prioriS,

1497 3030 1623 3096 quia
1679 3032 1889 3082 nullum
1946 3031 2133 3082 habuit
2201 3040 2319 3081 ante
2386 3031 2562 3082 illum.

1496 3100 1651 3151 Unde
1688 3101 1984 3151 secundum
2025 3101 2249 3162 Bedam,
2291 3100 2568 3168 primoge-

1495 3171 1638 3222 nitus
1665 3171 1881 3235 dicitur,
1910 3187 2016 3221 non
2044 3181 2164 3238 post
2202 3187 2367 3237 quem
2408 3172 2566 3235 alius,

1494 3246 1586 3296 sed
1617 3256 1736 3296 ante
1763 3261 1925 3313 quem
1957 3247 2156 3297 nullus·
2177 3246 2248 3296 Et
2266 3247 2564 3296 secundum

1494 3318 1765 3378 eumdem,
1795 3316 1972 3367 omnis
2011 3316 2317 3383 unigenitus
2346 3326 2424 3366 est
2450 3316 2563 3383 pri-

1495 3390 1827 3457 mogenitus3
1860 3402 1912 3441 et
1941 3391 2122 3440 omnis
2149 3390 2565 3457 primogenitus,

1492 3470 1551 3509 ut
1579 3460 1675 3523 sic,
1699 3469 1778 3510 est
1805 3460 2132 3526 unigenitus.
2153 3460 2222 3510 Et
2239 3460 2366 3526 quia
2393 3459 2565 3511 Filius

1493 3530 1590 3580 Dei
1621 3531 1982 3597 temporaliter
2005 3529 2149 3580 nasci
2176 3529 2348 3580 voluit
2373 3545 2436 3579 ex
2457 3545 2564 3581 ma·

1491 3611 1570 3651 tre
1598 3601 1894 3652 secundum
1926 3616 2156 3663 carnem,
2186 3610 2246 3652 ut
2273 3600 2385 3666 ipse
2415 3601 2561 3650 mul-

1489 3681 1572 3721 tos
1593 3671 1777 3722 fratres
1795 3671 2091 3738 acquireret
2103 3686 2197 3736 per
2213 3670 2565 3737 regeneratio-

1490 3759 1613 3794 nem
1656 3743 1893 3809 spirituS,
1932 3743 2058 3793 hinc
2104 3752 2182 3793 est
2209 3743 2358 3810 quod
2392 3752 2450 3792 ut
2480 3741 2559 3792 sic

1489 3813 1684 3865 melius
1749 3823 1826 3864 est
1890 3813 2064 3864 dictus
2133 3812 2557 3879 primogenitus,

1486 3901 1649 3952 quam
1679 3884 2002 3953 unigenitus.
2047 3886 2116 3936 Et
2156 3886 2261 3935 hoc
2302 3894 2382 3935 est
2409 3886 2557 3950 quod

1487 3957 1616 4010 dicit
1652 3957 1793 4009 idem
1832 3957 2002 4019 Beda,
2041 3957 2168 4025 quia
2197 3957 2444 4009 Christus
2477 3966 2559 4007 est
