2784 4452
665 328 760 378 DE
790 327 1042 379 SCRIBA
1071 326 1356 379 DOLOSO
1385 326 1483 378 ET
1512 325 1798 379 DUOBUS
1820 328 2016 379 ALIIS.

214 459 362 493 srmt
392 457 689 503 saonam-un,
728 457 940 492 urm
965 455 1107 491 νυνι·
1137 455 1287 491 sm-

216 530 375 578 mum
407 530 477 564 ετ
503 529 659 564 cums
681 530 766 564 srr
795 513 1025 562 menna?
1049 539 1114 549 —
1136 511 1285 562 Dixit

219 596 400 638 autem
453 586 720 636 Dominus
771 584 942 645 alteri,
991 584 1141 649 cujus
1184 598 1284 650 pa-

218 670 357 710 trem
382 661 489 725 jam
516 669 793 709 mortuum
822 657 1021 708 sciebat
1048 673 1062 706 t
1095 657 1284 723 Seque-

211 744 282 780 re
331 743 430 779 me.
476 728 583 787 Qui
632 727 912 793 respondit
956 743 973 776 ε
1024 726 1281 788 Domine,

217 801 367 867 quod
399 810 481 851 est
513 800 853 859 reverentiae,‘
875 799 1127 865 permitte
1173 813 1280 862 me,

213 874 366 940 quod
393 882 474 923 est
499 871 836 930 obedientioe,
865 871 996 937 quia
1022 871 1088 921 de
1111 871 1281 922 disci—

216 943 363 1010 pulis
412 943 528 993 suis
567 942 770 992 scilicet
812 941 1014 992 futuris
1067 942 1281 1002 dicitur,

211 1013 315 1065 etsi
360 1014 600 1063 nondum
637 1022 765 1072 erat,
817 1013 1051 1078 primum
1101 1012 1182 1063 ire
1233 1019 1285 1064 et

213 1086 445 1153 sepelire
495 1092 709 1151 patrem
757 1099 923 1135 noeum
936 1124 955 1149 ,
1007 1085 1154 1151 quod
1204 1093 1284 1134 est

212 1172 356 1222 opus
393 1155 793 1205 misericordiae.
829 1155 934 1206 Ubi
969 1155 1231 1206 Rabanus
1261 1171 1281 1204 .-

215 1243 245 1271 «ι
278 1226 401 1275 Non
469 1224 854 1290 discipulatum
900 1224 1123 1288 respuit,
1188 1223 1282 1272 sed

211 1296 424 1361 expleta
492 1295 730 1361 primum
795 1294 999 1359 paterni
1077 1291 1284 1343 funeris

212 1368 428 1434 pietate,
461 1368 681 1418 liberior
713 1367 857 1417 hunc
887 1365 1041 1432 sequi
1080 1365 1285 1416 deside-

211 1448 313 1498 rat,
347 1439 486 1489 sicut
519 1438 764 1500 Elisaeus,
796 1446 1018 1487 vocante
1039 1451 1096 1487 se
1119 1436 1235 1487 Elia
1265 1451 1279 1483 ε

216 1508 459 1571 Osculer,
481 1508 679 1574 inquit,
694 1513 864 1570 orate,
880 1513 1092 1573 patrem
1109 1522 1281 1557 meum

209 1586 267 1629 et
294 1585 516 1629 matrem
546 1593 732 1643 meam,
758 1584 811 1628 et
829 1579 915 1629 sic
937 1591 1135 1642 sequar
1164 1583 1230 1628 te.
1254 1596 1277 1622 ιο

205 1652 375 1702 Jesus
414 1658 588 1702 autem
624 1650 705 1701 ait
744 1651 856 1714 illi,
893 1648 1079 1699 animo
1109 1648 1282 1699 corri—

210 1722 397 1787 pIendi
428 1739 444 1772 ι
472 1722 705 1788 Sequere
741 1735 839 1784 me,
880 1736 992 1771 non
1035 1720 1283 1770 obstante

210 1793 380 1858 patris
437 1791 516 1843 tui
584 1792 791 1844 funere.
859 1790 1024 1851 Quasi
1080 1790 1221 1840 dicat
1264 1807 1280 1840 z

213 1864 338 1913 Non
388 1873 469 1914 est
527 1863 595 1913 de
644 1861 880 1913 caritatis
926 1861 1117 1911 ordine
1170 1860 1282 1911 mi-

212 1949 320 1983 nus
364 1933 572 1983 bonum
614 1933 805 1998 majori
854 1946 1201 1999 praeponere:
1229 1937 1285 1981 et

214 2005 423 2056 dimitte
491 2012 728 2056 mortuos
739 2043 757 2067 ‚
832 2005 1036 2055 scilicet
1110 2012 1282 2053 morte

217 2078 409 2143 culpae,
445 2078 668 2143 sepelire
694 2084 948 2140 mortum,
973 2086 1146 2126 morte
1179 2091 1282 2126 na-

220 2159 375 2210 turae,
418 2165 564 2209 ειιοε,
607 2149 809 2200 scilicet
851 2149 958 2199 sibi
1001 2148 1284 2199 adstrictos

215 2220 431 2272 vinculo
470 2220 891 2287 propinquitatis
923 2220 1009 2272 vel
1047 2229 1282 2284 naturae3

210 2293 398 2343 dicens
468 2305 647 2344 autem
713 2310 873 2358 sum,
945 2295 1284 2346 monstrabat

209 2363 473 2430 quoniam
525 2364 616 2413 hic
670 2374 918 2415 mortuus
975 2380 1083 2415 non
1131 2365 1246 2430 ejus
1268 2403 1282 2425 ,

206 2434 303 2484 sed
331 2434 528 2500 aliquis
559 2434 865 2485 infidelium
900 2446 1029 2497 erat,
1051 2436 1206 2501 cujus
1233 2445 1285 2486 et

206 2505 504 2571 sepultores
526 2521 621 2572 per
644 2505 1011 2557 infidelitatem
1042 2507 1284 2573 impieta-

209 2575 282 2626 tis
318 2574 379 2625 in
409 2577 591 2627 anima
629 2587 871 2627 mortuos
905 2577 1138 2643 intelligi
1180 2593 1296 2628 vo-

209 2649 371 2699 lebat.
431 2648 678 2700 Infideles
733 2649 990 2701 dicuntur
1041 2649 1280 2707 mortui,

212 2718 344 2785 quia
391 2719 496 2770 fide
532 2730 728 2780 carent,
776 2736 897 2786 quae
936 2721 1046 2773 vita
1085 2721 1284 2772 animae

212 2800 328 2849 est,
385 2792 684 2841 secundum
735 2791 872 2841 illud
908 2808 921 2841 :
958 2792 1161 2844 Justus
1207 2807 1285 2843 ex

209 2863 330 2929 fide
365 2862 514 2925 vivit,
550 2862 641 2913 hic
672 2878 797 2929 ergo
831 2874 1139 2915 romovetur
1166 2880 1284 2914 car-

218 2934 411 2984 nalitas
490 2933 954 2999 propinquarum;
1017 2949 1112 2999 per
1183 2934 1288 2984 hoc

219 3006 371 3057 enim
412 3006 559 3072 quod
599 3006 736 3056 dixit
775 3005 824 3055 ei
856 3006 1135 3071 :Sequere
1173 3020 1284 3070 me,

217 3087 272 3130 et
299 3079 509 3130 dimitte
526 3085 767 3128 mortuos
798 3078 1025 3142 sepelire
1049 3084 1287 3129 mortuos

220 3164 380 3213 suos,
423 3148 657 3199 ostendit
691 3148 838 3213 quod
884 3149 1109 3199 carnalis
1155 3148 1287 3199 affe-

217 3232 340 3272 ctus
394 3236 425 3272 a
473 3219 824 3287 sequentibus
873 3219 1152 3271 Christum
1208 3230 1310 3270 est*

219 3291 457 3341 totaliter
508 3290 884 3342 dimittendus·
942 3290 1008 3340 Et
1052 3300 1132 3339 est
1188 3291 1290 3340 hoc

218 3373 608 3429 argumentum
655 3372 842 3413 contra
888 3372 1200 3413 excusantes
1233 3377 1290 3411 se

218 3434 289 3483 de
320 3433 567 3499 ingressu
604 3432 901 3499 religionis,
944 3443 1159 3498 propter
1189 3447 1288 3482 cu-

221 3521 337 3555 ram
390 3514 702 3571 parentum3
759 3503 890 3555 item
934 3515 1119 3555 contra
1158 3521 1290 3570 pro-

213 3574 590 3634 crastinantes,
632 3573 679 3624 si
721 3574 869 3625 enim
910 3575 1086 3625 noluit
1121 3586 1289 3626 retar-

217 3646 336 3696 dari
358 3662 454 3713 pro
483 3647 773 3713 sepultura,
796 3649 969 3698 multo
993 3648 1175 3698 minus
1192 3665 1287 3714 pro

223 3717 568 3784 expeditione
595 3718 869 3770 diuturna.
906 3721 1058 3771 Unde
1098 3721 1287 3788 Chry—

221 3795 490 3840 sostomus
523 3807 542 3839 .-
577 3807 606 3836 α
637 3788 792 3842 Alius
833 3789 1130 3842 intentione
1169 3790 1288 3840 ficta

226 3858 382 3920 dixit,
412 3875 604 3926 sequar
628 3871 715 3923 te;
745 3860 834 3910 hic
860 3859 1021 3910 etiam
1050 3872 1285 3911 sanctam

221 3944 338 3981 rem
383 3940 569 3995 petens
611 3947 722 3982 non
761 3929 961 3981 sinitur
1009 3933 1284 3997 recedere,

2343 344 2451 396 427

1385 441 1519 508 quia
1566 441 1657 492 alii
1704 451 1855 493 erant
1902 442 1998 509 qui
2047 445 2356 510 sepelirent,
2403 457 2456 497 et

1390 512 1537 562 hunc
1576 527 1609 562 a
1642 513 1815 579 magis
1850 515 2163 564 necessariis
2210 516 2454 567 recedere

1389 597 1502 632 non
1546 583 1824 648 oportebat
1855 601 1871 634 ι
1902 602 1932 631 ν»
1961 585 2075 634 haec
2111 585 2450 651 Chrysosto-

1384 668 1524 704 θῆκε.
1553 655 1621 704 Et
1648 654 1769 705 vide
1794 658 2069 722 quomodo
2099 657 2337 722 primum
2366 659 2457 709 do-

1384 726 1568 775 losum
1609 735 1666 776 et
1708 727 2001 793 superbum
2022 767 2036 789 ,
2082 729 2177 794 qui
2226 727 2345 779 ficte
2398 739 2452 781 et

1383 797 1642 849 simulata
1671 811 1850 851 mente
1877 812 2180 863 accesserat,
2212 803 2452 868 respuit3

1387 871 1686 919 secundum
1723 871 2024 937 simplicem
2071 882 2123 922 et
2155 873 2414 923 devotum
2436 913 2451 934 ,

1387 939 1484 1005 qui
1519 955 1643 990 vere
1672 951 1727 991 et
1764 942 1995 1008 simplici
2028 955 2207 994 mente
2234 954 2286 994 et
2314 960 2451 1010 puro

1384 1012 1549 1063 corde
1595 1014 1898 1078 quaerebat,
1947 1015 2013 1064 ad
2055 1016 2139 1065 sui
2179 1017 2454 1082 sequelam

1386 1083 1566 1144 traxit,
1606 1094 1661 1135 et
1703 1086 1907 1152 absque
1946 1088 2206 1139 dilatione
2256 1104 2312 1139 se
2362 1104 2454 1140 se-

1382 1154 1482 1220 qui
1540 1156 1732 1220 jubens
1796 1174 1893 1208 nec
1960 1168 2162 1225 patrem
2230 1160 2456 1226 sepelire

1388 1224 1656 1289 permisit,
1704 1241 1870 1292 quem
1920 1228 2054 1279 forte
2099 1245 2130 1280 a
2174 1230 2452 1296 sepultura

1387 1294 1774 1360 prohibuisset,
1810 1296 1860 1346 si
1902 1298 1997 1348 alii
2030 1300 2125 1364 qui
2169 1299 2455 1365 sepelirent

1390 1380 1501 1415 non
1548 1364 1797 1417 fuissent.
1864 1370 1941 1418 Ac
1994 1369 2040 1419 si
2099 1370 2148 1419 ei
2209 1370 2405 1420 diceret
2438 1386 2453 1419 ε

1386 1434 1600 1486 Venisti
1622 1437 1688 1486 ad
1712 1436 1896 1497 vitam,
1923 1437 2008 1488 vis
2034 1439 2210 1488 redire
2229 1439 2296 1488 ad
2319 1454 2456 1489 mor·

1387 1503 1533 1554 tem?
1563 1505 1694 1571 Ego
1716 1520 1835 1557 sum
1855 1508 1982 1570 vita,
2013 1523 2111 1573 ego
2131 1523 2253 1558 sum
2279 1509 2453 1572 Pater,
2506 1510 2509 1513 ’

1386 1588 1440 1628 et
1484 1578 1702 1628 Creator
1742 1588 1868 1630 tuus
1912 1598 1926 1630 :
1974 1581 2209 1647 Sequere
2253 1597 2350 1645 me,
2404 1589 2455 1633 et

1386 1648 1596 1699 dimitte
1648 1656 1891 1700 mortuos
1941 1650 2169 1716 sepelire
2219 1658 2456 1704 mortuos

1386 1735 1547 1783 suo-³,-
1584 1731 1646 1772 tu
1687 1731 1886 1783 autem,
1927 1724 2077 1782 vade,
2115 1733 2169 1774 et
2192 1724 2457 1776 annuntia

1387 1806 1614 1857 regnum
1644 1792 1773 1853 Dei,
1804 1808 1914 1843 non
1959 1793 2185 1854 fabulas,
2216 1810 2325 1844 non
2353 1810 2455 1844 cu-

1384 1863 1685 1926 riositates,
1734 1866 1817 1916 vel
1866 1865 2071 1932 aliquid
2124 1867 2454 1932 hujusmodi.

1387 1933 1511 1982 Non
1538 1949 1674 1999 nego
1698 1935 2025 2000 sepulturam
2048 1952 2165 1987 esse
2194 1938 2260 1986 de
2283 1938 2461 2002 operi-

1387 2003 1491 2052 bus
1526 2004 1909 2055 misericordiae
1932 2043 1946 2065 ,
2000 2021 2098 2056 nec
2138 2006 2259 2056 dico
2300 2022 2464 2072 opera

1385 2075 1502 2139 ejus
1526 2075 1772 2140 proximo
1796 2091 1909 2126 non
1931 2092 2050 2127 esse
2074 2077 2427 2141 impendenda
2445 2117 2460 2138 ,

1383 2145 1478 2194 sed
1505 2160 1602 2211 pro
1622 2146 1921 2210 majoribus
1940 2162 2057 2197 esse
2074 2148 2459 2212 postponenda.

1385 2215 1661 2267 Annuntia
1689 2232 1915 2283 regnum
1941 2218 2063 2280 Dei,
2091 2217 2289 2270 suscita
2319 2235 2459 2270 mor-

1385 2298 1511 2339 tuos
1535 2289 1590 2339 in
1616 2289 1816 2340 anima.
1851 2291 2176 2342 Instruimur
2206 2307 2332 2357 ergo
2361 2291 2454 2342 hic

1386 2370 1449 2410 ut
1476 2375 1574 2426 pro
1606 2360 1794 2426 majori
1825 2361 1971 2412 bono
2014 2361 2199 2413 minus
2247 2364 2457 2422 bonum

1387 2431 1728 2494 deseramus3
1796 2447 1922 2481 nam
1997 2432 2044 2483 si
2115 2433 2457 2483 meritorium

1384 2500 1461 2551 sit
1501 2510 1772 2566 parentem
1823 2503 2074 2567 sepelire,
2115 2503 2338 2568 dignius
2376 2514 2459 2554 est

1387 2584 1568 2625 tamen
1625 2575 1786 2626 verba
1839 2577 1964 2627 vitae
2022 2578 2211 2627 docere
2233 2616 2247 2637 ,
2306 2577 2459 2644 pium

1390 2647 1593 2713 quippe
1641 2658 1752 2698 erat
1800 2651 1947 2715 quod
2001 2651 2210 2701 volebat
2253 2651 2423 2703 facere
2444 2690 2459 2713 ,

1390 2719 1484 2769 sed
1532 2719 1718 2770 docuit
1764 2721 2017 2787 Magister
2060 2722 2192 2787 quid
2245 2723 2463 2773 deberet

1390 2804 1702 2855 praeponere
1742 2806 1758 2841 ε
1800 2792 1973 2856 majus
2014 2794 2159 2843 enim
2205 2804 2287 2843 est
2330 2794 2461 2844 ani-

1392 2877 1506 2912 mas
1529 2871 1868 2912 mortuorum
1898 2865 2238 2929 praedicando
2272 2866 2337 2915 ad
2362 2865 2454 2915 vi-

1389 2944 1501 2983 tam
1530 2933 1860 2994 resuscitare,
1890 2949 2053 2999 quam
2083 2951 2276 3001 corpus
2303 2950 2456 2986 mor-

1391 3006 1471 3057 tui
1509 3006 1567 3055 in
1600 3014 1739 3057 terra
1777 3007 2132 3071 abscondere3
2171 3010 2345 3072 majus
2373 3020 2457 3060 est

1391 3075 1729 3142 proedicando
1753 3091 1927 3126 unum
1948 3080 2136 3129 saltem
2157 3078 2424 3129 vivificare
2443 3117 2458 3143 ,

1391 3161 1558 3212 quam
1626 3161 1822 3197 omnes
1904 3159 2147 3199 mortuos
2212 3148 2454 3213 sepelire.

1394 3217 1551 3267 Unde
1592 3218 1913 3269 Ambrosius
1939 3238 1959 3270 .·
1991 3237 2020 3267 ι
2049 3220 2187 3270 Cum
2235 3219 2460 3286 religio-

1392 3302 1518 3336 sum
1576 3287 1804 3338 humani
1868 3290 2106 3355 corporis
2165 3290 2458 3355 sepeliendi

1392 3357 1755 3422 acceperimus
1782 3360 2037 3420 officium,
2062 3362 2334 3426 quomodo
2366 3361 2461 3411 hic

1395 3428 1598 3493 paterni
1656 3445 1876 3495 quoque
1920 3429 2125 3481 funeris
2179 3433 2464 3497 sepulture.

1396 3498 1748 3563 prohibetur?
1783 3499 1899 3549 Nisi
1940 3509 2000 3550 ut
2036 3500 2301 3568 intelligas
2344 3503 2459 3553 hu-

1396 3585 1554 3620 mana
1588 3571 1955 3636 posthabenda
1992 3571 2209 3632 divinis,
2250 3574 2456 3624 bonum

1392 3645 1655 3709 studium,
1676 3646 1771 3695 sed
1793 3646 1965 3710 majus
1985 3645 2459 3711 impedimentum3

1394 3732 1518 3766 nam
1551 3718 1646 3784 qui
1683 3716 1910 3782 partitur
1945 3719 2217 3779 studium,
2265 3718 2460 3770 dirivat

1390 3788 1658 3852 affectum,
1690 3788 1788 3853 qui
1816 3788 2011 3840 dividit
2042 3805 2245 3850 curam,
2279 3789 2460 3840 differt

1395 3861 1722 3928 profectum3
1782 3876 1910 3928 ergo
1966 3862 2117 3928 prius
2174 3873 2303 3912 sunt
2351 3862 2459 3913 ha-

1394 3935 1567 3985 benda
1586 3949 1710 4001 quae
1732 3936 1989 3992 maxima,
2017 3935 2301 3995 Quomodo
2328 3950 2457 4002 ergo
