<?xml version="1.0" encoding="UTF-8"?>
<!DOCTYPE html PUBLIC "-//W3C//DTD XHTML 1.0 Transitional//EN"
    "http://www.w3.org/TR/xhtml1/DTD/xhtml1-transitional.dtd">
<html xmlns="http://www.w3.org/1999/xhtml" xml:lang="en" lang="en">
 <head>
  <title>
</title>
<meta http-equiv="Content-Type" content="text/html;charset=utf-8" />
  <meta name='ocr-system' content='tesseract 3.04.00' />
  <meta name='ocr-capabilities' content='ocr_page ocr_carea ocr_par ocr_line ocrx_word'/>
</head>
<body>
  <div class='ocr_page' id='page_1' title='image "./vitajesuchristi00sachgoog_0357.png"; bbox 0 0 2784 4452; ppageno 0'>
   <div class='ocr_carea' id='block_1_1' title="bbox 672 364 1975 418">
    <p class='ocr_par' dir='ltr' id='par_1_1' title="bbox 672 364 1975 418">
     <span class='ocr_line' id='line_1_1' title="bbox 672 364 1975 418; baseline 0.002 -2"><span class='ocrx_word' id='word_1_1' title='bbox 672 364 1031 417; x_wconf 89' lang='lat' dir='ltr'>SERMONIS</span> <span class='ocrx_word' id='word_1_2' title='bbox 1066 364 1137 415; x_wconf 93' lang='lat' dir='ltr'>IN</span> <span class='ocrx_word' id='word_1_3' title='bbox 1172 364 1433 417; x_wconf 87' lang='lat' dir='ltr'><strong>MONTE</strong></span> <span class='ocrx_word' id='word_1_4' title='bbox 1464 365 1975 418; x_wconf 83' lang='lat' dir='ltr'>CONTINUATIO.</span> 
     </span>
    </p>
   </div>
   <div class='ocr_carea' id='block_1_2' title="bbox 149 482 1276 3412">
    <p class='ocr_par' dir='ltr' id='par_1_2' title="bbox 149 482 1276 2341">
     <span class='ocr_line' id='line_1_2' title="bbox 193 482 1263 549; baseline -0.007 -10"><span class='ocrx_word' id='word_1_5' title='bbox 193 495 316 539; x_wconf 89' lang='lat' dir='ltr'>rent</span> <span class='ocrx_word' id='word_1_6' title='bbox 385 483 593 535; x_wconf 84' lang='lat' dir='ltr'>similes</span> <span class='ocrx_word' id='word_1_7' title='bbox 662 482 791 545; x_wconf 92' lang='lat' dir='ltr'>Dei,</span> <span class='ocrx_word' id='word_1_8' title='bbox 865 492 1025 549; x_wconf 90' lang='lat' dir='ltr'>prout</span> <span class='ocrx_word' id='word_1_9' title='bbox 1084 493 1263 533; x_wconf 76' lang='lat' dir='ltr'>tamen</span> 
     </span>
     <span class='ocr_line' id='line_1_3' title="bbox 195 556 1265 624; baseline -0.004 -14"><span class='ocrx_word' id='word_1_10' title='bbox 195 559 515 611; x_wconf 88' lang='lat' dir='ltr'>hominibus</span> <span class='ocrx_word' id='word_1_11' title='bbox 570 558 625 607; x_wconf 92' lang='lat' dir='ltr'>id</span> <span class='ocrx_word' id='word_1_12' title='bbox 680 572 796 608; x_wconf 87' lang='lat' dir='ltr'>esse</span> <span class='ocrx_word' id='word_1_13' title='bbox 854 556 1113 624; x_wconf 89' lang='lat' dir='ltr'>possibile</span> <span class='ocrx_word' id='word_1_14' title='bbox 1167 565 1265 607; x_wconf 90' lang='lat' dir='ltr'>est.</span> 
     </span>
     <span class='ocr_line' id='line_1_4' title="bbox 205 627 1266 697; baseline -0.005 -14"><span class='ocrx_word' id='word_1_15' title='bbox 205 631 376 697; x_wconf 85' lang='lat' dir='ltr'>Igitur</span> <span class='ocrx_word' id='word_1_16' title='bbox 405 628 845 680; x_wconf 87' lang='lat' dir='ltr'>benefaciendum</span> <span class='ocrx_word' id='word_1_17' title='bbox 882 637 963 679; x_wconf 90' lang='lat' dir='ltr'>est</span> <span class='ocrx_word' id='word_1_18' title='bbox 991 627 1266 689; x_wconf 89' lang='lat' dir='ltr'>omnibus,</span> 
     </span>
     <span class='ocr_line' id='line_1_5' title="bbox 195 700 1268 768; baseline -0.005 -15"><span class='ocrx_word' id='word_1_19' title='bbox 195 702 344 768; x_wconf 88' lang='lat' dir='ltr'>quia,</span> <span class='ocrx_word' id='word_1_20' title='bbox 372 710 435 753; x_wconf 93' lang='lat' dir='ltr'>ut</span> <span class='ocrx_word' id='word_1_21' title='bbox 489 700 619 750; x_wconf 88' lang='lat' dir='ltr'>dicit</span> <span class='ocrx_word' id='word_1_22' title='bbox 663 701 896 764; x_wconf 85' lang='lat' dir='ltr'><em>Seneca,</em></span> <span class='ocrx_word' id='word_1_23' title='bbox 948 715 1108 750; x_wconf 89' lang='lat' dir='ltr'>nemo</span> <span class='ocrx_word' id='word_1_24' title='bbox 1157 714 1268 749; x_wconf 86' lang='lat' dir='ltr'>non</span> 
     </span>
     <span class='ocr_line' id='line_1_6' title="bbox 194 768 1267 838; baseline -0.003 -14"><span class='ocrx_word' id='word_1_25' title='bbox 194 788 322 824; x_wconf 88' lang='lat' dir='ltr'>cum</span> <span class='ocrx_word' id='word_1_26' title='bbox 358 771 527 823; x_wconf 79' lang='lat' dir='ltr'>‚alteri</span> <span class='ocrx_word' id='word_1_27' title='bbox 589 772 837 838; x_wconf 89' lang='lat' dir='ltr'>prodest,</span> <span class='ocrx_word' id='word_1_28' title='bbox 887 770 994 821; x_wconf 88' lang='lat' dir='ltr'>sibi</span> <span class='ocrx_word' id='word_1_29' title='bbox 1046 768 1267 836; x_wconf 84' lang='lat' dir='ltr'><strong>profuit.</strong></span> 
     </span>
     <span class='ocr_line' id='line_1_7' title="bbox 194 842 1272 911; baseline -0.004 -15"><span class='ocrx_word' id='word_1_30' title='bbox 194 846 338 906; x_wconf 86' lang='lat' dir='ltr'><strong>Quia</strong></span> <span class='ocrx_word' id='word_1_31' title='bbox 371 860 497 896; x_wconf 88' lang='lat' dir='ltr'>vero</span> <span class='ocrx_word' id='word_1_32' title='bbox 530 844 781 911; x_wconf 83' lang='lat' dir='ltr'><strong>perfectio</strong></span> <span class='ocrx_word' id='word_1_33' title='bbox 812 842 1149 904; x_wconf 88' lang='lat' dir='ltr'>dilectionis,</span> <span class='ocrx_word' id='word_1_34' title='bbox 1178 843 1272 893; x_wconf 88' lang='lat' dir='ltr'>ul-</span> 
     </span>
     <span class='ocr_line' id='line_1_8' title="bbox 196 914 1269 974; baseline -0.003 -8"><span class='ocrx_word' id='word_1_35' title='bbox 196 927 281 967; x_wconf 88' lang='lat' dir='ltr'>tra</span> <span class='ocrx_word' id='word_1_36' title='bbox 330 916 677 966; x_wconf 89' lang='lat' dir='ltr'>dilectionem</span> <span class='ocrx_word' id='word_1_37' title='bbox 728 914 1110 974; x_wconf 86' lang='lat' dir='ltr'>inimicorum,-</span> <span class='ocrx_word' id='word_1_38' title='bbox 1157 929 1269 963; x_wconf 89' lang='lat' dir='ltr'>non</span> 
     </span>
     <span class='ocr_line' id='line_1_9' title="bbox 194 984 1269 1052; baseline -0.002 -17"><span class='ocrx_word' id='word_1_39' title='bbox 194 995 373 1052; x_wconf 90' lang='lat' dir='ltr'>potest</span> <span class='ocrx_word' id='word_1_40' title='bbox 437 986 736 1051; x_wconf 85' lang='lat' dir='ltr'>procedere,</span> <span class='ocrx_word' id='word_1_41' title='bbox 795 984 916 1035; x_wconf 91' lang='lat' dir='ltr'>ideo</span> <span class='ocrx_word' id='word_1_42' title='bbox 979 993 1269 1051; x_wconf 81' lang='lat' dir='ltr'><strong>postquam</strong></span> 
     </span>
     <span class='ocr_line' id='line_1_10' title="bbox 198 1055 1270 1123; baseline -0.002 -16"><span class='ocrx_word' id='word_1_43' title='bbox 198 1057 455 1123; x_wconf 85' lang='lat' dir='ltr'>praecepit</span> <span class='ocrx_word' id='word_1_44' title='bbox 494 1055 746 1106; x_wconf 89' lang='lat' dir='ltr'>inimicos</span> <span class='ocrx_word' id='word_1_45' title='bbox 784 1055 1038 1121; x_wconf 86' lang='lat' dir='ltr'>diligere,</span> <span class='ocrx_word' id='word_1_46' title='bbox 1075 1070 1270 1106; x_wconf 90' lang='lat' dir='ltr'>conse-—</span> 
     </span>
     <span class='ocr_line' id='line_1_11' title="bbox 194 1130 1273 1197; baseline -0.002 -16"><span class='ocrx_word' id='word_1_47' title='bbox 194 1140 428 1197; x_wconf 90' lang='lat' dir='ltr'>quenter</span> <span class='ocrx_word' id='word_1_48' title='bbox 454 1130 735 1196; x_wconf 81' lang='lat' dir='ltr'>subjungit</span> <span class='ocrx_word' id='word_1_49' title='bbox 759 1148 774 1181; x_wconf 69' lang='grc' dir='ltr'><strong>ι</strong></span> <span class='ocrx_word' id='word_1_50' title='bbox 804 1131 996 1181; x_wconf 80' lang='lat' dir='ltr'>Estote</span> <span class='ocrx_word' id='word_1_51' title='bbox 1016 1145 1151 1197; x_wconf 80' lang='lat' dir='ltr'>ergo</span> <span class='ocrx_word' id='word_1_52' title='bbox 1177 1143 1273 1180; x_wconf 81' lang='lat' dir='ltr'>vos</span> 
     </span>
     <span class='ocr_line' id='line_1_12' title="bbox 194 1200 1274 1269; baseline -0.003 -16"><span class='ocrx_word' id='word_1_53' title='bbox 194 1202 446 1269; x_wconf 82' lang='lat' dir='ltr'>perfecti,</span> <span class='ocrx_word' id='word_1_54' title='bbox 470 1201 607 1253; x_wconf 82' lang='lat' dir='ltr'>sicut</span> <span class='ocrx_word' id='word_1_55' title='bbox 634 1209 686 1251; x_wconf 85' lang='lat' dir='ltr'>et</span> <span class='ocrx_word' id='word_1_56' title='bbox 715 1202 894 1252; x_wconf 82' lang='lat' dir='ltr'>Pater</span> <span class='ocrx_word' id='word_1_57' title='bbox 912 1208 1085 1252; x_wconf 77' lang='lat' dir='ltr'>vester</span> <span class='ocrx_word' id='word_1_58' title='bbox 1110 1214 1191 1252; x_wconf 88' lang='lat' dir='ltr'>coe</span> <span class='ocrx_word' id='word_1_59' title='bbox 1201 1200 1274 1250; x_wconf 89' lang='lat' dir='ltr'>le·</span> 
     </span>
     <span class='ocr_line' id='line_1_13' title="bbox 191 1273 1272 1339; baseline -0.002 -16"><span class='ocrx_word' id='word_1_60' title='bbox 191 1274 298 1323; x_wconf 79' lang='lat' dir='ltr'>stis</span> <span class='ocrx_word' id='word_1_61' title='bbox 312 1273 589 1339; x_wconf 80' lang='lat' dir='ltr'>perfectus</span> <span class='ocrx_word' id='word_1_62' title='bbox 616 1278 714 1336; x_wconf 84' lang='lat' dir='ltr'>est,</span> <span class='ocrx_word' id='word_1_63' title='bbox 745 1287 868 1338; x_wconf 84' lang='lat' dir='ltr'>quae</span> <span class='ocrx_word' id='word_1_64' title='bbox 895 1282 977 1323; x_wconf 89' lang='lat' dir='ltr'>est</span> <span class='ocrx_word' id='word_1_65' title='bbox 1003 1273 1088 1322; x_wconf 83' lang='lat' dir='ltr'>lex</span> <span class='ocrx_word' id='word_1_66' title='bbox 1114 1286 1272 1322; x_wconf 87' lang='lat' dir='ltr'>amo-</span> 
     </span>
     <span class='ocr_line' id='line_1_14' title="bbox 194 1342 1271 1407; baseline -0.001 -16"><span class='ocrx_word' id='word_1_67' title='bbox 194 1342 272 1392; x_wconf 85' lang='lat' dir='ltr'>ris</span> <span class='ocrx_word' id='word_1_68' title='bbox 308 1342 693 1402; x_wconf 90' lang='lat' dir='ltr'>conservando,</span> <span class='ocrx_word' id='word_1_69' title='bbox 720 1352 783 1392; x_wconf 91' lang='lat' dir='ltr'>ut</span> <span class='ocrx_word' id='word_1_70' title='bbox 816 1342 1073 1407; x_wconf 81' lang='lat' dir='ltr'>quaeratis</span> <span class='ocrx_word' id='word_1_71' title='bbox 1109 1342 1271 1392; x_wconf 90' lang='lat' dir='ltr'>etiam</span> 
     </span>
     <span class='ocr_line' id='line_1_15' title="bbox 191 1412 1275 1478; baseline -0.002 -14"><span class='ocrx_word' id='word_1_72' title='bbox 191 1413 434 1464; x_wconf 88' lang='lat' dir='ltr'>inimicis</span> <span class='ocrx_word' id='word_1_73' title='bbox 454 1412 731 1478; x_wconf 88' lang='lat' dir='ltr'>prodesse;</span> <span class='ocrx_word' id='word_1_74' title='bbox 751 1414 897 1478; x_wconf 91' lang='lat' dir='ltr'>quod</span> <span class='ocrx_word' id='word_1_75' title='bbox 914 1414 1086 1463; x_wconf 91' lang='lat' dir='ltr'>Deum</span> <span class='ocrx_word' id='word_1_76' title='bbox 1106 1413 1275 1464; x_wconf 89' lang='lat' dir='ltr'>facere</span> 
     </span>
     <span class='ocr_line' id='line_1_16' title="bbox 193 1482 1275 1550; baseline 0 -16"><span class='ocrx_word' id='word_1_77' title='bbox 193 1482 550 1534; x_wconf 86' lang='lat' dir='ltr'>manifestum</span> <span class='ocrx_word' id='word_1_78' title='bbox 575 1493 656 1534; x_wconf 91' lang='lat' dir='ltr'>est</span> <span class='ocrx_word' id='word_1_79' title='bbox 674 1522 688 1544; x_wconf 92' lang='lat'>,</span> <span class='ocrx_word' id='word_1_80' title='bbox 715 1483 809 1550; x_wconf 90' lang='lat' dir='ltr'>qui</span> <span class='ocrx_word' id='word_1_81' title='bbox 834 1483 1084 1534; x_wconf 89' lang='lat' dir='ltr'>beneficia</span> <span class='ocrx_word' id='word_1_82' title='bbox 1105 1484 1275 1550; x_wconf 88' lang='lat' dir='ltr'>largi-</span> 
     </span>
     <span class='ocr_line' id='line_1_17' title="bbox 191 1555 1275 1622; baseline 0 -15"><span class='ocrx_word' id='word_1_83' title='bbox 191 1567 284 1607; x_wconf 87' lang='lat' dir='ltr'>tur</span> <span class='ocrx_word' id='word_1_84' title='bbox 341 1557 503 1607; x_wconf 90' lang='lat' dir='ltr'>etiam</span> <span class='ocrx_word' id='word_1_85' title='bbox 564 1555 722 1607; x_wconf 91' lang='lat' dir='ltr'>malis</span> <span class='ocrx_word' id='word_1_86' title='bbox 799 1556 1149 1622; x_wconf 81' lang='lat' dir='ltr'>hominibus3</span> <span class='ocrx_word' id='word_1_87' title='bbox 1196 1557 1275 1607; x_wconf 88' lang='lat' dir='ltr'>sic</span> 
     </span>
     <span class='ocr_line' id='line_1_18' title="bbox 192 1630 1271 1697; baseline 0.001 -17"><span class='ocrx_word' id='word_1_88' title='bbox 192 1630 343 1697; x_wconf 91' lang='lat' dir='ltr'>quod</span> <span class='ocrx_word' id='word_1_89' title='bbox 384 1640 601 1697; x_wconf 91' lang='lat' dir='ltr'>propter</span> <span class='ocrx_word' id='word_1_90' title='bbox 626 1645 814 1681; x_wconf 89' lang='lat' dir='ltr'>eorum</span> <span class='ocrx_word' id='word_1_91' title='bbox 840 1630 1134 1691; x_wconf 87' lang='lat' dir='ltr'>malitiam,</span> <span class='ocrx_word' id='word_1_92' title='bbox 1163 1646 1271 1681; x_wconf 90' lang='lat' dir='ltr'>non</span> 
     </span>
     <span class='ocr_line' id='line_1_19' title="bbox 191 1700 1276 1767; baseline 0 -16"><span class='ocrx_word' id='word_1_93' title='bbox 191 1701 397 1752; x_wconf 89' lang='lat' dir='ltr'>deserit</span> <span class='ocrx_word' id='word_1_94' title='bbox 427 1701 832 1752; x_wconf 87' lang='lat' dir='ltr'>beneficentiam</span> <span class='ocrx_word' id='word_1_95' title='bbox 852 1700 988 1752; x_wconf 87' lang='lat' dir='ltr'>circa</span> <span class='ocrx_word' id='word_1_96' title='bbox 1007 1701 1175 1767; x_wconf 90' lang='lat' dir='ltr'>ipsos,</span> <span class='ocrx_word' id='word_1_97' title='bbox 1201 1701 1276 1751; x_wconf 83' lang='lat' dir='ltr'>ita</span> 
     </span>
     <span class='ocr_line' id='line_1_20' title="bbox 190 1771 1275 1834; baseline 0.001 -12"><span class='ocrx_word' id='word_1_98' title='bbox 190 1786 290 1822; x_wconf 88' lang='lat' dir='ltr'>nec</span> <span class='ocrx_word' id='word_1_99' title='bbox 338 1787 434 1822; x_wconf 80' lang='lat' dir='ltr'>vos</span> <span class='ocrx_word' id='word_1_100' title='bbox 481 1772 617 1822; x_wconf 89' lang='lat' dir='ltr'>circa</span> <span class='ocrx_word' id='word_1_101' title='bbox 676 1771 946 1822; x_wconf 76' lang='lat' dir='ltr'>inimicos·</span> <span class='ocrx_word' id='word_1_102' title='bbox 993 1773 1151 1834; x_wconf 90' lang='lat' dir='ltr'>Nam,</span> <span class='ocrx_word' id='word_1_103' title='bbox 1184 1787 1275 1823; x_wconf 87' lang='lat' dir='ltr'>se-</span> 
     </span>
     <span class='ocr_line' id='line_1_21' title="bbox 190 1839 1274 1910; baseline -0.004 -17"><span class='ocrx_word' id='word_1_104' title='bbox 190 1842 432 1893; x_wconf 83' lang='lat' dir='ltr'>cundum</span> <span class='ocrx_word' id='word_1_105' title='bbox 465 1842 928 1910; x_wconf 78' lang='lat' dir='ltr'>Chrysostomum,</span> <span class='ocrx_word' id='word_1_106' title='bbox 984 1842 1124 1893; x_wconf 83' lang='lat' dir='ltr'>sicut</span> <span class='ocrx_word' id='word_1_107' title='bbox 1175 1839 1274 1892; x_wconf 89' lang='lat' dir='ltr'>filii</span> 
     </span>
     <span class='ocr_line' id='line_1_22' title="bbox 188 1912 1274 1980; baseline -0.001 -16"><span class='ocrx_word' id='word_1_108' title='bbox 188 1913 428 1964; x_wconf 87' lang='lat' dir='ltr'>carnales</span> <span class='ocrx_word' id='word_1_109' title='bbox 494 1913 820 1966; x_wconf 74' lang='lat' dir='ltr'>similantun·</span> <span class='ocrx_word' id='word_1_110' title='bbox 871 1914 1149 1980; x_wconf 88' lang='lat' dir='ltr'>patribus,</span> <span class='ocrx_word' id='word_1_111' title='bbox 1216 1912 1274 1963; x_wconf 88' lang='lat' dir='ltr'>in</span> 
     </span>
     <span class='ocr_line' id='line_1_23' title="bbox 192 1984 1273 2051; baseline -0.001 -16"><span class='ocrx_word' id='word_1_112' title='bbox 192 1985 381 2051; x_wconf 88' lang='lat' dir='ltr'>aliquo</span> <span class='ocrx_word' id='word_1_113' title='bbox 404 1984 644 2049; x_wconf 88' lang='lat' dir='ltr'>corporis</span> <span class='ocrx_word' id='word_1_114' title='bbox 680 1984 837 2051; x_wconf 86' lang='lat' dir='ltr'>signo</span> <span class='ocrx_word' id='word_1_115' title='bbox 857 2024 871 2045; x_wconf 92' lang='lat'>,</span> <span class='ocrx_word' id='word_1_116' title='bbox 902 1984 977 2035; x_wconf 89' lang='lat' dir='ltr'>ita</span> <span class='ocrx_word' id='word_1_117' title='bbox 1019 1984 1119 2034; x_wconf 90' lang='lat' dir='ltr'>filii</span> <span class='ocrx_word' id='word_1_118' title='bbox 1157 1984 1273 2051; x_wconf 92' lang='lat' dir='ltr'>spi-</span> 
     </span>
     <span class='ocr_line' id='line_1_24' title="bbox 191 2057 1274 2122; baseline -0.001 -14"><span class='ocrx_word' id='word_1_119' title='bbox 191 2057 434 2119; x_wconf 78' lang='lat' dir='ltr'>ritualeS,</span> <span class='ocrx_word' id='word_1_120' title='bbox 463 2058 576 2108; x_wconf 90' lang='lat' dir='ltr'>Deo</span> <span class='ocrx_word' id='word_1_121' title='bbox 605 2057 663 2107; x_wconf 92' lang='lat' dir='ltr'>in</span> <span class='ocrx_word' id='word_1_122' title='bbox 696 2057 1007 2122; x_wconf 88' lang='lat' dir='ltr'>sanctitate;</span> <span class='ocrx_word' id='word_1_123' title='bbox 1048 2066 1101 2108; x_wconf 90' lang='lat' dir='ltr'>et</span> <span class='ocrx_word' id='word_1_124' title='bbox 1135 2058 1274 2107; x_wconf 80' lang='lat' dir='ltr'>nihil</span> 
     </span>
     <span class='ocr_line' id='line_1_25' title="bbox 189 2128 1275 2193; baseline 0 -15"><span class='ocrx_word' id='word_1_125' title='bbox 189 2144 291 2179; x_wconf 88' lang='lat' dir='ltr'>nos</span> <span class='ocrx_word' id='word_1_126' title='bbox 335 2130 446 2179; x_wconf 92' lang='lat' dir='ltr'>Deo</span> <span class='ocrx_word' id='word_1_127' title='bbox 473 2128 548 2179; x_wconf 90' lang='lat' dir='ltr'>ita</span> <span class='ocrx_word' id='word_1_128' title='bbox 583 2129 864 2191; x_wconf 86' lang='lat' dir='ltr'>assimilat,</span> <span class='ocrx_word' id='word_1_129' title='bbox 903 2129 1042 2179; x_wconf 89' lang='lat' dir='ltr'>sicut</span> <span class='ocrx_word' id='word_1_130' title='bbox 1077 2128 1275 2193; x_wconf 84' lang='lat' dir='ltr'>injusta</span> 
     </span>
     <span class='ocr_line' id='line_1_26' title="bbox 192 2202 1273 2272; baseline 0 -17"><span class='ocrx_word' id='word_1_131' title='bbox 192 2202 512 2256; x_wconf 80' lang='lat' dir='ltr'>facientibus</span> <span class='ocrx_word' id='word_1_132' title='bbox 567 2203 872 2270; x_wconf 84' lang='lat' dir='ltr'>ignoscere,</span> <span class='ocrx_word' id='word_1_133' title='bbox 933 2212 987 2255; x_wconf 91' lang='lat' dir='ltr'>et</span> <span class='ocrx_word' id='word_1_134' title='bbox 1045 2218 1142 2272; x_wconf 91' lang='lat' dir='ltr'>pro</span> <span class='ocrx_word' id='word_1_135' title='bbox 1194 2203 1273 2256; x_wconf 88' lang='lat' dir='ltr'>eis</span> 
     </span>
     <span class='ocr_line' id='line_1_27' title="bbox 149 2271 530 2341; baseline -0.003 -15"><span class='ocrx_word' id='word_1_136' title='bbox 149 2314 172 2341; x_wconf 63' lang='lat' dir='ltr'>a</span> <span class='ocrx_word' id='word_1_137' title='bbox 196 2289 368 2326; x_wconf 79' lang='lat' dir='ltr'>orare.</span> <span class='ocrx_word' id='word_1_138' title='bbox 526 2271 530 2277; x_wconf 72' lang='grc'><strong>“</strong></span> 
     </span>
    </p>

    <p class='ocr_par' dir='ltr' id='par_1_3' title="bbox 187 2345 1276 3412">
     <span class='ocr_line' id='line_1_28' title="bbox 263 2345 1276 2412; baseline 0.002 -17"><span class='ocrx_word' id='word_1_139' title='bbox 263 2361 283 2395; x_wconf 88' lang='lat'>1</span> <span class='ocrx_word' id='word_1_140' title='bbox 301 2361 320 2395; x_wconf 92' lang='lat'>1</span> <span class='ocrx_word' id='word_1_141' title='bbox 342 2345 655 2396; x_wconf 69' lang='lat' dir='ltr'>Caius-rum</span> <span class='ocrx_word' id='word_1_142' title='bbox 677 2362 733 2397; x_wconf 78' lang='lat' dir='ltr'>m</span> <span class='ocrx_word' id='word_1_143' title='bbox 762 2362 1075 2412; x_wconf 68' lang='lat' dir='ltr'>mmcrrour:</span> <span class='ocrx_word' id='word_1_144' title='bbox 1099 2362 1276 2398; x_wconf 71' lang='lat' dir='ltr'>rusm-</span> 
     </span>
     <span class='ocr_line' id='line_1_29' title="bbox 190 2432 1270 2468; baseline 0.001 -1"><span class='ocrx_word' id='word_1_145' title='bbox 190 2432 342 2467; x_wconf 71' lang='lat' dir='ltr'>cAms</span> <span class='ocrx_word' id='word_1_146' title='bbox 376 2432 444 2466; x_wconf 73' lang='grc' dir='ltr'>ετ</span> <span class='ocrx_word' id='word_1_147' title='bbox 471 2432 712 2467; x_wconf 70' lang='lat' dir='ltr'>mamers</span> <span class='ocrx_word' id='word_1_148' title='bbox 737 2432 1018 2468; x_wconf 72' lang='lat' dir='ltr'>PRAESTARE</span> <span class='ocrx_word' id='word_1_149' title='bbox 1046 2434 1270 2468; x_wconf 69' lang='lat' dir='ltr'>nmen-r.</span> 
     </span>
     <span class='ocr_line' id='line_1_30' title="bbox 189 2487 1272 2555; baseline 0.002 -18"><span class='ocrx_word' id='word_1_150' title='bbox 189 2514 255 2525; x_wconf 93' lang='lat'><em>—</em></span> <span class='ocrx_word' id='word_1_151' title='bbox 289 2488 356 2537; x_wconf 91' lang='lat' dir='ltr'>Et</span> <span class='ocrx_word' id='word_1_152' title='bbox 396 2487 575 2553; x_wconf 89' lang='lat' dir='ltr'>arguit</span> <span class='ocrx_word' id='word_1_153' title='bbox 611 2488 713 2537; x_wconf 89' lang='lat' dir='ltr'>hoc</span> <span class='ocrx_word' id='word_1_154' title='bbox 750 2490 995 2554; x_wconf 84' lang='lat' dir='ltr'>exemplo</span> <span class='ocrx_word' id='word_1_155' title='bbox 1026 2488 1272 2555; x_wconf 89' lang='lat' dir='ltr'>publica-</span> 
     </span>
     <span class='ocr_line' id='line_1_31' title="bbox 189 2559 1272 2627; baseline 0.002 -19"><span class='ocrx_word' id='word_1_156' title='bbox 189 2574 389 2609; x_wconf 87' lang='lat' dir='ltr'>norum</span> <span class='ocrx_word' id='word_1_157' title='bbox 418 2569 471 2609; x_wconf 87' lang='lat' dir='ltr'>et</span> <span class='ocrx_word' id='word_1_158' title='bbox 497 2559 820 2621; x_wconf 87' lang='lat' dir='ltr'>infidelium,</span> <span class='ocrx_word' id='word_1_159' title='bbox 850 2561 944 2627; x_wconf 93' lang='lat' dir='ltr'>qui</span> <span class='ocrx_word' id='word_1_160' title='bbox 980 2577 1107 2612; x_wconf 90' lang='lat' dir='ltr'>suos</span> <span class='ocrx_word' id='word_1_161' title='bbox 1130 2560 1272 2611; x_wconf 89' lang='lat' dir='ltr'>ami-</span> 
     </span>
     <span class='ocr_line' id='line_1_32' title="bbox 188 2628 1269 2693; baseline 0.002 -15"><span class='ocrx_word' id='word_1_162' title='bbox 188 2643 282 2678; x_wconf 77' lang='lat' dir='ltr'>eos</span> <span class='ocrx_word' id='word_1_163' title='bbox 323 2628 558 2693; x_wconf 90' lang='lat' dir='ltr'>diligunt</span> <span class='ocrx_word' id='word_1_164' title='bbox 607 2638 661 2679; x_wconf 92' lang='lat' dir='ltr'>et</span> <span class='ocrx_word' id='word_1_165' title='bbox 704 2629 783 2680; x_wconf 90' lang='lat' dir='ltr'>eis</span> <span class='ocrx_word' id='word_1_166' title='bbox 825 2630 1179 2681; x_wconf 89' lang='lat' dir='ltr'>benefaciunt.</span> <span class='ocrx_word' id='word_1_167' title='bbox 1213 2631 1269 2681; x_wconf 89' lang='lat' dir='ltr'>Si</span> 
     </span>
     <span class='ocr_line' id='line_1_33' title="bbox 187 2702 1272 2768; baseline 0.004 -18"><span class='ocrx_word' id='word_1_168' title='bbox 187 2715 318 2767; x_wconf 75' lang='lat' dir='ltr'>ergo</span> <span class='ocrx_word' id='word_1_169' title='bbox 358 2716 519 2766; x_wconf 90' lang='lat' dir='ltr'>supra</span> <span class='ocrx_word' id='word_1_170' title='bbox 564 2702 712 2768; x_wconf 92' lang='lat' dir='ltr'>ipsos</span> <span class='ocrx_word' id='word_1_171' title='bbox 756 2705 1054 2754; x_wconf 86' lang='lat' dir='ltr'>mercedem</span> <span class='ocrx_word' id='word_1_172' title='bbox 1096 2703 1272 2754; x_wconf 87' lang='lat' dir='ltr'>beati-</span> 
     </span>
     <span class='ocr_line' id='line_1_34' title="bbox 188 2773 1271 2838; baseline 0.006 -16"><span class='ocrx_word' id='word_1_173' title='bbox 188 2773 395 2824; x_wconf 89' lang='lat' dir='ltr'>tudinis</span> <span class='ocrx_word' id='word_1_174' title='bbox 445 2776 700 2826; x_wconf 85' lang='lat' dir='ltr'>volumus</span> <span class='ocrx_word' id='word_1_175' title='bbox 745 2777 961 2838; x_wconf 89' lang='lat' dir='ltr'>habere,</span> <span class='ocrx_word' id='word_1_176' title='bbox 1012 2778 1271 2828; x_wconf 89' lang='lat' dir='ltr'>debemus</span> 
     </span>
     <span class='ocr_line' id='line_1_35' title="bbox 191 2844 1271 2911; baseline 0.005 -18"><span class='ocrx_word' id='word_1_177' title='bbox 191 2844 318 2910; x_wconf 89' lang='lat' dir='ltr'>plus</span> <span class='ocrx_word' id='word_1_178' title='bbox 346 2855 563 2911; x_wconf 89' lang='lat' dir='ltr'>propter</span> <span class='ocrx_word' id='word_1_179' title='bbox 595 2847 769 2897; x_wconf 91' lang='lat' dir='ltr'>Deum</span> <span class='ocrx_word' id='word_1_180' title='bbox 800 2847 989 2908; x_wconf 86' lang='lat' dir='ltr'>facere,</span> <span class='ocrx_word' id='word_1_181' title='bbox 1022 2848 1271 2898; x_wconf 89' lang='lat' dir='ltr'>dilectio-</span> 
     </span>
     <span class='ocr_line' id='line_1_36' title="bbox 194 2917 1267 2977; baseline 0.004 -12"><span class='ocrx_word' id='word_1_182' title='bbox 194 2930 332 2965; x_wconf 88' lang='lat' dir='ltr'>nem·</span> <span class='ocrx_word' id='word_1_183' title='bbox 351 2917 514 2966; x_wconf 87' lang='lat' dir='ltr'>etiam</span> <span class='ocrx_word' id='word_1_184' title='bbox 543 2918 609 2967; x_wconf 88' lang='lat' dir='ltr'>ad</span> <span class='ocrx_word' id='word_1_185' title='bbox 640 2917 892 2967; x_wconf 87' lang='lat' dir='ltr'>inimicos</span> <span class='ocrx_word' id='word_1_186' title='bbox 915 2918 1267 2977; x_wconf 77' lang='lat' dir='ltr'>extendendo,</span> 
     </span>
     <span class='ocr_line' id='line_1_37' title="bbox 195 2986 1267 3059; baseline 0.004 -23"><span class='ocrx_word' id='word_1_187' title='bbox 195 2986 266 3037; x_wconf 89' lang='lat' dir='ltr'>Si</span> <span class='ocrx_word' id='word_1_188' title='bbox 306 2987 442 3059; x_wconf 73' lang='lat' dir='ltr'>enirn</span> <span class='ocrx_word' id='word_1_189' title='bbox 491 2988 757 3054; x_wconf 79' lang='lat' dir='ltr'>diligitis,</span> <span class='ocrx_word' id='word_1_190' title='bbox 808 2988 1009 3055; x_wconf 90' lang='lat' dir='ltr'>inquit,</span> <span class='ocrx_word' id='word_1_191' title='bbox 1064 2996 1267 3040; x_wconf 84' lang='lat' dir='ltr'>tantum</span> 
     </span>
     <span class='ocr_line' id='line_1_38' title="bbox 191 3061 1269 3128; baseline 0.004 -18"><span class='ocrx_word' id='word_1_192' title='bbox 191 3074 287 3111; x_wconf 81' lang='lat' dir='ltr'>eos</span> <span class='ocrx_word' id='word_1_193' title='bbox 320 3061 414 3127; x_wconf 83' lang='lat' dir='ltr'>qui</span> <span class='ocrx_word' id='word_1_194' title='bbox 438 3077 533 3113; x_wconf 82' lang='lat' dir='ltr'>vos</span> <span class='ocrx_word' id='word_1_195' title='bbox 572 3062 811 3128; x_wconf 81' lang='lat' dir='ltr'>diligunt</span> <span class='ocrx_word' id='word_1_196' title='bbox 825 3079 847 3125; x_wconf 89' lang='lat'><em>;</em></span> <span class='ocrx_word' id='word_1_197' title='bbox 876 3077 1033 3128; x_wconf 82' lang='lat' dir='ltr'>quam</span> <span class='ocrx_word' id='word_1_198' title='bbox 1063 3077 1269 3114; x_wconf 87' lang='lat' dir='ltr'>merce-</span> 
     </span>
     <span class='ocr_line' id='line_1_39' title="bbox 192 3131 1267 3196; baseline 0.005 -16"><span class='ocrx_word' id='word_1_199' title='bbox 192 3131 313 3181; x_wconf 85' lang='lat' dir='ltr'>dem</span> <span class='ocrx_word' id='word_1_200' title='bbox 351 3131 628 3196; x_wconf 78' lang='lat' dir='ltr'>habebitis,</span> <span class='ocrx_word' id='word_1_201' title='bbox 658 3133 759 3183; x_wconf 90' lang='lat' dir='ltr'>hac</span> <span class='ocrx_word' id='word_1_202' title='bbox 788 3133 994 3184; x_wconf 90' lang='lat' dir='ltr'>scilicet</span> <span class='ocrx_word' id='word_1_203' title='bbox 1020 3134 1087 3184; x_wconf 93' lang='lat' dir='ltr'>de</span> <span class='ocrx_word' id='word_1_204' title='bbox 1111 3149 1267 3185; x_wconf 90' lang='lat' dir='ltr'>causa</span> 
     </span>
     <span class='ocr_line' id='line_1_40' title="bbox 193 3203 1267 3265; baseline 0.004 -13"><span class='ocrx_word' id='word_1_205' title='bbox 193 3216 227 3252; x_wconf 92' lang='lat' dir='ltr'>a</span> <span class='ocrx_word' id='word_1_206' title='bbox 257 3203 369 3253; x_wconf 91' lang='lat' dir='ltr'>Deo</span> <span class='ocrx_word' id='word_1_207' title='bbox 398 3203 456 3253; x_wconf 93' lang='lat' dir='ltr'>in</span> <span class='ocrx_word' id='word_1_208' title='bbox 495 3213 695 3256; x_wconf 82' lang='lat' dir='ltr'>aeterna</span> <span class='ocrx_word' id='word_1_209' title='bbox 730 3205 878 3256; x_wconf 82' lang='lat' dir='ltr'>vita?</span> <span class='ocrx_word' id='word_1_210' title='bbox 913 3205 1079 3265; x_wconf 90' lang='lat' dir='ltr'>Quasi</span> <span class='ocrx_word' id='word_1_211' title='bbox 1118 3206 1267 3256; x_wconf 89' lang='lat' dir='ltr'>dice-</span> 
     </span>
     <span class='ocr_line' id='line_1_41' title="bbox 189 3273 1266 3342; baseline 0.005 -21"><span class='ocrx_word' id='word_1_212' title='bbox 189 3282 272 3322; x_wconf 87' lang='lat' dir='ltr'>ret</span> <span class='ocrx_word' id='word_1_213' title='bbox 301 3289 315 3322; x_wconf 73' lang='grc' dir='ltr'>ε</span> <span class='ocrx_word' id='word_1_214' title='bbox 351 3273 587 3326; x_wconf 90' lang='lat' dir='ltr'>Nullam.</span> <span class='ocrx_word' id='word_1_215' title='bbox 621 3277 701 3327; x_wconf 92' lang='lat' dir='ltr'>De</span> <span class='ocrx_word' id='word_1_216' title='bbox 731 3276 819 3328; x_wconf 89' lang='lat' dir='ltr'>his</span> <span class='ocrx_word' id='word_1_217' title='bbox 847 3276 996 3327; x_wconf 89' lang='lat' dir='ltr'>enim</span> <span class='ocrx_word' id='word_1_218' title='bbox 1024 3276 1129 3326; x_wconf 90' lang='lat' dir='ltr'>dici</span> <span class='ocrx_word' id='word_1_219' title='bbox 1165 3293 1266 3342; x_wconf 92' lang='lat' dir='ltr'>po·-</span> 
     </span>
     <span class='ocr_line' id='line_1_42' title="bbox 187 3345 1262 3412; baseline 0.005 -20"><span class='ocrx_word' id='word_1_220' title='bbox 187 3351 295 3393; x_wconf 90' lang='lat' dir='ltr'>test</span> <span class='ocrx_word' id='word_1_221' title='bbox 331 3361 346 3394; x_wconf 79' lang='lat' dir='ltr'><strong><em>z</em></strong></span> <span class='ocrx_word' id='word_1_222' title='bbox 383 3345 717 3412; x_wconf 82' lang='lat' dir='ltr'>Receperunt</span> <span class='ocrx_word' id='word_1_223' title='bbox 758 3347 1050 3399; x_wconf 83' lang='lat' dir='ltr'>mercedem</span> <span class='ocrx_word' id='word_1_224' title='bbox 1090 3362 1262 3397; x_wconf 80' lang='lat' dir='ltr'>suam.</span> 
     </span>
    </p>
   </div>
   <div class='ocr_carea' id='block_1_3' title="bbox 182 3414 1292 3482">
    <p class='ocr_par' dir='ltr' id='par_1_4' title="bbox 182 3414 1292 3482">
     <span class='ocr_line' id='line_1_43' title="bbox 182 3414 1292 3482; baseline 0.003 -17"><span class='ocrx_word' id='word_1_225' title='bbox 182 3414 335 3465; x_wconf 88' lang='lat' dir='ltr'>Talis</span> <span class='ocrx_word' id='word_1_226' title='bbox 376 3430 609 3482; x_wconf 89' lang='lat' dir='ltr'>namque</span> <span class='ocrx_word' id='word_1_227' title='bbox 655 3417 871 3469; x_wconf 89' lang='lat' dir='ltr'>dilectio</span> <span class='ocrx_word' id='word_1_228' title='bbox 916 3427 998 3468; x_wconf 91' lang='lat' dir='ltr'>est</span> <span class='ocrx_word' id='word_1_229' title='bbox 1045 3428 1292 3468; x_wconf 82' lang='lat' dir='ltr'>natura--</span> 
     </span>
    </p>
   </div>
   <div class='ocr_carea' id='block_1_4' title="bbox 181 3485 1269 4048">
    <p class='ocr_par' dir='ltr' id='par_1_5' title="bbox 181 3485 1269 4048">
     <span class='ocr_line' id='line_1_44' title="bbox 183 3485 1262 3555; baseline 0.005 -20"><span class='ocrx_word' id='word_1_230' title='bbox 183 3485 272 3546; x_wconf 83' lang='lat' dir='ltr'>lis,</span> <span class='ocrx_word' id='word_1_231' title='bbox 328 3496 383 3537; x_wconf 93' lang='lat' dir='ltr'>et</span> <span class='ocrx_word' id='word_1_232' title='bbox 435 3503 548 3538; x_wconf 90' lang='lat' dir='ltr'>non</span> <span class='ocrx_word' id='word_1_233' title='bbox 600 3490 839 3555; x_wconf 88' lang='lat' dir='ltr'>procedit</span> <span class='ocrx_word' id='word_1_234' title='bbox 887 3489 954 3540; x_wconf 93' lang='lat' dir='ltr'>de</span> <span class='ocrx_word' id='word_1_235' title='bbox 985 3489 1262 3550; x_wconf 87' lang='lat' dir='ltr'>charitate,</span> 
     </span>
     <span class='ocr_line' id='line_1_45' title="bbox 183 3561 1269 3633; baseline 0.001 -23"><span class='ocrx_word' id='word_1_236' title='bbox 183 3574 309 3626; x_wconf 85' lang='lat' dir='ltr'>quae</span> <span class='ocrx_word' id='word_1_237' title='bbox 358 3576 417 3611; x_wconf 88' lang='lat' dir='ltr'>se</span> <span class='ocrx_word' id='word_1_238' title='bbox 464 3561 703 3612; x_wconf 86' lang='lat' dir='ltr'>extendit</span> <span class='ocrx_word' id='word_1_239' title='bbox 737 3563 804 3612; x_wconf 89' lang='lat' dir='ltr'>ad</span> <span class='ocrx_word' id='word_1_240' title='bbox 845 3578 1037 3613; x_wconf 92' lang='lat' dir='ltr'>omnes</span> <span class='ocrx_word' id='word_1_241' title='bbox 1076 3562 1269 3633; x_wconf 21' lang='lat' dir='ltr'>homi-⁶</span> 
     </span>
     <span class='ocr_line' id='line_1_46' title="bbox 185 3634 1261 3693; baseline 0.002 -11"><span class='ocrx_word' id='word_1_242' title='bbox 185 3647 301 3692; x_wconf 89' lang='lat' dir='ltr'>nes,</span> <span class='ocrx_word' id='word_1_243' title='bbox 340 3643 393 3683; x_wconf 91' lang='lat' dir='ltr'>et</span> <span class='ocrx_word' id='word_1_244' title='bbox 422 3634 543 3684; x_wconf 90' lang='lat' dir='ltr'>ideo</span> <span class='ocrx_word' id='word_1_245' title='bbox 581 3650 691 3684; x_wconf 87' lang='lat' dir='ltr'>non</span> <span class='ocrx_word' id='word_1_246' title='bbox 721 3643 803 3684; x_wconf 92' lang='lat' dir='ltr'>est</span> <span class='ocrx_word' id='word_1_247' title='bbox 830 3634 1121 3684; x_wconf 90' lang='lat' dir='ltr'>meritoria.</span> <span class='ocrx_word' id='word_1_248' title='bbox 1158 3634 1261 3693; x_wconf 84' lang='lat' dir='ltr'>Sed</span> 
     </span>
     <span class='ocr_line' id='line_1_47' title="bbox 181 3702 1259 3770; baseline 0.003 -18"><span class='ocrx_word' id='word_1_249' title='bbox 181 3711 364 3753; x_wconf 86' lang='lat' dir='ltr'>tamen</span> <span class='ocrx_word' id='word_1_250' title='bbox 402 3704 519 3754; x_wconf 84' lang='lat' dir='ltr'>haec</span> <span class='ocrx_word' id='word_1_251' title='bbox 559 3713 771 3770; x_wconf 89' lang='lat' dir='ltr'>oportet</span> <span class='ocrx_word' id='word_1_252' title='bbox 812 3704 1001 3764; x_wconf 90' lang='lat' dir='ltr'>facere,</span> <span class='ocrx_word' id='word_1_253' title='bbox 1046 3712 1099 3754; x_wconf 91' lang='lat' dir='ltr'>et</span> <span class='ocrx_word' id='word_1_254' title='bbox 1166 3702 1259 3755; x_wconf 92' lang='lat' dir='ltr'>illa</span> 
     </span>
     <span class='ocr_line' id='line_1_48' title="bbox 185 3774 1260 3842; baseline 0.001 -19"><span class='ocrx_word' id='word_1_255' title='bbox 185 3789 299 3824; x_wconf 90' lang='lat' dir='ltr'>non</span> <span class='ocrx_word' id='word_1_256' title='bbox 347 3774 614 3825; x_wconf 89' lang='lat' dir='ltr'>omittere.</span> <span class='ocrx_word' id='word_1_257' title='bbox 655 3775 890 3842; x_wconf 88' lang='lat' dir='ltr'>Diligere</span> <span class='ocrx_word' id='word_1_258' title='bbox 929 3774 1079 3825; x_wconf 91' lang='lat' dir='ltr'>enim</span> <span class='ocrx_word' id='word_1_259' title='bbox 1123 3775 1260 3825; x_wconf 87' lang='lat' dir='ltr'>dili-</span> 
     </span>
     <span class='ocr_line' id='line_1_49' title="bbox 185 3843 1264 3909; baseline 0.003 -19"><span class='ocrx_word' id='word_1_260' title='bbox 185 3850 374 3909; x_wconf 84' lang='lat' dir='ltr'>gentes</span> <span class='ocrx_word' id='word_1_261' title='bbox 401 3851 482 3893; x_wconf 93' lang='lat' dir='ltr'>est</span> <span class='ocrx_word' id='word_1_262' title='bbox 518 3853 750 3909; x_wconf 81' lang='lat' dir='ltr'>naturae3</span> <span class='ocrx_word' id='word_1_263' title='bbox 779 3843 1002 3909; x_wconf 90' lang='lat' dir='ltr'>diligere</span> <span class='ocrx_word' id='word_1_264' title='bbox 1043 3860 1153 3893; x_wconf 90' lang='lat' dir='ltr'>non</span> <span class='ocrx_word' id='word_1_265' title='bbox 1186 3843 1264 3892; x_wconf 91' lang='lat' dir='ltr'>di·</span> 
     </span>
     <span class='ocr_line' id='line_1_50' title="bbox 185 3911 1255 3979; baseline 0.001 -17"><span class='ocrx_word' id='word_1_266' title='bbox 185 3911 418 3977; x_wconf 88' lang='lat' dir='ltr'>ligentes</span> <span class='ocrx_word' id='word_1_267' title='bbox 467 3921 548 3962; x_wconf 89' lang='lat' dir='ltr'>est</span> <span class='ocrx_word' id='word_1_268' title='bbox 608 3913 823 3979; x_wconf 80' lang='lat' dir='ltr'>gratiae3</span> <span class='ocrx_word' id='word_1_269' title='bbox 870 3930 980 3963; x_wconf 89' lang='lat' dir='ltr'>non</span> <span class='ocrx_word' id='word_1_270' title='bbox 1028 3913 1255 3979; x_wconf 90' lang='lat' dir='ltr'>diligere</span> 
     </span>
     <span class='ocr_line' id='line_1_51' title="bbox 185 3980 1257 4048; baseline 0.004 -18"><span class='ocrx_word' id='word_1_271' title='bbox 185 3980 475 4047; x_wconf 85' lang='lat' dir='ltr'>diligentes</span> <span class='ocrx_word' id='word_1_272' title='bbox 528 3992 608 4032; x_wconf 89' lang='lat' dir='ltr'>est</span> <span class='ocrx_word' id='word_1_273' title='bbox 665 3982 1024 4048; x_wconf 86' lang='lat' dir='ltr'>perversitatis</span> <span class='ocrx_word' id='word_1_274' title='bbox 1079 3984 1257 4034; x_wconf 87' lang='lat' dir='ltr'>maxi-</span> 
     </span>
    </p>
   </div>
   <div class='ocr_carea' id='block_1_5' title="bbox 2333 369 2431 435">
    <p class='ocr_par' dir='ltr' id='par_1_6' title="bbox 2333 369 2431 435">
     <span class='ocr_line' id='line_1_52' title="bbox 2333 369 2431 435; baseline 0.01 -14"><span class='ocrx_word' id='word_1_275' title='bbox 2333 369 2431 435; x_wconf 84' lang='lat'>34¹</span> 
     </span>
    </p>
   </div>
   <div class='ocr_carea' id='block_1_6' title="bbox 1365 482 2471 3982">
    <p class='ocr_par' dir='ltr' id='par_1_7' title="bbox 1365 482 2471 3982">
     <span class='ocr_line' id='line_1_53' title="bbox 1373 482 2471 551; baseline 0.004 -18"><span class='ocrx_word' id='word_1_276' title='bbox 1373 497 1508 549; x_wconf 85' lang='lat' dir='ltr'>mae;</span> <span class='ocrx_word' id='word_1_277' title='bbox 1556 499 1667 534; x_wconf 91' lang='lat' dir='ltr'>non</span> <span class='ocrx_word' id='word_1_278' title='bbox 1711 482 1936 550; x_wconf 90' lang='lat' dir='ltr'>diligere</span> <span class='ocrx_word' id='word_1_279' title='bbox 2003 499 2115 533; x_wconf 88' lang='lat' dir='ltr'>non</span> <span class='ocrx_word' id='word_1_280' title='bbox 2158 484 2471 551; x_wconf 86' lang='lat' dir='ltr'>diligentes·</span> 
     </span>
     <span class='ocr_line' id='line_1_54' title="bbox 1374 555 2446 621; baseline 0.002 -14"><span class='ocrx_word' id='word_1_281' title='bbox 1374 566 1458 607; x_wconf 86' lang='lat' dir='ltr'>est</span> <span class='ocrx_word' id='word_1_282' title='bbox 1494 555 1916 621; x_wconf 87' lang='lat' dir='ltr'>imperfectionis</span> <span class='ocrx_word' id='word_1_283' title='bbox 1955 556 2227 607; x_wconf 87' lang='lat' dir='ltr'>humanae.</span> <span class='ocrx_word' id='word_1_284' title='bbox 2275 558 2354 609; x_wconf 85' lang='lat' dir='ltr'>Et</span> <span class='ocrx_word' id='word_1_285' title='bbox 2393 560 2446 609; x_wconf 82' lang='lat' dir='ltr'>si</span> 
     </span>
     <span class='ocr_line' id='line_1_55' title="bbox 1373 626 2443 692; baseline 0.003 -16"><span class='ocrx_word' id='word_1_286' title='bbox 1373 626 1739 677; x_wconf 81' lang='lat' dir='ltr'>salutaveritis</span> <span class='ocrx_word' id='word_1_287' title='bbox 1745 627 1972 692; x_wconf 80' lang='lat' dir='ltr'>fratres</span> <span class='ocrx_word' id='word_1_288' title='bbox 1992 634 2200 678; x_wconf 81' lang='lat' dir='ltr'>vestros</span> <span class='ocrx_word' id='word_1_289' title='bbox 2221 635 2443 692; x_wconf 84' lang='lat' dir='ltr'>tantum,</span> 
     </span>
     <span class='ocr_line' id='line_1_56' title="bbox 1372 697 2447 764; baseline 0.005 -18"><span class='ocrx_word' id='word_1_290' title='bbox 1372 697 1470 764; x_wconf 92' lang='lat' dir='ltr'>qui</span> <span class='ocrx_word' id='word_1_291' title='bbox 1504 697 1682 764; x_wconf 88' lang='lat' dir='ltr'>aliqua</span> <span class='ocrx_word' id='word_1_292' title='bbox 1709 697 1968 748; x_wconf 89' lang='lat' dir='ltr'>affinitate</span> <span class='ocrx_word' id='word_1_293' title='bbox 1994 698 2162 764; x_wconf 87' lang='lat' dir='ltr'>juncti</span> <span class='ocrx_word' id='word_1_294' title='bbox 2190 709 2318 750; x_wconf 92' lang='lat' dir='ltr'>sunt</span> <span class='ocrx_word' id='word_1_295' title='bbox 2344 716 2447 752; x_wconf 86' lang='lat' dir='ltr'>vo-</span> 
     </span>
     <span class='ocr_line' id='line_1_57' title="bbox 1376 768 2445 835; baseline 0.003 -17"><span class='ocrx_word' id='word_1_296' title='bbox 1376 768 1478 828; x_wconf 88' lang='lat' dir='ltr'>bis,</span> <span class='ocrx_word' id='word_1_297' title='bbox 1509 768 1563 817; x_wconf 89' lang='lat' dir='ltr'>id</span> <span class='ocrx_word' id='word_1_298' title='bbox 1606 778 1688 819; x_wconf 92' lang='lat' dir='ltr'>est</span> <span class='ocrx_word' id='word_1_299' title='bbox 1727 769 1954 819; x_wconf 87' lang='lat' dir='ltr'>salutem</span> <span class='ocrx_word' id='word_1_300' title='bbox 1991 769 2070 819; x_wconf 90' lang='lat' dir='ltr'>eis</span> <span class='ocrx_word' id='word_1_301' title='bbox 2116 771 2445 835; x_wconf 79' lang='lat' dir='ltr'>optaveritiS,</span> 
     </span>
     <span class='ocr_line' id='line_1_58' title="bbox 1373 840 2449 893; baseline 0.003 -3"><span class='ocrx_word' id='word_1_302' title='bbox 1373 855 1434 890; x_wconf 93' lang='lat' dir='ltr'>ac</span> <span class='ocrx_word' id='word_1_303' title='bbox 1458 840 1733 890; x_wconf 85' lang='lat' dir='ltr'>charitatis</span> <span class='ocrx_word' id='word_1_304' title='bbox 1767 850 1819 891; x_wconf 93' lang='lat' dir='ltr'>et</span> <span class='ocrx_word' id='word_1_305' title='bbox 1855 840 2162 892; x_wconf 87' lang='lat' dir='ltr'>dilectionis</span> <span class='ocrx_word' id='word_1_306' title='bbox 2197 841 2449 893; x_wconf 82' lang='lat' dir='ltr'>affectum</span> 
     </span>
     <span class='ocr_line' id='line_1_59' title="bbox 1373 913 2450 980; baseline 0.002 -16"><span class='ocrx_word' id='word_1_307' title='bbox 1373 913 1454 964; x_wconf 88' lang='lat' dir='ltr'>eis</span> <span class='ocrx_word' id='word_1_308' title='bbox 1476 913 2227 980; x_wconf 77' lang='lat' dir='ltr'>ostenderitis‚quidampliu5,</span> <span class='ocrx_word' id='word_1_309' title='bbox 2247 915 2450 966; x_wconf 91' lang='lat' dir='ltr'>scilicet</span> 
     </span>
     <span class='ocr_line' id='line_1_60' title="bbox 1376 984 2449 1051; baseline 0.002 -16"><span class='ocrx_word' id='word_1_310' title='bbox 1376 994 1642 1050; x_wconf 89' lang='lat' dir='ltr'>quantum</span> <span class='ocrx_word' id='word_1_311' title='bbox 1680 984 1747 1035; x_wconf 90' lang='lat' dir='ltr'>ad</span> <span class='ocrx_word' id='word_1_312' title='bbox 1796 984 2179 1050; x_wconf 88' lang='lat' dir='ltr'>perfectionem</span> <span class='ocrx_word' id='word_1_313' title='bbox 2205 985 2449 1051; x_wconf 74' lang='lat' dir='ltr'>facitis?</span> 
     </span>
     <span class='ocr_line' id='line_1_61' title="bbox 1374 1055 2450 1123; baseline 0.003 -18"><span class='ocrx_word' id='word_1_314' title='bbox 1374 1055 1574 1106; x_wconf 91' lang='lat' dir='ltr'>Subdit</span> <span class='ocrx_word' id='word_1_315' title='bbox 1605 1064 1786 1106; x_wconf 88' lang='lat' dir='ltr'>autem</span> <span class='ocrx_word' id='word_1_316' title='bbox 1821 1072 1836 1106; x_wconf 75' lang='grc' dir='ltr'><strong><em>ε</em></strong></span> <span class='ocrx_word' id='word_1_317' title='bbox 1879 1055 1959 1106; x_wconf 87' lang='lat' dir='ltr'>Et</span> <span class='ocrx_word' id='word_1_318' title='bbox 1999 1056 2050 1106; x_wconf 85' lang='lat' dir='ltr'>si</span> <span class='ocrx_word' id='word_1_319' title='bbox 2081 1056 2450 1123; x_wconf 72' lang='lat' dir='ltr'>benefeceritis</span> 
     </span>
     <span class='ocr_line' id='line_1_62' title="bbox 1378 1126 2465 1193; baseline 0.002 -18"><span class='ocrx_word' id='word_1_320' title='bbox 1378 1131 1600 1189; x_wconf 76' lang='lat' dir='ltr'>tantum,</span> <span class='ocrx_word' id='word_1_321' title='bbox 1643 1126 1730 1177; x_wconf 79' lang='lat' dir='ltr'>his</span> <span class='ocrx_word' id='word_1_322' title='bbox 1768 1126 1861 1191; x_wconf 84' lang='lat' dir='ltr'>qui</span> <span class='ocrx_word' id='word_1_323' title='bbox 1894 1126 2045 1184; x_wconf 73' lang='lat' dir='ltr'>vobis</span> <span class='ocrx_word' id='word_1_324' title='bbox 2082 1126 2465 1193; x_wconf 82' lang='lat' dir='ltr'>benefaciunt,-</span> 
     </span>
     <span class='ocr_line' id='line_1_63' title="bbox 1376 1199 2448 1268; baseline 0.003 -19"><span class='ocrx_word' id='word_1_325' title='bbox 1376 1200 1524 1266; x_wconf 83' lang='lat' dir='ltr'>quod</span> <span class='ocrx_word' id='word_1_326' title='bbox 1551 1209 1634 1250; x_wconf 93' lang='lat' dir='ltr'>est</span> <span class='ocrx_word' id='word_1_327' title='bbox 1655 1199 1824 1250; x_wconf 90' lang='lat' dir='ltr'>debiti</span> <span class='ocrx_word' id='word_1_328' title='bbox 1849 1201 2126 1262; x_wconf 87' lang='lat' dir='ltr'>naturalis,</span> <span class='ocrx_word' id='word_1_329' title='bbox 2149 1216 2213 1251; x_wconf 80' lang='lat' dir='ltr'>ex</span> <span class='ocrx_word' id='word_1_330' title='bbox 2236 1210 2448 1268; x_wconf 79' lang='lat' dir='ltr'>accepto</span> 
     </span>
     <span class='ocr_line' id='line_1_64' title="bbox 1378 1271 2450 1340; baseline 0.002 -17"><span class='ocrx_word' id='word_1_331' title='bbox 1378 1271 1638 1324; x_wconf 88' lang='lat' dir='ltr'>beneficio</span> <span class='ocrx_word' id='word_1_332' title='bbox 1677 1287 1799 1339; x_wconf 83' lang='lat' dir='ltr'>quoe</span> <span class='ocrx_word' id='word_1_333' title='bbox 1839 1274 1989 1324; x_wconf 80' lang='lat' dir='ltr'>vobis</span> <span class='ocrx_word' id='word_1_334' title='bbox 2025 1280 2107 1324; x_wconf 81' lang='lat' dir='ltr'>est</span> <span class='ocrx_word' id='word_1_335' title='bbox 2141 1274 2348 1340; x_wconf 79' lang='lat' dir='ltr'>gratia,</span> <span class='ocrx_word' id='word_1_336' title='bbox 2391 1274 2450 1325; x_wconf 90' lang='lat' dir='ltr'>id</span> 
     </span>
     <span class='ocr_line' id='line_1_65' title="bbox 1377 1345 2451 1412; baseline -0.001 -16"><span class='ocrx_word' id='word_1_337' title='bbox 1377 1355 1461 1396; x_wconf 90' lang='lat' dir='ltr'>est</span> <span class='ocrx_word' id='word_1_338' title='bbox 1527 1345 1674 1411; x_wconf 90' lang='lat' dir='ltr'>quod</span> <span class='ocrx_word' id='word_1_339' title='bbox 1734 1345 1991 1395; x_wconf 90' lang='lat' dir='ltr'>meritum</span> <span class='ocrx_word' id='word_1_340' title='bbox 2051 1345 2235 1411; x_wconf 87' lang='lat' dir='ltr'>gratiae</span> <span class='ocrx_word' id='word_1_341' title='bbox 2306 1346 2451 1412; x_wconf 91' lang='lat' dir='ltr'>apud</span> 
     </span>
     <span class='ocr_line' id='line_1_66' title="bbox 1378 1414 2448 1476; baseline 0.001 -10"><span class='ocrx_word' id='word_1_342' title='bbox 1378 1414 1588 1466; x_wconf 85' lang='lat' dir='ltr'>Deum?</span> <span class='ocrx_word' id='word_1_343' title='bbox 1647 1414 1815 1476; x_wconf 90' lang='lat' dir='ltr'>Quasi</span> <span class='ocrx_word' id='word_1_344' title='bbox 1876 1415 2074 1466; x_wconf 89' lang='lat' dir='ltr'>diceret</span> <span class='ocrx_word' id='word_1_345' title='bbox 2129 1433 2143 1466; x_wconf 89' lang='lat'>:</span> <span class='ocrx_word' id='word_1_346' title='bbox 2203 1416 2448 1467; x_wconf 88' lang='lat' dir='ltr'>Nullum.</span> 
     </span>
     <span class='ocr_line' id='line_1_67' title="bbox 1377 1486 2452 1550; baseline 0.001 -14"><span class='ocrx_word' id='word_1_347' title='bbox 1377 1487 1573 1537; x_wconf 81' lang='lat' dir='ltr'>Nonne</span> <span class='ocrx_word' id='word_1_348' title='bbox 1592 1490 1645 1535; x_wconf 87' lang='lat' dir='ltr'>et</span> <span class='ocrx_word' id='word_1_349' title='bbox 1661 1486 1949 1536; x_wconf 82' lang='lat' dir='ltr'>Publicani</span> <span class='ocrx_word' id='word_1_350' title='bbox 1968 1491 2020 1536; x_wconf 87' lang='lat' dir='ltr'>et</span> <span class='ocrx_word' id='word_1_351' title='bbox 2037 1486 2273 1550; x_wconf 84' lang='lat' dir='ltr'>Ethnici,</span> <span class='ocrx_word' id='word_1_352' title='bbox 2297 1487 2350 1536; x_wconf 94' lang='lat' dir='ltr'>id</span> <span class='ocrx_word' id='word_1_353' title='bbox 2368 1496 2452 1537; x_wconf 91' lang='lat' dir='ltr'>est</span> 
     </span>
     <span class='ocr_line' id='line_1_68' title="bbox 1378 1557 2452 1624; baseline 0.002 -17"><span class='ocrx_word' id='word_1_354' title='bbox 1378 1566 1678 1623; x_wconf 87' lang='lat' dir='ltr'>peccatores</span> <span class='ocrx_word' id='word_1_355' title='bbox 1706 1567 1759 1608; x_wconf 86' lang='lat' dir='ltr'>et</span> <span class='ocrx_word' id='word_1_356' title='bbox 1783 1557 2043 1617; x_wconf 88' lang='lat' dir='ltr'>Gentiles,</span> <span class='ocrx_word' id='word_1_357' title='bbox 2067 1558 2166 1609; x_wconf 85' lang='lat' dir='ltr'>hoc</span> <span class='ocrx_word' id='word_1_358' title='bbox 2182 1558 2452 1624; x_wconf 76' lang='lat' dir='ltr'>faciunt?</span> 
     </span>
     <span class='ocr_line' id='line_1_69' title="bbox 1382 1627 2453 1695; baseline 0.001 -17"><span class='ocrx_word' id='word_1_359' title='bbox 1382 1627 1658 1678; x_wconf 87' lang='lat' dir='ltr'>Publicani</span> <span class='ocrx_word' id='word_1_360' title='bbox 1683 1667 1697 1689; x_wconf 91' lang='lat'>,</span> <span class='ocrx_word' id='word_1_361' title='bbox 1762 1628 1858 1695; x_wconf 89' lang='lat' dir='ltr'>qui</span> <span class='ocrx_word' id='word_1_362' title='bbox 1937 1629 2150 1694; x_wconf 91' lang='lat' dir='ltr'>publica</span> <span class='ocrx_word' id='word_1_363' title='bbox 2228 1629 2453 1695; x_wconf 85' lang='lat' dir='ltr'>vectiga-</span> 
     </span>
     <span class='ocr_line' id='line_1_70' title="bbox 1378 1697 2452 1765; baseline 0.001 -17"><span class='ocrx_word' id='word_1_364' title='bbox 1378 1697 1452 1749; x_wconf 92' lang='lat' dir='ltr'>lia</span> <span class='ocrx_word' id='word_1_365' title='bbox 1475 1697 1714 1764; x_wconf 85' lang='lat' dir='ltr'>exigunt,</span> <span class='ocrx_word' id='word_1_366' title='bbox 1737 1714 1767 1749; x_wconf 98' lang='lat' dir='ltr'>a</span> <span class='ocrx_word' id='word_1_367' title='bbox 1801 1697 1992 1749; x_wconf 90' lang='lat' dir='ltr'>Publio</span> <span class='ocrx_word' id='word_1_368' title='bbox 2017 1714 2139 1765; x_wconf 90' lang='lat' dir='ltr'>rege</span> <span class='ocrx_word' id='word_1_369' title='bbox 2169 1699 2452 1749; x_wconf 88' lang='lat' dir='ltr'>Romano-</span> 
     </span>
     <span class='ocr_line' id='line_1_71' title="bbox 1379 1772 2453 1837; baseline -0.001 -17"><span class='ocrx_word' id='word_1_370' title='bbox 1379 1786 1505 1821; x_wconf 91' lang='lat' dir='ltr'>rum</span> <span class='ocrx_word' id='word_1_371' title='bbox 1531 1786 1730 1822; x_wconf 89' lang='lat' dir='ltr'>nomen</span> <span class='ocrx_word' id='word_1_372' title='bbox 1755 1772 1981 1823; x_wconf 84' lang='lat' dir='ltr'>traxisse</span> <span class='ocrx_word' id='word_1_373' title='bbox 2012 1772 2291 1837; x_wconf 87' lang='lat' dir='ltr'>dicuntur;</span> <span class='ocrx_word' id='word_1_374' title='bbox 2324 1773 2453 1823; x_wconf 80' lang='lat' dir='ltr'>Eth-</span> 
     </span>
     <span class='ocr_line' id='line_1_72' title="bbox 1381 1839 2453 1913; baseline 0.003 -21"><span class='ocrx_word' id='word_1_375' title='bbox 1381 1842 1491 1892; x_wconf 89' lang='lat' dir='ltr'>nici</span> <span class='ocrx_word' id='word_1_376' title='bbox 1543 1858 1691 1904; x_wconf 90' lang='lat' dir='ltr'>ver0,</span> <span class='ocrx_word' id='word_1_377' title='bbox 1732 1844 1800 1894; x_wconf 86' lang='lat' dir='ltr'>ab</span> <span class='ocrx_word' id='word_1_378' title='bbox 1848 1839 2004 1912; x_wconf 84' lang='grc' dir='ltr'>ἔθνος</span> <span class='ocrx_word' id='word_1_379' title='bbox 2052 1846 2257 1906; x_wconf 90' lang='lat' dir='ltr'>Groece,</span> <span class='ocrx_word' id='word_1_380' title='bbox 2302 1845 2453 1913; x_wconf 89' lang='lat' dir='ltr'>quod</span> 
     </span>
     <span class='ocr_line' id='line_1_73' title="bbox 1378 1914 2452 1984; baseline 0.006 -21"><span class='ocrx_word' id='word_1_381' title='bbox 1378 1928 1518 1979; x_wconf 82' lang='lat' dir='ltr'>gens</span> <span class='ocrx_word' id='word_1_382' title='bbox 1543 1914 1733 1965; x_wconf 90' lang='lat' dir='ltr'>Latine</span> <span class='ocrx_word' id='word_1_383' title='bbox 1761 1924 1860 1976; x_wconf 89' lang='lat' dir='ltr'>est,</span> <span class='ocrx_word' id='word_1_384' title='bbox 1890 1927 2164 1980; x_wconf 87' lang='lat' dir='ltr'>vocantur,</span> <span class='ocrx_word' id='word_1_385' title='bbox 2195 1918 2289 1984; x_wconf 91' lang='lat' dir='ltr'>qui</span> <span class='ocrx_word' id='word_1_386' title='bbox 2318 1919 2452 1970; x_wconf 65' lang='lat' dir='ltr'>tales</span> 
     </span>
     <span class='ocr_line' id='line_1_74' title="bbox 1381 1986 2453 2053; baseline 0.007 -18"><span class='ocrx_word' id='word_1_387' title='bbox 1381 1996 1513 2036; x_wconf 91' lang='lat' dir='ltr'>sunt</span> <span class='ocrx_word' id='word_1_388' title='bbox 1540 1996 1601 2038; x_wconf 91' lang='lat' dir='ltr'>ut</span> <span class='ocrx_word' id='word_1_389' title='bbox 1639 1986 1858 2037; x_wconf 87' lang='lat' dir='ltr'>fuerunt</span> <span class='ocrx_word' id='word_1_390' title='bbox 1885 1989 2074 2053; x_wconf 89' lang='lat' dir='ltr'>geniti,</span> <span class='ocrx_word' id='word_1_391' title='bbox 2117 1990 2320 2041; x_wconf 89' lang='lat' dir='ltr'>scilicet</span> <span class='ocrx_word' id='word_1_392' title='bbox 2349 1990 2453 2043; x_wconf 91' lang='lat' dir='ltr'>sub</span> 
     </span>
     <span class='ocr_line' id='line_1_75' title="bbox 1383 2058 2454 2123; baseline 0.006 -16"><span class='ocrx_word' id='word_1_393' title='bbox 1383 2066 1615 2123; x_wconf 77' lang='lat' dir='ltr'>peccato,</span> <span class='ocrx_word' id='word_1_394' title='bbox 1639 2058 1719 2109; x_wconf 87' lang='lat' dir='ltr'>Et</span> <span class='ocrx_word' id='word_1_395' title='bbox 1741 2059 1792 2108; x_wconf 79' lang='lat' dir='ltr'>si</span> <span class='ocrx_word' id='word_1_396' title='bbox 1814 2064 2052 2109; x_wconf 83' lang='lat' dir='ltr'>mutuum</span> <span class='ocrx_word' id='word_1_397' title='bbox 2080 2061 2340 2112; x_wconf 83' lang='lat' dir='ltr'>dederitis</span> <span class='ocrx_word' id='word_1_398' title='bbox 2365 2062 2454 2114; x_wconf 77' lang='lat' dir='ltr'>his</span> 
     </span>
     <span class='ocr_line' id='line_1_76' title="bbox 1379 2128 2455 2198; baseline 0.005 -21"><span class='ocrx_word' id='word_1_399' title='bbox 1379 2142 1415 2177; x_wconf 86' lang='lat' dir='ltr'><em>a</em></span> <span class='ocrx_word' id='word_1_400' title='bbox 1437 2128 1626 2193; x_wconf 78' lang='lat' dir='ltr'>quibus</span> <span class='ocrx_word' id='word_1_401' title='bbox 1648 2129 1883 2194; x_wconf 79' lang='lat' dir='ltr'>speratis</span> <span class='ocrx_word' id='word_1_402' title='bbox 1904 2129 2159 2195; x_wconf 84' lang='lat' dir='ltr'>recipere,</span> <span class='ocrx_word' id='word_1_403' title='bbox 2183 2144 2301 2196; x_wconf 86' lang='lat' dir='ltr'>quae</span> <span class='ocrx_word' id='word_1_404' title='bbox 2323 2146 2455 2198; x_wconf 85' lang='lat' dir='ltr'>gra-</span> 
     </span>
     <span class='ocr_line' id='line_1_77' title="bbox 1379 2198 2452 2265; baseline 0.006 -17"><span class='ocrx_word' id='word_1_405' title='bbox 1379 2198 1458 2249; x_wconf 84' lang='lat' dir='ltr'>tia</span> <span class='ocrx_word' id='word_1_406' title='bbox 1481 2199 1648 2262; x_wconf 76' lang='lat' dir='ltr'>vobiS,</span> <span class='ocrx_word' id='word_1_407' title='bbox 1672 2198 1874 2250; x_wconf 90' lang='lat' dir='ltr'>scilicet</span> <span class='ocrx_word' id='word_1_408' title='bbox 1890 2200 2032 2265; x_wconf 90' lang='lat' dir='ltr'>apud</span> <span class='ocrx_word' id='word_1_409' title='bbox 2053 2200 2265 2252; x_wconf 79' lang='lat' dir='ltr'>Deum?</span> <span class='ocrx_word' id='word_1_410' title='bbox 2287 2202 2452 2262; x_wconf 90' lang='lat' dir='ltr'>Quasi</span> 
     </span>
     <span class='ocr_line' id='line_1_78' title="bbox 1376 2269 2450 2339; baseline 0.005 -20"><span class='ocrx_word' id='word_1_411' title='bbox 1376 2269 1608 2321; x_wconf 86' lang='lat' dir='ltr'>diceret:</span> <span class='ocrx_word' id='word_1_412' title='bbox 1631 2270 1809 2321; x_wconf 88' lang='lat' dir='ltr'>Nulla.</span> <span class='ocrx_word' id='word_1_413' title='bbox 1827 2271 1981 2331; x_wconf 91' lang='lat' dir='ltr'>Nam,</span> <span class='ocrx_word' id='word_1_414' title='bbox 2000 2281 2060 2322; x_wconf 92' lang='lat' dir='ltr'>ut</span> <span class='ocrx_word' id='word_1_415' title='bbox 2077 2272 2208 2323; x_wconf 90' lang='lat' dir='ltr'>dicit</span> <span class='ocrx_word' id='word_1_416' title='bbox 2229 2273 2450 2339; x_wconf 78' lang='lat' dir='ltr'>Glossa,</span> 
     </span>
     <span class='ocr_line' id='line_1_79' title="bbox 1380 2342 2450 2410; baseline 0.003 -19"><span class='ocrx_word' id='word_1_417' title='bbox 1380 2356 1447 2390; x_wconf 82' lang='lat' dir='ltr'>ex</span> <span class='ocrx_word' id='word_1_418' title='bbox 1479 2342 1585 2392; x_wconf 90' lang='lat' dir='ltr'>hoc</span> <span class='ocrx_word' id='word_1_419' title='bbox 1617 2342 1734 2391; x_wconf 90' lang='lat' dir='ltr'>solo</span> <span class='ocrx_word' id='word_1_420' title='bbox 1763 2344 1908 2408; x_wconf 90' lang='lat' dir='ltr'>quod</span> <span class='ocrx_word' id='word_1_421' title='bbox 1946 2343 2169 2408; x_wconf 90' lang='lat' dir='ltr'>speratis</span> <span class='ocrx_word' id='word_1_422' title='bbox 2198 2343 2450 2410; x_wconf 89' lang='lat' dir='ltr'>recipere,</span> 
     </span>
     <span class='ocr_line' id='line_1_80' title="bbox 1378 2414 2452 2479; baseline 0.004 -17"><span class='ocrx_word' id='word_1_423' title='bbox 1378 2429 1490 2463; x_wconf 88' lang='lat' dir='ltr'>non</span> <span class='ocrx_word' id='word_1_424' title='bbox 1522 2428 1619 2479; x_wconf 90' lang='lat' dir='ltr'>pro</span> <span class='ocrx_word' id='word_1_425' title='bbox 1647 2414 1759 2464; x_wconf 92' lang='lat' dir='ltr'>Deo</span> <span class='ocrx_word' id='word_1_426' title='bbox 1785 2414 1943 2465; x_wconf 78' lang='lat' dir='ltr'>datis·</span> <span class='ocrx_word' id='word_1_427' title='bbox 1981 2414 2137 2466; x_wconf 88' lang='lat' dir='ltr'>Unde</span> <span class='ocrx_word' id='word_1_428' title='bbox 2159 2415 2225 2465; x_wconf 93' lang='lat' dir='ltr'>de</span> <span class='ocrx_word' id='word_1_429' title='bbox 2248 2415 2452 2466; x_wconf 88' lang='lat' dir='ltr'>talibus</span> 
     </span>
     <span class='ocr_line' id='line_1_81' title="bbox 1376 2483 2452 2550; baseline 0.004 -18"><span class='ocrx_word' id='word_1_430' title='bbox 1376 2483 1483 2533; x_wconf 89' lang='lat' dir='ltr'>dici</span> <span class='ocrx_word' id='word_1_431' title='bbox 1531 2493 1708 2549; x_wconf 90' lang='lat' dir='ltr'>potest</span> <span class='ocrx_word' id='word_1_432' title='bbox 1734 2501 1749 2535; x_wconf 73' lang='grc' dir='ltr'>ε</span> <span class='ocrx_word' id='word_1_433' title='bbox 1786 2485 2123 2550; x_wconf 81' lang='lat' dir='ltr'>Receperunt</span> <span class='ocrx_word' id='word_1_434' title='bbox 2159 2485 2452 2536; x_wconf 85' lang='lat' dir='ltr'>mercedem</span> 
     </span>
     <span class='ocr_line' id='line_1_82' title="bbox 1377 2553 2452 2620; baseline 0.003 -17"><span class='ocrx_word' id='word_1_435' title='bbox 1377 2568 1549 2616; x_wconf 81' lang='lat' dir='ltr'>suam,</span> <span class='ocrx_word' id='word_1_436' title='bbox 1597 2553 1727 2620; x_wconf 90' lang='lat' dir='ltr'>quia</span> <span class='ocrx_word' id='word_1_437' title='bbox 1766 2570 1875 2620; x_wconf 49' lang='lat' dir='ltr'>,spe</span> <span class='ocrx_word' id='word_1_438' title='bbox 1921 2555 2292 2606; x_wconf 88' lang='lat' dir='ltr'>retributionis</span> <span class='ocrx_word' id='word_1_439' title='bbox 2343 2556 2452 2606; x_wconf 87' lang='lat' dir='ltr'>hu-</span> 
     </span>
     <span class='ocr_line' id='line_1_83' title="bbox 1381 2629 2448 2695; baseline 0.004 -19"><span class='ocrx_word' id='word_1_440' title='bbox 1381 2642 1557 2677; x_wconf 87' lang='lat' dir='ltr'>manae</span> <span class='ocrx_word' id='word_1_441' title='bbox 1585 2636 1852 2678; x_wconf 90' lang='lat' dir='ltr'>mutuant.</span> <span class='ocrx_word' id='word_1_442' title='bbox 1876 2629 2022 2679; x_wconf 88' lang='lat' dir='ltr'>Nam</span> <span class='ocrx_word' id='word_1_443' title='bbox 2047 2634 2097 2679; x_wconf 86' lang='lat' dir='ltr'>et</span> <span class='ocrx_word' id='word_1_444' title='bbox 2113 2635 2448 2695; x_wconf 76' lang='lat' dir='ltr'>peccatoreS,</span> 
     </span>
     <span class='ocr_line' id='line_1_84' title="bbox 1378 2696 2453 2765; baseline 0.003 -18"><span class='ocrx_word' id='word_1_445' title='bbox 1378 2696 1474 2762; x_wconf 89' lang='lat' dir='ltr'>qui</span> <span class='ocrx_word' id='word_1_446' title='bbox 1505 2696 1731 2763; x_wconf 88' lang='lat' dir='ltr'>gratiam</span> <span class='ocrx_word' id='word_1_447' title='bbox 1762 2698 1859 2748; x_wconf 91' lang='lat' dir='ltr'>Dei</span> <span class='ocrx_word' id='word_1_448' title='bbox 1890 2715 1999 2749; x_wconf 91' lang='lat' dir='ltr'>non</span> <span class='ocrx_word' id='word_1_449' title='bbox 2025 2699 2242 2760; x_wconf 87' lang='lat' dir='ltr'>habent,</span> <span class='ocrx_word' id='word_1_450' title='bbox 2262 2714 2453 2765; x_wconf 83' lang='lat' dir='ltr'>pecca-</span> 
     </span>
     <span class='ocr_line' id='line_1_85' title="bbox 1377 2771 2450 2836; baseline 0.003 -16"><span class='ocrx_word' id='word_1_451' title='bbox 1377 2771 1591 2831; x_wconf 63' lang='lat' dir='ltr'>toribus:</span> <span class='ocrx_word' id='word_1_452' title='bbox 1615 2771 1962 2836; x_wconf 84' lang='lat' dir='ltr'>fenerantur,</span> <span class='ocrx_word' id='word_1_453' title='bbox 1994 2771 2050 2822; x_wconf 91' lang='lat' dir='ltr'>id</span> <span class='ocrx_word' id='word_1_454' title='bbox 2080 2782 2159 2822; x_wconf 91' lang='lat' dir='ltr'>est</span> <span class='ocrx_word' id='word_1_455' title='bbox 2196 2783 2450 2823; x_wconf 91' lang='lat' dir='ltr'>mutuum</span> 
     </span>
     <span class='ocr_line' id='line_1_86' title="bbox 1374 2840 2450 2907; baseline 0.004 -18"><span class='ocrx_word' id='word_1_456' title='bbox 1374 2840 1524 2900; x_wconf 89' lang='lat' dir='ltr'>dant,</span> <span class='ocrx_word' id='word_1_457' title='bbox 1560 2846 1620 2891; x_wconf 85' lang='lat' dir='ltr'>ut</span> <span class='ocrx_word' id='word_1_458' title='bbox 1645 2842 1898 2907; x_wconf 84' lang='lat' dir='ltr'>aequalia,</span> <span class='ocrx_word' id='word_1_459' title='bbox 1933 2858 2040 2892; x_wconf 89' lang='lat' dir='ltr'>non</span> <span class='ocrx_word' id='word_1_460' title='bbox 2070 2843 2210 2893; x_wconf 90' lang='lat' dir='ltr'>ultra</span> <span class='ocrx_word' id='word_1_461' title='bbox 2247 2852 2450 2894; x_wconf 85' lang='lat' dir='ltr'>sortem</span> 
     </span>
     <span class='ocr_line' id='line_1_87' title="bbox 1372 2912 2451 2982; baseline 0.003 -20"><span class='ocrx_word' id='word_1_462' title='bbox 1372 2912 1657 2977; x_wconf 79' lang='lat' dir='ltr'>recipiant.</span> <span class='ocrx_word' id='word_1_463' title='bbox 1698 2914 1783 2964; x_wconf 83' lang='lat' dir='ltr'>Ex</span> <span class='ocrx_word' id='word_1_464' title='bbox 1810 2930 1921 2980; x_wconf 89' lang='lat' dir='ltr'>quo</span> <span class='ocrx_word' id='word_1_465' title='bbox 1950 2924 2108 2980; x_wconf 88' lang='lat' dir='ltr'>patet,</span> <span class='ocrx_word' id='word_1_466' title='bbox 2151 2916 2299 2981; x_wconf 85' lang='lat' dir='ltr'>quod</span> <span class='ocrx_word' id='word_1_467' title='bbox 2325 2916 2451 2982; x_wconf 89' lang='lat' dir='ltr'>plus</span> 
     </span>
     <span class='ocr_line' id='line_1_88' title="bbox 1375 2984 2448 3051; baseline 0.005 -21"><span class='ocrx_word' id='word_1_468' title='bbox 1375 2997 1539 3047; x_wconf 90' lang='lat' dir='ltr'>quam</span> <span class='ocrx_word' id='word_1_469' title='bbox 1570 2993 1874 3048; x_wconf 87' lang='lat' dir='ltr'>peccatores</span> <span class='ocrx_word' id='word_1_470' title='bbox 1903 2994 2031 3033; x_wconf 90' lang='lat' dir='ltr'>sunt</span> <span class='ocrx_word' id='word_1_471' title='bbox 2053 2984 2148 3051; x_wconf 92' lang='lat' dir='ltr'>qui</span> <span class='ocrx_word' id='word_1_472' title='bbox 2178 2995 2448 3046; x_wconf 88' lang='lat' dir='ltr'>mutuant,</span> 
     </span>
     <span class='ocr_line' id='line_1_89' title="bbox 1373 3054 2446 3121; baseline 0.003 -19"><span class='ocrx_word' id='word_1_473' title='bbox 1373 3062 1434 3102; x_wconf 93' lang='lat' dir='ltr'>ut</span> <span class='ocrx_word' id='word_1_474' title='bbox 1465 3068 1589 3103; x_wconf 91' lang='lat' dir='ltr'>cum</span> <span class='ocrx_word' id='word_1_475' title='bbox 1634 3069 1798 3104; x_wconf 90' lang='lat' dir='ltr'>usura</span> <span class='ocrx_word' id='word_1_476' title='bbox 1833 3054 2110 3121; x_wconf 89' lang='lat' dir='ltr'>recipiant.</span> <span class='ocrx_word' id='word_1_477' title='bbox 2147 3056 2313 3115; x_wconf 88' lang='lat' dir='ltr'>Quasi</span> <span class='ocrx_word' id='word_1_478' title='bbox 2353 3055 2446 3106; x_wconf 87' lang='lat' dir='ltr'>di-</span> 
     </span>
     <span class='ocr_line' id='line_1_90' title="bbox 1372 3126 2451 3185; baseline 0.003 -11"><span class='ocrx_word' id='word_1_479' title='bbox 1372 3135 1530 3185; x_wconf 89' lang='lat' dir='ltr'>ceret,</span> <span class='ocrx_word' id='word_1_480' title='bbox 1582 3126 1878 3177; x_wconf 91' lang='lat' dir='ltr'>secundum</span> <span class='ocrx_word' id='word_1_481' title='bbox 1914 3128 2121 3178; x_wconf 84' lang='lat' dir='ltr'>Bedam</span> <span class='ocrx_word' id='word_1_482' title='bbox 2152 3146 2170 3178; x_wconf 78' lang='lat'>.-</span> <span class='ocrx_word' id='word_1_483' title='bbox 2212 3128 2273 3179; x_wconf 92' lang='lat' dir='ltr'>Si</span> <span class='ocrx_word' id='word_1_484' title='bbox 2317 3127 2451 3177; x_wconf 62' lang='lat' dir='ltr'>tales</span> 
     </span>
     <span class='ocr_line' id='line_1_91' title="bbox 1373 3195 2451 3259; baseline 0.004 -15"><span class='ocrx_word' id='word_1_485' title='bbox 1373 3195 1515 3245; x_wconf 91' lang='lat' dir='ltr'>inter</span> <span class='ocrx_word' id='word_1_486' title='bbox 1560 3211 1635 3256; x_wconf 88' lang='lat' dir='ltr'>se,</span> <span class='ocrx_word' id='word_1_487' title='bbox 1680 3205 1868 3247; x_wconf 87' lang='lat' dir='ltr'>natura</span> <span class='ocrx_word' id='word_1_488' title='bbox 1899 3197 2053 3259; x_wconf 90' lang='lat' dir='ltr'>duce,</span> <span class='ocrx_word' id='word_1_489' title='bbox 2092 3207 2296 3248; x_wconf 91' lang='lat' dir='ltr'>norunt</span> <span class='ocrx_word' id='word_1_490' title='bbox 2334 3212 2451 3248; x_wconf 84' lang='lat' dir='ltr'>esse</span> 
     </span>
     <span class='ocr_line' id='line_1_92' title="bbox 1373 3266 2449 3334; baseline 0.001 -17"><span class='ocrx_word' id='word_1_491' title='bbox 1373 3266 1617 3327; x_wconf 89' lang='lat' dir='ltr'>benefici,</span> <span class='ocrx_word' id='word_1_492' title='bbox 1650 3278 1853 3332; x_wconf 90' lang='lat' dir='ltr'>quanto</span> <span class='ocrx_word' id='word_1_493' title='bbox 1894 3269 2052 3319; x_wconf 86' lang='lat' dir='ltr'>vobis</span> <span class='ocrx_word' id='word_1_494' title='bbox 2081 3269 2278 3334; x_wconf 89' lang='lat' dir='ltr'>gradus</span> <span class='ocrx_word' id='word_1_495' title='bbox 2320 3283 2449 3334; x_wconf 94' lang='lat' dir='ltr'>pro-</span> 
     </span>
     <span class='ocr_line' id='line_1_93' title="bbox 1370 3338 2451 3402; baseline 0 -13"><span class='ocrx_word' id='word_1_496' title='bbox 1370 3338 1623 3389; x_wconf 88' lang='lat' dir='ltr'>fessionis</span> <span class='ocrx_word' id='word_1_497' title='bbox 1666 3338 1896 3390; x_wconf 86' lang='lat' dir='ltr'>eximior</span> <span class='ocrx_word' id='word_1_498' title='bbox 1952 3354 2168 3390; x_wconf 89' lang='lat' dir='ltr'>necesse</span> <span class='ocrx_word' id='word_1_499' title='bbox 2232 3348 2341 3402; x_wconf 89' lang='lat' dir='ltr'>est,</span> <span class='ocrx_word' id='word_1_500' title='bbox 2387 3348 2451 3389; x_wconf 93' lang='lat' dir='ltr'>ut</span> 
     </span>
     <span class='ocr_line' id='line_1_94' title="bbox 1370 3408 2448 3475; baseline 0.001 -16"><span class='ocrx_word' id='word_1_501' title='bbox 1370 3424 1497 3459; x_wconf 87' lang='lat' dir='ltr'>cura</span> <span class='ocrx_word' id='word_1_502' title='bbox 1534 3408 1751 3459; x_wconf 88' lang='lat' dir='ltr'>virtutis</span> <span class='ocrx_word' id='word_1_503' title='bbox 1795 3409 1866 3459; x_wconf 89' lang='lat' dir='ltr'>sit</span> <span class='ocrx_word' id='word_1_504' title='bbox 1897 3409 2135 3468; x_wconf 91' lang='lat' dir='ltr'>uberior,</span> <span class='ocrx_word' id='word_1_505' title='bbox 2179 3419 2448 3475; x_wconf 88' lang='lat' dir='ltr'>quatenus</span> 
     </span>
     <span class='ocr_line' id='line_1_95' title="bbox 1370 3478 2448 3531; baseline 0.001 -2"><span class='ocrx_word' id='word_1_506' title='bbox 1370 3479 1533 3530; x_wconf 89' lang='lat' dir='ltr'>etiam</span> <span class='ocrx_word' id='word_1_507' title='bbox 1585 3495 1696 3531; x_wconf 91' lang='lat' dir='ltr'>non</span> <span class='ocrx_word' id='word_1_508' title='bbox 1738 3490 1979 3530; x_wconf 88' lang='lat' dir='ltr'>amantes</span> <span class='ocrx_word' id='word_1_509' title='bbox 2019 3478 2294 3530; x_wconf 88' lang='lat' dir='ltr'>charitatis</span> <span class='ocrx_word' id='word_1_510' title='bbox 2323 3479 2448 3530; x_wconf 88' lang='lat' dir='ltr'>sinu</span> 
     </span>
     <span class='ocr_line' id='line_1_96' title="bbox 1369 3552 2448 3621; baseline 0.002 -19"><span class='ocrx_word' id='word_1_511' title='bbox 1369 3552 1772 3618; x_wconf 86' lang='lat' dir='ltr'>amplectamini</span> <span class='ocrx_word' id='word_1_512' title='bbox 1810 3553 1829 3604; x_wconf 70' lang='grc' dir='ltr'>ἰ</span> <span class='ocrx_word' id='word_1_513' title='bbox 1880 3553 2033 3605; x_wconf 90' lang='lat' dir='ltr'>Unde</span> <span class='ocrx_word' id='word_1_514' title='bbox 2110 3553 2448 3621; x_wconf 78' lang='lat' dir='ltr'>Chrysosto-</span> 
     </span>
     <span class='ocr_line' id='line_1_97' title="bbox 1367 3625 2450 3691; baseline -0.001 -15"><span class='ocrx_word' id='word_1_515' title='bbox 1367 3641 1522 3677; x_wconf 80' lang='lat' dir='ltr'>mus:</span> <span class='ocrx_word' id='word_1_516' title='bbox 1556 3645 1584 3674; x_wconf 89' lang='lat'>«</span> <span class='ocrx_word' id='word_1_517' title='bbox 1618 3626 1892 3686; x_wconf 89' lang='lat' dir='ltr'>Quoniam</span> <span class='ocrx_word' id='word_1_518' title='bbox 1934 3625 2100 3691; x_wconf 87' lang='lat' dir='ltr'>igitur</span> <span class='ocrx_word' id='word_1_519' title='bbox 2140 3626 2294 3691; x_wconf 91' lang='lat' dir='ltr'>digni</span> <span class='ocrx_word' id='word_1_520' title='bbox 2326 3641 2450 3691; x_wconf 91' lang='lat' dir='ltr'>sup-</span> 
     </span>
     <span class='ocr_line' id='line_1_98' title="bbox 1369 3695 2450 3761; baseline 0 -14"><span class='ocrx_word' id='word_1_521' title='bbox 1369 3695 1533 3761; x_wconf 90' lang='lat' dir='ltr'>plicio</span> <span class='ocrx_word' id='word_1_522' title='bbox 1560 3712 1772 3756; x_wconf 80' lang='lat' dir='ltr'>sumuS,</span> <span class='ocrx_word' id='word_1_523' title='bbox 1814 3696 1910 3761; x_wconf 88' lang='lat' dir='ltr'>qui</span> <span class='ocrx_word' id='word_1_524' title='bbox 1940 3711 2065 3746; x_wconf 90' lang='lat' dir='ltr'>cum</span> <span class='ocrx_word' id='word_1_525' title='bbox 2097 3697 2163 3751; x_wconf 91' lang='lat' dir='ltr'>ad</span> <span class='ocrx_word' id='word_1_526' title='bbox 2196 3696 2450 3747; x_wconf 90' lang='lat' dir='ltr'>similitu-</span> 
     </span>
     <span class='ocr_line' id='line_1_99' title="bbox 1367 3767 2450 3818; baseline 0.002 -2"><span class='ocrx_word' id='word_1_527' title='bbox 1367 3767 1552 3818; x_wconf 90' lang='lat' dir='ltr'>dinem</span> <span class='ocrx_word' id='word_1_528' title='bbox 1572 3767 1669 3818; x_wconf 89' lang='lat' dir='ltr'>Dei</span> <span class='ocrx_word' id='word_1_529' title='bbox 1698 3768 1867 3818; x_wconf 82' lang='lat' dir='ltr'>vitam</span> <span class='ocrx_word' id='word_1_530' title='bbox 1895 3777 2135 3817; x_wconf 90' lang='lat' dir='ltr'>nostram</span> <span class='ocrx_word' id='word_1_531' title='bbox 2155 3767 2450 3818; x_wconf 88' lang='lat' dir='ltr'>informare</span> 
     </span>
     <span class='ocr_line' id='line_1_100' title="bbox 1365 3841 2449 3907; baseline 0.003 -17"><span class='ocrx_word' id='word_1_532' title='bbox 1365 3841 1619 3907; x_wconf 90' lang='lat' dir='ltr'>jubemur</span> <span class='ocrx_word' id='word_1_533' title='bbox 1641 3880 1657 3902; x_wconf 91' lang='lat'>,</span> <span class='ocrx_word' id='word_1_534' title='bbox 1722 3841 1946 3892; x_wconf 90' lang='lat' dir='ltr'>forsitan</span> <span class='ocrx_word' id='word_1_535' title='bbox 2009 3857 2078 3891; x_wconf 89' lang='lat' dir='ltr'>ne</span> <span class='ocrx_word' id='word_1_536' title='bbox 2138 3841 2449 3893; x_wconf 90' lang='lat' dir='ltr'>Gentilibus</span> 
     </span>
     <span class='ocr_line' id='line_1_101' title="bbox 1367 3914 2450 3982; baseline 0.003 -18"><span class='ocrx_word' id='word_1_537' title='bbox 1367 3915 1588 3981; x_wconf 90' lang='lat' dir='ltr'>quidem</span> <span class='ocrx_word' id='word_1_538' title='bbox 1636 3914 1946 3966; x_wconf 85' lang='lat' dir='ltr'>invenimur</span> <span class='ocrx_word' id='word_1_539' title='bbox 1993 3916 2241 3982; x_wconf 80' lang='lat' dir='ltr'>aequales,</span> <span class='ocrx_word' id='word_1_540' title='bbox 2291 3934 2319 3962; x_wconf 86' lang='lat'>»</span> <span class='ocrx_word' id='word_1_541' title='bbox 2373 3915 2450 3967; x_wconf 84' lang='lat' dir='ltr'>Et</span> 
     </span>
    </p>
   </div>
   <div class='ocr_carea' id='block_1_7' title="bbox 1367 3984 2441 4037">
    <p class='ocr_par' dir='ltr' id='par_1_8' title="bbox 1367 3984 2441 4037">
     <span class='ocr_line' id='line_1_102' title="bbox 1367 3984 2441 4037; baseline 0 -1"><span class='ocrx_word' id='word_1_542' title='bbox 1367 3984 1565 4036; x_wconf 90' lang='lat' dir='ltr'>iterum</span> <span class='ocrx_word' id='word_1_543' title='bbox 1600 4003 1614 4036; x_wconf 69' lang='grc' dir='ltr'><em>ι</em></span> <span class='ocrx_word' id='word_1_544' title='bbox 1664 4003 1692 4031; x_wconf 77' lang='grc' dir='ltr'><strong>κ</strong></span> <span class='ocrx_word' id='word_1_545' title='bbox 1741 3986 1846 4036; x_wconf 90' lang='lat' dir='ltr'>Sed</span> <span class='ocrx_word' id='word_1_546' title='bbox 1889 3986 1935 4037; x_wconf 89' lang='lat' dir='ltr'>si</span> <span class='ocrx_word' id='word_1_547' title='bbox 1972 4002 2071 4036; x_wconf 89' lang='lat' dir='ltr'>nos</span> <span class='ocrx_word' id='word_1_548' title='bbox 2110 3986 2167 4036; x_wconf 90' lang='lat' dir='ltr'>in</span> <span class='ocrx_word' id='word_1_549' title='bbox 2210 3986 2298 4036; x_wconf 89' lang='lat' dir='ltr'>his</span> <span class='ocrx_word' id='word_1_550' title='bbox 2341 4001 2441 4037; x_wconf 89' lang='lat' dir='ltr'>nec</span> 
     </span>
    </p>
   </div>
  </div>
 </body>
</html>
