2784 4452
557 304 651 354 DE
685 305 1189 359 CONCEPTIONE
1220 309 1514 360 JOANNIS
1550 311 2071 367 PRAECURSORIS.
2365 318 2429 370 33

254 441 285 473 2
330 423 444 472 Non
477 438 603 471 forr
636 438 844 473 summus
880 439 1156 476 sAcmznoS.
1191 455 1253 464 —

190 494 266 544 Ex
298 492 383 542 his
409 492 620 541 videtur
646 491 933 543 Zacharias
967 493 1135 545 fuisse
1163 511 1254 546 sa-

186 564 369 614 cerdos
393 562 640 628 simplex,
671 579 782 612 non
818 579 1095 628 summus;
1128 567 1256 632 quia

186 634 273 684 hic
298 633 497 683 dicitur
519 633 665 698 quod
696 632 970 699 ingressus
1000 633 1101 685 fuit
1127 645 1255 686 tem-

185 707 336 772 plum
364 707 429 755 ad
463 707 777 770 ponendum
811 705 1091 757 incensum
1129 717 1255 758 tan-

183 788 300 827 tum
336 793 350 825 ε
384 777 488 826 hoc
523 785 702 826 autem
739 776 949 826 licitum
992 788 1103 828 erat
1140 779 1254 828 mi-

183 847 404 897 noribus
472 847 838 897 sacerdotibus
867 886 882 911 ‚
956 850 1253 899 secundum

184 917 329 984 quod
378 917 508 967 dicit
559 919 852 982 Apostolus
901 934 914 967 z
950 920 1013 969 In
1069 921 1253 986 primo

89 998 97 1012 ‘
181 990 385 1054 quidem
450 989 792 1040 tabernaculo
865 991 1100 1056 quotidie
1165 992 1253 1042 in-

183 1059 410 1109 troibant
479 1059 788 1109 sacerdotes
859 1059 1251 1127 sacrificiorum

180 1131 476 1181 ministeria
552 1138 978 1182 consummantes
1023 1149 1044 1194 ,·
1122 1134 1251 1199 quia

178 1212 381 1266 peraeto
409 1200 673 1251 sacrificio
715 1202 771 1251 in
794 1203 944 1253 altari
989 1204 1249 1254 holocau-

176 1286 408 1338 storum,
467 1275 618 1339 quod
674 1286 786 1325 erat
836 1276 893 1325 in
933 1277 1068 1326 atrio
1103 1315 1117 1336 ,
1151 1278 1247 1328 ubi

173 1349 552 1399 ministrabant
612 1350 908 1400 sacerdotes
965 1351 1204 1402 minores
1231 1391 1245 1412 ,

172 1422 415 1471 sacerdos
445 1421 542 1486 qui
572 1421 647 1471 ibi
695 1421 1110 1484 ministraverat,
1154 1440 1246 1474 ac-

172 1494 396 1561 cipiebat
436 1510 640 1560 prunas
672 1496 738 1544 de
787 1497 937 1546 altari
985 1497 1246 1548 holocau-

170 1578 391 1629 storum,
445 1579 502 1619 et
530 1569 737 1619 intrans
770 1570 1000 1635 primam
1040 1582 1243 1636 partem

170 1643 382 1707 templi,
433 1658 558 1708 quae
607 1653 824 1692 vocatur
869 1655 1110 1694 sanctum
1161 1646 1244 1695 vel

169 1723 361 1773 sancta,
405 1714 779 1763 concremabat
836 1713 887 1763 in
941 1714 1030 1765 illa
1082 1724 1245 1781 super

169 1783 325 1833 altare
364 1783 573 1833 incensi
630 1783 946 1849 thymiama,
1001 1795 1053 1835 et
1114 1797 1243 1836 tunc

168 1863 277 1903 erat
301 1854 623 1904 sacrificium
666 1866 1134 1920 consummatum3
1191 1867 1243 1907 et

168 1927 265 1977 hoc
303 1928 465 1978 fiebat
514 1929 665 1978 omni
717 1928 822 1978 die.
864 1929 923 1978 In
955 1930 1057 1980 hoc
1094 1930 1239 1980 enim

165 2009 269 2048 erat
320 1999 726 2049 consummatio
784 1998 1068 2064 sacrificii,
1115 2001 1242 2066 quia

165 2069 415 2119 sacrificia
467 2070 665 2119 veteris
719 2069 878 2136 Legis
936 2086 1044 2120 non
1091 2082 1243 2122 erant

163 2136 545 2207 accepta,'nisi
600 2156 664 2190 ex
718 2141 824 2190 fide
860 2151 911 2192 et
956 2142 1245 2194 devotione

162 2211 521 2262 offerentium.
549 2212 775 2263 Devotio
799 2223 978 2264 autem
1008 2230 1102 2280 per
1123 2215 1243 2266 thu-

160 2280 514 2332 rificationem
575 2283 970 2348 designabatur,
1022 2294 1076 2334 et
1121 2284 1242 2336 ideo

161 2350 212 2399 in
268 2352 374 2402 hoc
449 2352 774 2402 sacrificium
837 2355 1242 2405 consummaba-

160 2435 257 2477 tur.
296 2427 358 2477 In
396 2428 553 2477 illam
600 2443 725 2477 vero
772 2439 975 2493 partem
1021 2429 1238 2494 templi,

161 2508 272 2563 quae
303 2499 590 2549 dicebatur
632 2509 875 2549 sanctum
907 2510 1238 2554 sanctorum,

159 2572 298 2621 solus
341 2588 599 2622 summus
640 2574 901 2632 sacerdOS,
936 2574 1102 2624 semel
1144 2574 1237 2623 in-

160 2642 322 2691 trabat
354 2658 485 2691 cum
525 2642 792 2708 sanguine
831 2643 965 2693 hirci
995 2653 1047 2693 et
1086 2643 1236 2694 vitu-

157 2712 209 2776 li,
234 2714 506 2764 immolati
534 2730 632 2779 pro
674 2724 883 2779 peccato
925 2716 1132 2781 populi,
1174 2727 1236 2766 ut

155 2799 212 2834 ex
246 2787 343 2836 illo
391 2795 699 2851 aspergeret
742 2796 925 2836 contra
968 2787 1239 2853 propitia-

154 2856 366 2906 torium.
410 2857 575 2915 Quod
604 2865 781 2905 autem
820 2856 1102 2907 Zacharias
1141 2858 1236 2907 in-

153 2928 361 2978 traverit
422 2943 552 2977 cum
609 2926 874 2991 sanguine
926 2927 1058 2988 tali,
1121 2943 1231 2977 non

153 2995 341 3047 dicitur
387 2998 521 3060 hic3
575 2997 667 3047 sed
697 2998 873 3046 solum
913 2998 979 3048 ad
1017 3014 1233 3063 ponen-

152 3065 272 3116 dum
311 3068 623 3130 incensum,
673 3068 819 3130 unde
853 3068 1100 3134 Angelus
1142 3084 1235 3135 ap-

146 3139 323 3201 paruit
350 3140 403 3190 ei
430 3153 467 3188 a
494 3138 711 3189 dextris
757 3138 957 3188 altaris
1008 3139 1226 3201 incensi,

151 3211 287 3273 quod
317 3212 485 3262 etiam
526 3221 745 3261 vocatur
779 3211 942 3260 altare
976 3227 1222 3262 aureum.

152 3279 257 3332 Hoc
304 3293 490 3333 autem
555 3284 719 3333 altare
773 3298 884 3332 non
934 3283 1039 3333 fuit
1093 3283 1229 3334 intra

150 3364 321 3404 sancta
367 3364 683 3404 sanctorum
717 3391 730 3416 ‚
789 3353 882 3403 sed
934 3353 992 3403 in
1054 3354 1229 3420 prima

150 3437 285 3488 parte
345 3427 558 3492 templi,
611 3427 677 3476 ad
727 3442 891 3493 quam
955 3427 1227 3493 simplices

144 3497 436 3547 sacerdotes
464 3507 710 3562 poterant
738 3497 972 3563 ingredi.
998 3498 1099 3549 Sed
1132 3498 1224 3547 in-

146 3580 359 3618 censum
385 3570 538 3634 quod
567 3570 670 3620 soli
711 3585 928 3620 summo
964 3570 1224 3620 sacerdoti

142 3636 346 3689 licitum
394 3651 510 3690 erat
561 3656 760 3707 ponere
791 3641 932 3692 intra
979 3651 1222 3691 sanctum

142 3720 452 3768 sanctorum
503 3711 558 3760 in
608 3712 698 3761 die
734 3711 1076 3777 expiationis,
1120 3712 1223 3761 hoc

145 3793 247 3830 non
283 3782 593 3847 ponebatur
632 3782 695 3831 ad
733 3782 1084 3842 offerendum,
1129 3782 1219 3832 sed

146 3862 200 3902 ut
225 3856 429 3905 nebula
458 3855 583 3904 inde
615 3871 946 3921 consurgens
989 3855 1220 3921 operiret

146 3927 440 3986 oraculum,
491 3927 708 3992 quando
750 3926 992 4002 Pontifex
1031 3941 1217 3991 asper-

289 4044 431 4094 Vrr».
460 4044 586 4094 JESU
619 4044 854 4104 Cnxusrn
882 4059 1057 4095 ‘tonus
1085 4044 1122 4094 Ι.

950 4115 982 4149 ο

1358 428 1515 495 gebat
1543 430 1807 495 sanguine
1830 431 1983 481 vituli
2025 444 2077 483 et
2132 435 2267 485 hirci
2298 451 2433 486 con-

1358 511 1439 550 tra
1467 504 1768 565 oraculum3
1801 514 1853 553 et
1887 520 1985 554 nec
2024 505 2223 572 aliquis
2252 508 2433 558 histo-

1357 572 1696 638 riographus,
1727 573 2034 624 describens
2071 578 2430 629 sacerdotium

1356 644 1664 693 Judaeorum
1693 682 1708 704 ‚
1777 645 2112 696 mentionem
2177 648 2302 699 facit
2365 652 2433 702 de

1358 727 1575 762 summo
1615 713 1885 765 Zachariae
1923 717 2235 768 sacerdotiO.

1424 784 1450 834 3
1503 785 1799 837 ZACHARms
1827 803 1956 845 Qum
1988 804 2430 843 mTERPm-:lerun

1356 873 1424 906 ET
1448 873 1740 908 smmi-’mm-
1755 859 1774 909 ἓ
1787 889 1847 897 -
1865 861 1961 911 Per
1979 862 2307 923 Zachariam,
2334 865 2428 930 qui

1355 928 1578 978 Domini
1604 945 1803 981 memor
1831 931 2224 997 interpretatur,
2252 935 2429 986 bonus

1357 1000 1606 1064 praelatus
1653 1001 2005 1067 significatur,
2065 1005 2159 1070 qui
2217 1006 2275 1054 in
2326 1023 2432 1057 suo

1356 1082 1567 1139 pectore
1612 1075 1771 1125 debet
1822 1077 1921 1127 Dei
1963 1079 2283 1129 memoriam
2329 1097 2426 1146 ge-

1354 1148 1487 1208 rere,
1531 1162 1628 1212 pro
1667 1163 1764 1197 sua
1815 1158 1867 1198 et
1903 1164 2127 1199 suorum
2174 1151 2424 1202 subdito-

1353 1231 1478 1267 rum
1528 1217 1716 1268 salute.
1777 1218 1880 1268 Hic
1930 1231 2109 1270 autem
2161 1223 2424 1287 templum

1352 1286 1654 1353 ingreditur
1674 1303 1769 1352 per
1788 1288 2103 1355 diligentem
2125 1291 2296 1341 divini
2320 1293 2426 1342 cul·

1351 1370 1442 1410 tus
1496 1361 1932 1421 sollicitudinem,
1967 1372 2020 1413 et
2055 1364 2209 1413 offert
2232 1364 2424 1415 incen-

1352 1445 1494 1494 sum,
1542 1446 1637 1496 per
1674 1431 1919 1480 devotam
1972 1433 2313 1497 orationem;
2371 1444 2424 1485 et

1351 1501 1585 1566 populus
1630 1511 1746 1551 orat
1782 1515 1875 1566 per
1922 1503 2038 1566 ejus
2073 1503 2422 1554 informatio-

1349 1586 1492 1621 nem.
1521 1571 1743 1637 Triplex
1778 1587 1905 1622 vero
1938 1573 2096 1622 debet
2143 1573 2326 1624 haberi
2358 1575 2424 1625 de

1349 1643 1460 1692 Deo
1521 1644 1801 1704 memoria,
1870 1644 2072 1694 scilicet
2113 1662 2126 1695 ε
2171 1647 2422 1711 potentiae

1348 1715 1481 1780 ejuS,
1534 1718 1711 1782 quoad
1758 1733 1919 1784 opera
1962 1718 2278 1782 creationis;
2332 1735 2421 1769 sa-

1348 1789 1580 1854 pientiae,
1620 1792 1795 1857 quoad
1837 1807 1998 1857 opera
2041 1792 2413 1856 recreationis;

1348 1860 1606 1911 bonitatis
1626 1900 1639 1920 ‚
1711 1863 1888 1927 quoad
1958 1877 2120 1927 opera
2184 1863 2421 1914 retribu-

1345 1931 1513 1982 tionis
1560 1949 1574 1983 :
1614 1933 1688 1983 ita
1738 1943 1798 1983 ut
1853 1932 2029 1999 prima
2076 1934 2143 1983 ad
2179 1934 2419 1995 Patrem,

1347 2006 1576 2056 secunda
1616 2008 1681 2056 ad
1712 2006 1934 2070 Filium,
1966 2006 2121 2056 tertia
2151 2007 2216 2056 ad
2243 2007 2419 2073 Spiri-

1345 2086 1462 2126 tum
1493 2077 1746 2126 Sanctum
1784 2076 2059 2126 referatur.

1407 2162 1445 2211 4
1487 2148 1782 2196 APPAiuTxo
1819 2163 1888 2197 ET
1921 2162 2265 2204 cozzooumu
2302 2149 2416 2197 AN-

1345 2233 1486 2267 onm.
1518 2246 1578 2255 -—
1619 2219 1887 2285 Apparuit
1929 2224 2104 2268 autem
2148 2217 2418 2269 Zachariae

1347 2288 1563 2339 Gabriel
1617 2290 1861 2355 Angelus
1911 2296 2062 2339 stans
2114 2303 2149 2338 a
2203 2289 2420 2340 dextris

1344 2358 1543 2408 altaris
1594 2358 1810 2410 incensi.
1870 2358 1991 2418 Quo
2042 2358 2188 2419 νίεο,
2255 2359 2419 2411 timor

1345 2432 1510 2482 irruit
1548 2447 1708 2499 super
1752 2447 1894 2495 eum,
1943 2442 2161 2498 propter
2209 2434 2418 2485 altioris

1345 2512 1397 2553 et
1461 2503 1777 2568 potentioris
1832 2513 2034 2554 naturae
2081 2514 2353 2569 aspectum
2402 2522 2415 2555 ε

1343 2574 1435 2623 sed
1467 2574 1641 2623 bonus
1678 2589 1708 2624 a
1743 2574 1885 2624 malo
1920 2574 2262 2638 discernitur,
2288 2575 2417 2641 quia

1345 2646 1519 2695 malus
1570 2645 1851 2695 horrorem
1912 2645 2215 2704 continuat,
2286 2646 2414 2712 qui,

1341 2715 1637 2764 secundum
1666 2715 1888 2776 Bedam‚
1925 2715 2074 2764 nulla
2102 2715 2297 2765 melius
2326 2731 2415 2765 ra-

1338 2785 1484 2834 tione
1520 2800 1683 2850 quam
1731 2782 1835 2834 fide
1880 2784 2144 2849 intrepida
2190 2799 2416 2849 supera-

1336 2866 1454 2920 tur;
1499 2858 1671 2907 bonus
1722 2864 1899 2905 autem
1942 2855 2121 2905 statim
2154 2854 2414 2905 confortat

1337 2939 1388 2980 et
1428 2929 1747 2979 consolatur.
1779 2926 1931 2978 Unde
1958 2927 2195 2993 Angelus
2228 2927 2411 2977 statim

1336 3016 1462 3050 eum
1517 2998 1855 3058 confortavit,
1916 2997 2149 3048 dicens:
2199 2999 2287 3049 Ne
2350 2999 2410 3048 ti-

1335 3085 1498 3132 meas,
1565 3069 1857 3120 Zacharia.
1934 3068 2098 3127 Quasi
2154 3068 2353 3119 diceret
2390 3085 2403 3118 t

1332 3141 1471 3191 Veni
1525 3142 1588 3191 ad
1641 3139 2065 3191 consolationem
2121 3147 2288 3199 tuam,
2356 3149 2407 3189 et

1333 3216 1453 3265 ideo
1492 3213 1744 3264 subditur
1776 3230 1789 3263 ε
1827 3213 1972 3273 Quia
2014 3212 2277 3262 exaudita
2318 3218 2400 3262 est

1333 3286 1635 3353 deprecatio
1682 3291 1789 3335 tua.
1848 3283 2049 3335 Orabat
2111 3283 2252 3333 enim
2296 3298 2402 3331 non

1331 3372 1430 3421 pro
1459 3357 1665 3417 sobole,
1693 3358 1759 3407 de
1788 3370 1895 3422 qua
1923 3354 2030 3419 jam
2061 3370 2168 3403 non
2218 3367 2406 3418 spera-

1331 3430 1439 3489 bat,
1470 3427 1765 3493 praesertim
1793 3442 1916 3477 cum
1947 3427 2015 3475 de
2049 3440 2146 3475 sua
2185 3437 2403 3487 suaeque

1328 3499 1514 3549 uxoris
1542 3508 1693 3549 aetate
1736 3497 2016 3557 diffideret,
2048 3511 2111 3545 eo
2141 3508 2313 3559 usque
2338 3502 2400 3543 ut

1326 3570 1535 3635 Angelo
1560 3568 1615 3617 id
1644 3567 1977 3634 promittenti
1999 3582 2107 3617 non
2136 3565 2393 3626 crederet;

1327 3642 1422 3691 sed
1467 3656 1564 3706 pro
1614 3639 1798 3706 populi
1831 3639 2074 3705 peccatiS,
2104 3648 2156 3687 et
2185 3635 2400 3685 redem-

1326 3711 1533 3778 ptione,
1563 3721 1615 3761 et
1643 3711 1875 3760 adventu
1905 3707 2137 3759 Messiae‚
2176 3706 2244 3755 Et
2271 3706 2404 3770 quia

1326 3784 1472 3833 salus
1526 3781 1709 3847 populi
1753 3796 1849 3846 per
1892 3778 2170 3830 Christum
2219 3775 2398 3826 futura

1326 3863 1454 3912 erat,
1514 3850 1779 3900 nuntiavit
1839 3849 1886 3899 ei
1938 3846 2113 3896 filium
2155 3845 2397 3896 nascitu-

1322 3922 1562 3990 rum,qui
1585 3920 1953 3988 poenitentiam
1984 3927 2039 3967 et
2083 3916 2244 3968 fidem
2270 3932 2401 3983 prae-

2185 4034 2210 4083 3
