2784 4452
333 318 507 371 DEEO
551 320 758 380 QUOD
787 321 1048 374 JOSEPH
1085 324 1355 378 VOLUIT
1382 327 1785 382 DIMITTERE
1816 333 2114 417 MARIAM.
2274 337 2341 404 73

170 449 352 500 germen,
390 437 610 500 paritura
649 450 763 491 erat
800 456 815 491 ς
857 447 908 491 et
942 442 1159 493 vocabis

167 523 304 558 nomen
323 509 425 575 q'us
452 511 649 573 Jesum,
681 512 737 562 id
778 524 858 564 est
896 516 1158 567 Salvato-

166 592 269 644 rem;
304 579 404 644 ipse
438 580 569 630 enim
603 583 814 634 salvum
858 585 1027 644 faciet
1047 602 1156 652 po-

159 649 297 713 pulum
353 665 493 699 suum
557 667 591 702 a
647 655 890 718 peccatis
948 671 1149 708 eorum.

164 719 276 779 Quod
300 737 395 771 non
418 734 494 772 est
521 724 811 784 modicum,
838 726 967 792 quia
1004 730 1151 780 nulla

160 792 332 842 servitus
387 795 625 846 miserior
646 835 660 857 ,
725 805 888 864 quam
953 801 1151 852 servire

158 865 352 927 peccatis,
401 877 452 918 et
484 867 582 918 hoc
633 880 850 934 propter
889 871 1148 924 vilitatem

157 935 354 1000 ipsorum.
415 941 514 991 Ubi
567 942 806 993 ostendit
875 945 1146 1011 AngeluS,

157 1019 244 1057 eum
285 1025 447 1060 verum
515 1012 798 1063 hominem
868 1014 925 1064 in
992 1027 1146 1082 partu

155 1076 350 1144 Virginis,
376 1092 424 1132 et
450 1098 636 1133 verum
666 1084 857 1144 Deum,
889 1085 947 1136 in
975 1089 1145 1140 salute

154 1153 287 1215 populi
316 1168 342 1204 a
377 1156 611 1219 peccatiS,
643 1157 774 1222 quia
816 1160 998 1209 nullus
1041 1177 1143 1226 po·

154 1228 223 1270 test
255 1223 427 1275 salvare
472 1242 502 1276 a
556 1227 803 1292 peccatiS,
845 1228 950 1279 nisi
994 1233 1142 1281 solus

152 1290 262 1343 Deus.
293 1295 360 1346 De
406 1298 503 1347 hoc
561 1297 726 1348 latius
779 1298 957 1360 videre
996 1312 1144 1366 pote-

152 1360 201 1441 ris
226 1378 371 1430 supra,
419 1369 483 1419 de
534 1368 884 1434 conceptione
910 1371 1146 1423 Salvato-

153 1446 216 1483 ns.

191 1503 395 1559 SJOSEPH
425 1528 541 1564 vom
587 1517 795 1566 Ancum
837 1532 1047 1568 casnm.
1078 1544 1138 1555 —

147 1572 289 1656 Joseph
310 1580 475 1646 igitur,
503 1585 825 1636 certificatus
850 1587 916 1637 de
943 1603 1138 1638 conce-

146 1655 276 1708 ptione
295 1662 338 1701 et
360 1655 663 1721 virginitate
703 1659 900 1720 Mariae,
930 1674 1136 1711 exsur-

144 1731 240 1780 gens
265 1737 293 1770 a
323 1740 492 1778 somno
526 1729 841 1791 dubietatis,
865 1732 932 1782 ad
972 1748 1133 1782 man-

141 1787 274 1868 flatum
312 1799 505 1864 Angeli‚
558 1800 827 1866 accipiens
874 1817 1131 1869 sponsam

140 1874 181 1908 in
217 1867 483 1933 conjugem,
538 1871 596 1922 id
658 1883 756 1935 est,
808 1875 876 1926 ad
930 1891 1130 1928 nomen

139 1934 318 2012 cqnjugis
365 1951 414 1991 et
464 1945 672 2006 uxoris,
729 1963 851 1997 cum
906 1948 1131 2015 Virgine

138 2016 245 2071 virgo
274 2017 561 2078 permansit,
602 2027 655 2068 et
696 2019 745 2070 ei
785 2020 1124 2087 obsequiose,

136 2081 325 2142 tanquam
342 2085 585 2150 dominae,
613 2088 954 2142 ministravit.
987 2093 1128 2144 Hinc

137 2144 329 2232 habemus
352 2171 747 2225 argumentum,
785 2167 931 2232 quod
959 2167 1126 2235 quid-

137 2224 226 2284 quld
258 2243 283 2278 a
315 2231 413 2283 Deo
461 2252 771 2299 monemur,
816 2240 997 2290 statim
1039 2240 1123 2291 fa·

136 2306 214 2374 cere
232 2299 469 2357 debemus
507 2309 653 2375 Ergo
690 2310 735 2360 si
775 2312 968 2363 vovisti
1008 2313 1121 2365 Deo

133 2364 294 2444 ailquid,
321 2379 506 2441 statim,
547 2382 597 2432 si
635 2393 804 2448 potes,
847 2387 1117 2451 persolve3

132 2447 164 2482 81
186 2454 267 2492 non
288 2458 436 2511 potes,
465 2467 634 2517 quam
666 2453 775 2504 cito
816 2455 1118 2508 facultatem

131 2502 307 2575 habebiS‚
344 2524 516 2572 statim
559 2525 788 2590 implere
831 2529 1115 2580 teneberis.

131 2573 222 2661 Vota
255 2587 392 2641 etiam
444 2610 567 2659 quae
614 2596 733 2647 sine
776 2600 1118 2665 expressione

130 2660 214 2700 certi
257 2665 486 2726 temporis
541 2678 672 2717 sunt
727 2668 879 2731 facta,
933 2672 1114 2723 statim

128 2729 214 2771 sunt
232 2728 557 2797 adimplenda.
592 2738 748 2790 Unde
777 2742 1115 2808 chrysosto-

127 2802 206 2841 mus
234 2813 294 2845 ει(
329 2803 519 2872 Joseph
566 2825 663 2877 per
724 2813 995 2879 Angelum
1049 2817 1117 2867 de

127 2873 379 2945 Sacrfssnehto
434 2883 678 2948 mysterii
739 2886 967 2937 coelestis
1020 2888 1112 2939 in-

127 2938 311 3004 struitur,
375 2952 598 3003 monitis
687 2956 881 3022 Angeli
959 2959 1113 3010 laetus

126 3001 404 3079 ⁰btemperat‚
456 3024 698 3086 gaudens
747 3027 934 3080 divina
966 3030 1111 3095 jussa

125 3084 404 3150 prosequitur.
438 3094 676 3160 Suscipit
708 3109 947 3151 sanctam
989 3102 1109 3152 Ma-

124 3155 227 3210 nam,
255 3165 300 3205 et
333 3162 464 3213 votis
504 3168 873 3221 exultantibus
905 3173 1108 3237 gloria-

124 3221 201 3280 ωῐὶ
234 3228 341 3289 quia
376 3243 533 3287 tantae
588 3240 878 3305 majestatis
922 3244 1109 3311 Virgi-

125 3296 207 3339 nem
252 3311 453 3356 matrem
513 3310 797 3377 conjugem
846 3314 950 3366 dici
970 3354 982 3374 ,
1040 3316 1107 3365 ab

122 3353 265 3425 Angelo
276 3385 492 3428 meretur
508 3380 695 3433 audire
711 3398 725 3434 z
750 3402 778 3431 »
804 3383 917 3435 haec
933 3386 1108 3454 Chry·

123 3435 331 3511 qutpmuS.
382 3446 475 3498 Per
525 3451 725 3518 Joseph
778 3455 1102 3521 cogitantem

121 3494 318 3562 dunittere
365 3518 603 3585 Mariam,
647 3526 741 3592 qui
787 3527 1105 3580 certificatus

121 3567 163 3618 de
189 3588 403 3644 mysterio
447 3610 541 3659 per
575 3598 861 3664 Angelum,
903 3602 1105 3667 accepit

121 3650 197 3693 Μαι
231 3661 280 3701 ut
299 3656 580 3734 dominam,
619 3668 952 3734 significatur
996 3671 1103 3723 ho-

122 3720 179 3795 ¹¹¹⁶!
206 3718 427 3781 dubitans
465 3734 523 3785 in
563 3737 666 3790 fide
709 3742 793 3791 vel
836 3741 1117 3803 moribus,·

121 3793 179 3844 (ΙΨ
200 3806 274 3855 1³01·
292 3806 693 3874 praedicatorem,
713 3816 797 3865 vel
823 3815 1100 3867 confesso-

122 3862 208 3942 πω..
223 3862 420 3946 l3011u1n,
460 3880 720 3933 solidatur
755 3884 813 3935 in
860 3885 998 3946 istis,
1045 3897 1100 3938 et

120 3927 269 3990 subucit
292 3958 343 3994 se
372 3953 762 4009 monitionibus
794 3959 985 4025 ipsius.

1338 444 1372 496 6
1424 447 1542 498 Vox
1588 450 1754 502 donec
1796 467 2048 509 Quonono
2095 471 2342 507 iuratu-

1264 517 1474 568 cssnm?
1503 547 1564 557 —
1593 521 1671 572 Et
1709 536 1814 573 non
1842 525 2114 589 cognovit,
2157 526 2213 577 id
2260 538 2342 579 est

1266 605 1378 639 non
1420 593 1640 658 agnovit
1667 609 1803 655 eam,
1834 595 2001 646 donec
2026 600 2240 662 peperit
2251 600 2338 666 fi·

1263 659 1392 711 lium
1421 677 1576 713 suum
1608 665 2030 731 primogenitum
2049 683 2070 730 ,·
2108 670 2237 735 quia
2271 687 2335 722 eo

1261 743 1406 793 nato,
1436 734 1755 801 dignitatem
1772 738 1886 802 ejus
1909 739 2143 790 maxime
2159 755 2335 806 agno-

1256 805 1352 857 vit.
1372 807 1526 857 Unde
1552 809 2007 875 Chrysostomus:
2029 813 2207 875 «Were
2220 830 2332 866 non

1256 879 1510 942 cognovit
1535 896 1653 931 eam
1681 893 1823 944 ante,
1854 884 2006 949 cujus
2042 884 2214 936 fuerat
2239 887 2331 937 di—

1256 948 1501 1012 gnitatis3
1525 952 1619 1002 sed
1645 964 1932 1020 postquam
1954 956 2177 1022 peperit,
2200 966 2330 1009 tunc

1254 1020 1505 1084 cognovit
1558 1037 1677 1073 eam
1694 1039 1711 1087 ;
1766 1024 1896 1092 quia
1941 1026 2236 1092 speciosior
2273 1040 2329 1080 et

1253 1087 1472 1153 dignior
1530 1091 1665 1145 facta
1713 1095 1884 1147 fuerat
1902 1136 1916 1157 ,
1970 1113 2133 1163 quam
2178 1109 2326 1151 totus

1255 1161 1523 1226 mundus;
1561 1165 1690 1231 quia
1722 1182 1886 1233 quem
1915 1178 2060 1219 totus
2086 1170 2325 1222 mundus

1252 1247 1437 1298 capere
1477 1251 1587 1285 non
1628 1248 1850 1303 poterat,
1880 1240 1938 1290 in
1966 1252 2197 1307 angusto
2224 1258 2324 1294 cu-

1253 1302 1433 1354 biculo
1456 1308 1591 1358 uteri
1620 1310 1705 1359 sui
1735 1311 1849 1361 sola
1876 1312 2127 1378 suscepit.
2168 1333 2195 1361 »
2224 1314 2322 1365 Vel

1251 1390 1364 1425 non
1418 1381 1770 1443 cognoscebat
1814 1398 1932 1433 eam
1980 1400 2141 1450 opere
2185 1401 2322 1435 con-

1247 1445 1432 1511 jugali,
1455 1460 1672 1514 propter
1697 1466 1758 1502 ea
1776 1468 1899 1519 quae
1921 1455 2194 1516 didicerat,
2215 1456 2319 1507 do-

1248 1530 1343 1567 nec
1398 1534 1494 1584 pro
1546 1530 1747 1574 aeterno
1795 1526 2079 1586 sumend0,
2127 1526 2181 1576 id
2214 1537 2314 1588 est,

1247 1603 1561 1654 nunquam,
1618 1603 1679 1643 ut
1729 1609 1824 1659 per
1866 1597 2014 1661 parvi
2055 1598 2317 1664 temporis

1243 1658 1694 1725 significationem
1740 1683 1903 1718 omne
1964 1678 2177 1735 tempus
2231 1671 2315 1721 si-

1243 1733 1555 1803 gnificatum
1575 1739 1879 1806 accipiatur.
1904 1742 1998 1793 Est
2021 1743 2168 1794 enim
2200 1745 2313 1797 haec

1241 1803 1407 1856 dictio
1450 1809 1617 1861 donec
1639 1849 1654 1873 ,
1713 1814 2040 1881 quandoque
2094 1815 2311 1882 signifi-

1238 1878 1409 1930 cativa
1461 1881 1801 1936 determinati
1851 1889 2140 1952 temporis,
2198 1905 2309 1956 quo

1237 1960 1523 2013 transact0,
1557 1952 1617 2004 fit
1659 1956 1885 2024 aliquid.
1926 1959 2016 2009 Sic
2060 1959 2257 2011 dicitur
2291 1977 2306 2012 ι

1237 2023 1340 2073 Iste
1379 2039 1489 2074 non
1521 2027 1769 2088 comedit,
1799 2029 1968 2080 donec
2005 2042 2145 2082 esset
2173 2031 2307 2083 hora

1232 2104 1398 2155 sexta,
1420 2111 1528 2162 qua
1544 2101 1825 2164 completa,
1846 2100 2095 2153 comedit.
2114 2103 2305 2162 Quan-

1233 2167 1412 2235 doque
1434 2179 1515 2219 est
1542 2169 1858 2222 affirmativa
1881 2174 2130 2224 omnium
2160 2184 2304 2224 tem-

1233 2256 1447 2305 porum,
1476 2251 1528 2292 et
1554 2242 1834 2308 accipitur.
1858 2260 1957 2310 pro
1983 2260 2212 2310 semper,
2242 2257 2304 2298 ut

1230 2311 1308 2362 ibi
1353 2329 1368 2361 ι
1414 2313 1559 2363 Sede
1588 2329 1623 2363 a
1671 2314 1887 2366 dextris
1929 2317 2081 2377 meir,
2136 2316 2303 2368 donec

1219 2399 1422 2449 ponam
1449 2385 1691 2437 inimicos
1722 2393 1843 2438 tuos
1875 2388 2165 2439 scabellum
2198 2403 2299 2453 pe-

1225 2455 1352 2506 dum
1392 2462 1622 2519 tuorum,
1668 2458 1723 2508 id
1760 2468 1843 2509 est
1873 2475 1886 2509 :
1920 2474 2134 2524 semper
2173 2459 2299 2510 sede
2386 2529 2390 2533 ,

1224 2540 1256 2575 a
1282 2527 1485 2579 dextris
1524 2529 1676 2580 meis,
1713 2529 2052 2595 Quandoque
2078 2539 2159 2580 est
2194 2530 2297 2582 ab-

1225 2599 1469 2663 negativa
1496 2600 1746 2651 omnium
1774 2610 2099 2667 temporum,
2120 2611 2173 2651 et
2201 2616 2297 2652 ac-

1222 2669 1421 2735 cipitur
1472 2687 1569 2736 pro
1619 2687 1933 2738 nunquam,
1986 2682 2047 2722 ut
2095 2671 2183 2723 hic
2234 2673 2293 2723 in

1223 2741 1519 2807 proposito.
1561 2743 1617 2793 Si
1658 2743 1807 2793 enim
1844 2758 1963 2795 eam
2007 2759 2118 2793 non
2160 2759 2294 2809 cog·

1222 2815 1372 2865 novit
1416 2825 1539 2866 ante
1591 2826 1836 2882 partum,
1886 2818 2060 2867 multo
2118 2816 2292 2882 magis

1221 2901 1331 2934 non
1372 2886 1622 2952 cognovit
1642 2902 1760 2938 eam
1792 2898 1914 2954 post
1940 2897 2170 2953 partum,
2201 2886 2291 2937 vi-

1219 2955 1296 3006 sis
1328 2956 1573 3008 videlicet
1611 2967 1688 3008 tot
1712 2959 1886 3024 signis
1917 2968 1970 3009 et
2013 2958 2289 3010 miraculis

1220 3029 1277 3079 in
1325 3030 1599 3082 nativitate
1619 3068 1633 3091 ,
1683 3042 1737 3082 et
1788 3042 1909 3097 post
1953 3031 2288 3083 nativitatem

1217 3100 1460 3161 Domini,
1489 3118 1817 3169 cognoscens
1848 3105 2022 3155 Deum
2046 3119 2162 3154 esse
2189 3105 2285 3171 qui

1218 3180 1376 3222 natus
1420 3183 1518 3225 est.
1562 3174 1747 3241 Aliqui
1782 3185 2059 3241 exponunt
2091 3176 2194 3226 hoc
2219 3176 2287 3225 de

1216 3244 1524 3309 cognitione
1561 3245 1733 3306 faciei,
1767 3246 2005 3297 dicentes
2044 3248 2192 3314 quod
2220 3264 2286 3300 ex

1216 3315 1497 3380 praesentia
1524 3316 1728 3368 Christi
1763 3317 1821 3368 in
1858 3329 2011 3369 utero
2033 3318 2281 3384 virginiS,

1215 3397 1361 3437 tanta
1382 3397 1493 3437 erat
1515 3387 1725 3439 claritas
1745 3390 1803 3440 in
1823 3389 1955 3441 facie
1976 3391 2110 3455 ejus,
2136 3390 2283 3456 quod

1212 3460 1414 3525 Joseph
1454 3460 1586 3512 facie
1615 3462 1681 3511 ad
1720 3462 1908 3514 faciem
1951 3479 2069 3514 eam
2103 3463 2283 3514 videre

1214 3546 1325 3580 non
1351 3540 1573 3597 poterat,
1598 3547 1763 3599 quam
1791 3533 2027 3599 Spiritus
2055 3535 2280 3584 Sanctus

1208 3619 1241 3654 a
1286 3605 1634 3670 conceptione
1685 3606 1901 3671 penitus
1948 3606 2277 3673 impleverat.

1208 3674 1357 3726 Sicut
1381 3674 1582 3728 dicitur
1602 3677 1669 3727 de
1688 3677 1923 3729 claritate
1944 3675 2095 3728 faciei
2116 3676 2276 3740 Moy-

1198 3747 1302 3806 sis,
1333 3763 1398 3799 ex
1426 3750 1697 3801 consortio
1729 3750 1998 3801 sermonis
2032 3746 2273 3807 Domini,

1192 3818 1334 3884 quia
1365 3835 1475 3871 non
1505 3833 1750 3888 poterant
1767 3821 2043 3873 intendere
2069 3820 2126 3870 in
2147 3834 2272 3870 eum

1205 3889 1304 3941 filii
1337 3891 1514 3944 Israel.
1536 3893 1601 3944 Et
1630 3893 1751 3944 ideo
1778 3893 1974 3958 Joseph
2002 3908 2112 3942 non
2141 3907 2273 3957 cog-

1207 3964 1459 4015 noscebat
1515 3964 1648 4016 facie
1698 3966 1763 4015 ad
1818 3964 2004 4015 faciem
2037 4003 2051 4027 ,
2105 3980 2270 4031 quam
