2784 4452
310 285 425 335 414

310 381 714 448 elongationem
741 397 775 433 ι
803 381 933 443 Deo,
960 392 1017 433 et
1040 381 1168 448 quia
1196 380 1381 431 omni-

317 456 425 505 bus
453 454 750 505 immundis
781 465 836 505 et
861 454 1037 520 pravis
1063 451 1380 520 operationi-

315 531 442 581 bus*
478 545 535 581 se
583 529 870 580 immiscet.
926 530 1104 595 Ipsum
1164 543 1383 594 quoque

318 600 643 651 immundum
669 600 935 666 spiritum,
962 597 1384 660 Minus,licet

315 689 440 726 vera
484 674 549 724 de
585 689 649 724 eo
678 672 1065 732 testificantem,
1096 671 1254 737 jussit
1280 672 1385 721 ob-

316 758 632 811 mutescere,
675 762 743 797 ne
778 745 916 795 veris
951 744 1083 795 falsa
1119 744 1384 805 misceret,

313 829 370 869 et
396 833 463 867 ne
485 816 753 868 videretur
772 816 839 867 ab
865 816 984 881 ipso
1011 815 1384 865 testimonium

313 906 576 958 quaerere,
601 889 836 940 maxime
869 889 996 955 quia
1026 889 1276 939 Pharisaei
1297 888 1386 938 di-

317 961 507 1013 cebant
555 960 735 1026 ipsum
777 959 834 1009 in
869 959 1166 1009 Beelzebub
1193 959 1388 1009 daemo·

313 1033 405 1084 nia
450 1034 653 1098 ejicere,
696 1042 750 1082 et
791 1047 860 1081 ne
891 1031 1158 1081 videretur
1184 1031 1389 1082 utilitas

339 1106 512 1157 crucis
540 1117 591 1157 et
622 1103 893 1155 Passionis
918 1119 1052 1154 suae.
1083 1105 1141 1154 ln
1172 1120 1282 1170 quo
1308 1105 1392 1154 da-

323 1188 411 1227 tur
461 1176 617 1226 nobis
666 1175 864 1240 dogma
915 1172 1282 1234 salutiferum,
1330 1186 1392 1226 ut

321 1247 657 1299 daemonibus
700 1246 800 1312 qui
845 1247 1123 1295 mendaces
1169 1255 1296 1296 sunt
1342 1257 1392 1297 et

331 1319 394 1370 in
421 1317 640 1368 veritate
669 1332 781 1366 non
824 1325 1106 1375 steterunt,
1139 1332 1249 1366 non
1276 1332 1395 1367 cre·-

330 1390 543 1449 damus,
573 1396 1053 1453 quantumcunque
1078 1387 1396 1437 denuntient

327 1461 634 1524 veritatem3
668 1460 795 1526 quia
820 1460 865 1510 si
894 1460 1105 1526 aliquos
1142 1460 1247 1509 sibi
1276 1475 1395 1510 cre-

320 1531 508 1582 dentes
544 1531 880 1591 invenerint,
932 1529 1139 1581 veritati
1182 1531 1396 1581 menda-

332 1601 477 1652 cium
509 1601 758 1664 miscent,
790 1611 844 1650 et
863 1600 1142 1651 veritatem
1160 1600 1214 1649 in
1237 1616 1397 1650 men-

325 1674 539 1725 dacium
568 1683 904 1733 convertunt¹
935 1689 995 1724 ac
1024 1689 1148 1723 vera
1171 1673 1396 1723 dicendo

329 1744 577 1794 nituntur
603 1745 873 1795 credentes
901 1743 959 1793 in
996 1759 1232 1794 errorem
1272 1744 1397 1793 ido-

319 1815 555 1865 lolatriae
611 1825 667 1865 et
717 1824 927 1881 peccata
981 1814 1248 1865 inducere.
1301 1815 1399 1865 Per

309 1891 427 1941 hoc
457 1900 638 1940 autem
665 1890 811 1955 quod
836 1888 1086 1940 Christus
1109 1889 1397 1955 increpavit

324 1962 647 2021 daemonem,
687 1960 781 2027 qui
829 1976 982 2011 suam
1046 1960 1396 2011 confitebatur

328 2042 642 2098 potestatem
696 2042 749 2082 et
792 2031 1127 2083 sanctitatem
1143 2070 1157 2091 ,
1212 2031 1396 2096 impo-

329 2121 468 2156 nens
495 2105 543 2155 ei
564 2104 1061 2169 silentium,d0cuit
1085 2120 1184 2155 nos
1212 2105 1396 2156 laudes

319 2177 562 2245 turpium
619 2177 819 2244 fugere.
883 2177 1057 2238 Unde,
1094 2178 1391 2229 secundum

321 2252 594 2313 Senecam,
648 2261 758 2301 tam
803 2249 955 2301 triste
991 2260 1044 2301 et
1095 2260 1205 2302 tam
1237 2262 1394 2317 turpe

323 2320 486 2371 nobis
506 2321 666 2370 debet
695 2335 810 2370 esse
841 2320 1046 2370 laudari
1074 2335 1105 2370 a
1124 2321 1389 2387 turpibus,

328 2405 495 2456 quam
523 2390 568 2439 si
600 2391 879 2439 laudemur
910 2390 982 2439 ob
1013 2390 1206 2456 turpia.

382 2479 420 2527 4
450 2463 807 2513 Dumnacus
829 2479 863 2511 A
885 2477 1113 2512 nunono
1137 2479 1248 2513 nuit
1275 2477 1391 2514 nrs-

317 2550 594 2586 ommi-z
645 2550 965 2586 nunu-run.
1011 2562 1074 2573 --
1111 2534 1183 2586 Et
1226 2536 1391 2601 spiri-

325 2616 416 2657 tus
443 2605 761 2655 immundus
793 2606 973 2670 jussus
1009 2608 1158 2659 exire
1185 2608 1252 2657 ab
1285 2608 1391 2657 ho-

330 2677 500 2737 mine,
530 2677 746 2743 projecit
781 2678 936 2730 illum
966 2681 1022 2731 in
1056 2680 1317 2740 medium,
1342 2690 1394 2730 et

322 2748 629 2813 discerpens
653 2764 790 2813 eum,
821 2761 1108 2817 quantum,
1141 2752 1210 2801 ad
1249 2751 1389 2801 affli-

323 2819 576 2878 ctionem,
611 2821 786 2871 exivit
816 2822 958 2887 inde,
981 2829 1034 2873 et
1060 2822 1194 2874 nihil
1218 2823 1269 2874 ei
1296 2837 1394 2873 no-

320 2890 469 2951 cuit,
519 2900 787 2955 quantum
838 2893 906 2941 ad
973 2893 1389 2945 mutilationem.

333 2959 437 3009 Ubi
470 2960 844 3027 Hieronymus
881 2981 905 3014 .-
938 2981 967 3011 α
1002 2965 1234 3030 Spiritus
1276 2963 1395 3015 dis-

326 3045 545 3098 cerpens
611 3032 888 3085 hominem
919 3074 935 3095 ,
995 3038 1136 3088 exiit
1195 3038 1264 3088 ab
1310 3049 1389 3088 eo.

322 3104 806 3170 Appropinquante
859 3109 1063 3168 salute,
1114 3109 1395 3175 appropin-

317 3185 452 3239 quat
488 3187 541 3226 et
576 3176 815 3227 tentatiO.
862 3179 1085 3241 Phara0,
1133 3181 1394 3233 dimissus

311 3247 392 3297 ab
428 3248 606 3311 Israel,
656 3250 997 3315 persequitur
1046 3253 1224 3304 lsrael.
1264 3255 1394 3306 Dia-

327 3318 483 3369 bolus
515 3329 855 3385 contemptim
887 3322 1062 3389 surgit
1087 3324 1146 3374 in
1172 3327 1394 3377 smnda-

320 3390 376 3440 la
402 3406 419 3437 ε
446 3409 474 3438 »
504 3390 621 3440 haec
651 3392 1044 3461 Hieronymus.
1092 3396 1184 3446 Sic
1233 3398 1392 3448 etiam

309 3459 515 3510 accidit
560 3461 908 3526 spiritualiter
928 3502 942 3525 ,
976 3465 1108 3531 quia
1147 3467 1394 3520 diabolus

326 3544 470 3595 saepe
503 3530 565 3581 in
610 3534 849 3585 medium
891 3537 1101 3602 projicit
1122 3549 1392 3603 peccatum

314 3600 553 3667 alicujus
605 3604 672 3654 ad
724 3605 840 3670 ejus
886 3606 1316 3675 infamationem3
1344 3622 1398 3662 et

325 3687 451 3722 cum
503 3685 742 3738 peccator
785 3676 929 3728 videt
976 3694 1033 3729 se
1088 3681 1395 3748 confusum,

326 3742 556 3796 dimittit
596 3757 893 3811 peccatum,
929 3751 1246 3820 cogiturque
1275 3754 1397 3806 dia-

329 3815 490 3868 bolus
536 3818 604 3867 ab
651 3835 718 3871 eo
756 3820 919 3873 exire.
958 3824 1116 3875 Unde
1158 3826 1217 3877 in
1247 3827 1397 3878 Psal-

326 3884 434 3936 mis
472 3903 489 3937 :
532 3889 702 3954 Imple
756 3891 941 3956 facies
989 3909 1172 3950 eorum
1222 3899 1382 3965 igno-

967 268 1205 318 12leAE
1241 268 1320 318 ΡΑ
1330 267 1491 319 RTIS
1521 268 1757 321 CAPUT
1785 270 1967 323 XLm.

1492 381 1689 446 minia',
1732 388 1786 433 et
1843 391 2083 449 quoerent
2131 399 2319 436 nomen
2374 394 2562 453 tuum,

1486 454 1733 506 Domine.
1781 455 2115 508 Verecundia
2164 459 2313 509 enim
2329 497 2347 520 ,
2392 476 2564 527 quarn

1488 526 1648 578 habet
1673 538 1917 594 peccator
1941 531 2010 579 de
2036 543 2267 595 peccato,
2299 543 2381 584 est
2407 535 2567 586 valde
2610 534 2619 540 ’

1488 599 1639 650 utilis
1708 601 1774 651 ad
1816 600 2198 652 dimittendum
2256 615 2563 669 peccatum.

1492 671 1712 736 Propter
1758 674 1903 738 quod
1956 673 2091 725 dicit
2133 675 2357 740 Seneca,
2411 679 2566 744 quod

1491 757 1599 791 non
1650 743 2004 797 dimittendus
2048 755 2128 796 est
2173 747 2379 811 pudor,
2433 750 2568 815 quia

1491 813 1731 878 quandiu
1775 813 1830 865 in
1857 814 2040 866 animo
2076 817 2348 868 duraverit
2389 819 2569 870 alicu-

1492 884 1598 948 jus,
1624 884 1727 934 erit
1766 885 1919 936 bonae
1953 886 2064 952 spei
2113 888 2285 938 locus.
2323 890 2431 939 Per
2459 891 2568 942 hoc

1492 968 1675 1008 autem
1717 960 1863 1025 quod
1913 960 2218 1027 discerpens
2265 977 2383 1013 eum
2425 965 2575 1016 exiit

1492 1030 1565 1080 ab
1584 1045 1662 1094 eo,
1694 1031 2022 1099 intelligitur.
2039 1036 2187 1101 quod
2211 1037 2396 1086 nullus
2425 1037 2574 1087 libe-

1495 1111 1641 1153 ratur
1687 1118 1721 1152 a
1765 1103 1979 1155 diabolo
1997 1142 2013 1168 ,
2073 1105 2180 1156 nisi
2234 1107 2575 1173 discerpatur

1495 1187 1588 1237 per
1635 1175 2109 1240 compunctionem
2167 1185 2219 1226 et
2282 1178 2575 1229 contritio-

1499 1259 1625 1294 nem
1663 1246 1966 1299 salutarem.
2019 1248 2086 1297 Et
2131 1247 2432 1314 specialiter
2461 1250 2570 1301 hoc

1497 1315 1567 1365 de
1593 1316 1768 1366 carnis
1789 1317 1925 1368 vitio
1956 1318 2295 1384 intelligitur,
2320 1320 2453 1385 quia
2478 1321 2573 1371 vi-

1499 1387 1637 1438 tium
1678 1390 1885 1440 carnale
1929 1407 2040 1442 non
2086 1392 2195 1443 nisi
2235 1393 2411 1443 oernis
2437 1394 2575 1444 affli-

1500 1459 1677 1510 ctione
1687 1470 1918 1522 curatur,
1938 1472 2000 1513 ut
2019 1463 2157 1513 :Per
2175 1477 2295 1529 quoe
2316 1466 2439 1530 quis
2443 1481 2571 1532 pee-

1499 1537 1606 1594 cat,
1623 1546 1726 1596 per
1759 1533 1874 1584 hoec
1901 1540 1953 1583 et
1987 1541 2317 1600 torqueatur.
2349 1537 2431 1586 De
2461 1537 2571 1588 alio

1498 1610 1677 1652 autem
1706 1602 1901 1655 dicitur
1929 1620 1945 1655 z
1975 1605 2056 1656 Et
2079 1605 2272 1670 sactus
2310 1614 2397 1657 est
2430 1608 2577 1660 sicut

1501 1678 1778 1735 mortuus,
1827 1673 1904 1724 ita
1969 1681 2027 1724 ut
2075 1677 2229 1726 multi
2279 1678 2522 1728 dicerent
2556 1697 2575 1728 .-

1502 1742 1646 1804 Quia
1664 1751 1905 1795 mortuus
1924 1751 2021 1796 est.
2046 1747 2199 1797 Unde
2228 1748 2542 1814 Gregorius
2557 1767 2575 1799 .-

1502 1832 1531 1860 ιε
1554 1814 1729 1936 ἴεωῐ
1778 1826 2028 1866 mortuus
2076 1816 2275 1882 quippe
2324 1819 2575 1869 ostendi-

1504 1896 1562 1936 tu
1595 1924 1608 1949 ,
1640 1886 1735 1952 qui
1782 1902 1815 1937 a
1855 1888 2078 1954 maligni
2133 1888 2356 1954 spiritus
2414 1901 2578 1955 pote-

1500 1966 1633 2007 state
1676 1956 1962 2021 liberatum
1989 1958 2117 2024 quia
2166 1958 2423 2024 quisquis
2463 1960 2575 2024 jam

1500 2028 1980 2079 terrenadesideria
2009 2029 2423 2094 subjicit‚vitam
2439 2030 2499 2080 in
2515 2047 2577 2082 se

1499 2099 1726 2149 carnalis
1773 2100 2194 2150 conversationis
2239 2100 2571 2166 exstinguit,

1498 2179 1554 2219 et
1584 2171 1788 2220 mundo
1842 2179 2091 2220 mortuus
2145 2181 2382 2237 apparet,
2433 2171 2567 2238 quia

1499 2258 1804 2308 possessore
1836 2258 2015 2308 pram,
2044 2243 2137 2309 qui
2164 2258 2257 2308 per
2285 2242 2576 2295 immunda

1464 2365 1465 2368 ,
1496 2312 1761 2363 desideria
1803 2329 1862 2364 se
1909 2313 2158 2379 agitabat,
2187 2324 2343 2364 caret.
2395 2314 2574 2373 Quem

1499 2385 1657 2435 multi
1686 2395 1964 2436 mortuum
1995 2385 2209 2445 dicunt,
2239 2385 2369 2451 quia
2401 2385 2574 2450 spiri-

1496 2455 1711 2506 tualiter
1753 2455 1931 2506 vivere
1978 2454 2259 2514 nesciunt,
2299 2470 2423 2504 cum
2473 2455 2573 2520 qui

1496 2525 1726 2577 carnalia
1768 2526 1909 2576 bona
1941 2541 2049 2576 non
2082 2524 2346 2590 sequitur,
2371 2525 2576 2575 exstin-

1495 2607 1644 2647 ctum
1693 2596 1939 2648 funditus
1977 2595 2304 2646 arbitrantur
2347 2611 2362 2644 :
2406 2613 2435 2642 κ
2459 2594 2577 2646 haec

1499 2669 1822 2735 GregoriuS.
1850 2668 1912 2719 Si
1941 2683 2067 2734 ergo
2091 2682 2122 2719 a
2158 2666 2392 2732 maligno
2425 2666 2575 2718 libe-

1497 2750 1643 2790 ratus
1685 2750 1766 2791 est
1813 2748 2089 2799 mortuuS,
2133 2737 2378 2803 sequitur
2419 2738 2570 2802 quod

1496 2814 1591 2880 qui
1630 2830 1741 2864 non
1790 2823 1874 2864 ost
1907 2813 2113 2863 mundo
2142 2822 2411 2871 mortuus,
2456 2828 2573 2862 non

1497 2898 1579 2939 est
1605 2904 1637 2940 a
1665 2886 1907 2953 maligno
1955 2886 2245 2947 liberatus3
2294 2885 2442 2950 quod
2494 2897 2578 2936 est

1499 2958 1734 3009 verbum
1762 2956 2000 3008 terribile
2020 2957 2286 3006 mundum
2307 2954 2583 3021 diligenti-

1499 3033 1621 3084 bus.
1683 3032 1846 3082 Jesus
1901 3037 2078 3081 autem
2135 3036 2313 3079 tenens
2359 3045 2578 3079 manum

1498 3106 1616 3173 ejus
1645 3106 1870 3157 elevavit
1903 3118 2041 3166 eum,
2070 3110 2121 3154 et
2152 3103 2428 3165 surrexit,·
2457 3103 2578 3168 ipse

1499 3177 1647 3228 enim
1671 3175 1946 3242 prostratis
1973 3190 2196 3225 manum
2225 3172 2413 3224 auxilii
2437 3189 2576 3237 por-

1501 3248 1651 3314 rigit,
1694 3247 1811 3312 ipse
1850 3246 2016 3298 elisos
2062 3244 2239 3310 erigit.
2290 3244 2400 3294 Ubi
2434 3246 2578 3294 Am-

1505 3319 1716 3370 brosius
1755 3335 1777 3370 .·
1817 3336 1849 3366 α
1880 3315 2103 3382 Mystice
2144 3325 2327 3365 autem
2371 3314 2468 3377 qui
2521 3313 2579 3365 in

1502 3405 1809 3461 synagoga
1875 3390 2102 3441 habebat
2151 3388 2400 3454 spiritum
2465 3386 2581 3438 int-

1502 3464 1785 3543 mundqm,
1835 3463 2071 3528 populus
2110 3471 2192 3512 est
2231 3458 2577 3520 Judaeorum,

1501 3535 1601 3603 qui
1632 3534 1925 3588 innodatus
1943 3532 2143 3583 diaboli
2172 3530 2378 3597 laqueis
2405 3530 2581 3582 simu·

1500 3609 1665 3660 latam
1683 3606 1922 3673 corporis
1953 3604 2277 3664 munditiam
2299 3600 2579 3652 interioris

1504 3679 1699 3731 mentis
1771 3677 2024 3730 sordibus
2091 3673 2430 3741 inquinabat.
2508 3672 2576 3723 Et

1504 3754 1643 3805 bene
1660 3751 1915 3819 spiritum
1944 3750 2291 3801 immundum
2319 3744 2574 3823 habebat,

1503 3824 1633 3891 quia
1675 3822 1937 3888 Spiritum
1989 3823 2244 3872 Sanctum
2301 3824 2570 3866 amiserat.

1502 3896 1785 3950 introierat
1866 3896 2012 3949 enim
2075 3891 2325 3945 diabolus
2350 3927 2369 3952 ,
2426 3887 2572 3938 unde
