2784 4452
297 236 368 299 84

289 352 595 413 adorabant,
621 358 673 399 et
694 357 946 413 tanquam
965 343 1229 394 laudando
1253 359 1355 393 vo·-

288 439 380 475 ces
407 421 618 473 dabant.
648 420 801 471 Unde
827 416 1181 469 Ambrosius.-
1210 433 1239 462 «
1267 416 1354 465 In-

288 494 452 546 fantis
487 491 641 542 audis
665 490 893 557 vagitus,
925 503 1035 538 non
1071 485 1225 552 audis
1251 485 1353 535 bo—

281 567 366 617 vis
401 564 699 616 Dominum
736 558 1070 629 agnoscentis
1093 557 1349 624 mugitus.

282 636 528 704 Agnovit
541 636 678 686 enim
695 634 788 685 bos
793 644 1161 698 possessorem
1175 644 1346 692 suum,

278 718 332 762 et
381 710 572 762 asinus
611 720 860 775 praesepe
900 704 1122 756 Domini
1168 704 1272 754 sui.
1320 722 1347 751 »

274 782 432 834 Unde
471 792 524 832 et
565 778 874 846 Gregorius
898 776 1300 844 ,Nazianzenus
1329 794 1346 828 .-

277 872 307 899 ιι
338 854 605 904 Venerare
628 863 867 916 praesepe
894 847 1047 906 illud,
1076 862 1172 913 per
1201 847 1346 913 quod

272 939 403 974 cum
450 937 594 973 esses
631 935 771 986 pene
822 919 926 984 jam
973 928 1187 967 mutum
1227 917 1345 967 ani-

267 1000 400 1059 mal,
422 994 654 1065 pasceris
683 1009 828 1045 nunc
853 993 1034 1044 Verbo
1061 1003 1115 1043 et
1143 992 1344 1043 ratione

267 1068 388 1121 Dei.
436 1070 682 1135 Agnosce
722 1074 783 1115 ut
838 1064 940 1115 bos
983 1078 1340 1129 possessorem

263 1149 444 1203 tuum,
475 1148 527 1189 et
553 1137 692 1188 sicut
733 1135 920 1187 asinus
961 1150 1198 1201 praesepe
1226 1135 1340 1185 Do-

259 1212 404 1264 mini
461 1210 574 1276 tui;
614 1210 689 1261 sis
730 1210 797 1260 de
832 1224 1062 1259 numero
1106 1209 1339 1259 mundo-

260 1297 392 1336 rum
427 1282 764 1342 animalium,
795 1290 850 1331 et
889 1295 1075 1350 eorum
1113 1279 1208 1347 qui
1245 1295 1339 1329 ru-

256 1356 473 1407 minare
518 1362 738 1419 norunt,
773 1365 826 1405 et
868 1354 1094 1404 verbum
1136 1354 1234 1404 Dei
1270 1355 1336 1404 ad

258 1427 581 1478 memoriam
627 1441 889 1491 revocare,
927 1425 1133 1492 quique
1173 1424 1333 1475 etiam

254 1497 455 1548 divinis
505 1496 780 1548 sacrificiis
801 1535 815 1558 ,
869 1506 1031 1561 atque
1080 1494 1334 1546 altaribus

253 1581 379 1637 apta
418 1581 546 1622 sunt
561 1588 579 1634 ;v
621 1586 716 1621 seu
754 1580 895 1621 certe
934 1584 999 1619 ex
1035 1568 1332 1620 immundis

253 1656 314 1692 es
359 1642 703 1706 animalibuS,
745 1652 797 1692 et
845 1655 1020 1707 neque
1059 1640 1194 1690 cibis
1232 1656 1330 1690 nec

249 1712 533 1764 sacrificiis
566 1715 853 1764 denotatus
897 1728 972 1763 es.
1013 1732 1042 1760 »
1087 1713 1186 1763 Per
1212 1713 1329 1762 Ma-

245 1787 388 1839 riam
436 1787 672 1838 Ecclesia
706 1786 976 1853 designari
1021 1795 1229 1852 potest,
1276 1797 1327 1837 et

244 1874 345 1926 per
389 1859 590 1926 Joseph
636 1875 899 1926 sponsum
940 1858 1074 1924 ejuS,
1117 1856 1325 1924 episco-

243 1946 369 1997 pus.
409 1932 630 1997 Propter
666 1932 814 2000 quod
859 1929 1127 1981 annulum
1164 1930 1324 1982 habet

243 2002 393 2056 sicut
423 2018 672 2069 sponsus,
703 2013 755 2054 et
781 2002 919 2053 sicut
947 2000 1112 2062 Maria
1138 2001 1323 2053 fecun-

245 2074 316 2125 da
338 2073 460 2135 fuit,
487 2091 596 2125 non
623 2085 804 2125 tamen
824 2089 854 2125 a
874 2073 1072 2140 Joseph
1097 2090 1318 2141 spons0,

237 2146 338 2196 sed
390 2160 422 2195 a
475 2145 682 2213 Spiritu
728 2146 959 2209 Sancte,
1006 2144 1082 2195 sic
1125 2154 1176 2195 et
1220 2146 1321 2196 Ec-

239 2216 407 2267 clesia
448 2215 830 2268 fecunditatem
870 2216 1052 2283 gratiae
1087 2215 1249 2268 habet
1289 2234 1318 2268 a

235 2285 374 2339 Deo,
439 2289 511 2339 Hi
577 2290 868 2341 ascendunt
929 2290 1194 2340 tendendo
1258 2290 1315 2340 in

235 2355 559 2408 Bethlehem
596 2359 863 2410 civitatem
898 2374 1072 2423 suam,
1115 2359 1318 2413 scilicet

237 2428 528 2494 coelestem,
563 2439 616 2479 et
655 2428 974 2495 profitentur
1008 2430 1161 2480 omni
1207 2429 1314 2480 im-

236 2497 474 2562 peratori
520 2497 774 2548 exhibere
827 2498 1158 2550 servitutem.
1211 2501 1313 2550 Ec-

231 2565 398 2616 clesia
453 2581 578 2616 vero
635 2566 689 2616 in
732 2566 973 2633 qualibet
1009 2567 1148 2618 bona
1190 2585 1311 2634 per-

231 2649 368 2687 sona
422 2636 562 2703 parit
611 2635 785 2687 filium
839 2637 1052 2704 quando
1104 2638 1308 2689 bonum

231 2705 387 2772 prius
428 2717 749 2773 conceptum
797 2707 1039 2774 perducit
1074 2708 1140 2758 ad
1176 2709 1308 2760 effe-

230 2787 413 2842 ctum3
472 2789 523 2829 et
569 2778 759 2844 pannis
805 2778 1041 2844 involvit,
1087 2781 1306 2846 quando

227 2850 298 2900 ab
355 2851 612 2902 humanis
653 2852 905 2903 laudibus
939 2853 1043 2904 hoc
1077 2853 1305 2905 abscon-

227 2921 311 2972 dit
320 2936 336 2986 ;
369 2932 422 2973 et
446 2923 504 2972 in
534 2923 794 2991 praesepio
817 2925 1118 2986 reclinatur,
1139 2942 1305 2992 quan-

226 2993 303 3045 do
327 3010 391 3045 ex
422 2995 566 3046 bono
595 3013 755 3063 opere
785 3014 894 3048 non
927 2999 1179 3060 elevatur,
1208 3001 1300 3050 sed

227 3065 406 3131 magis
433 3081 492 3116 se
512 3066 784 3119 humiliat.
803 3069 1122 3119 Nascentem
1141 3068 1299 3120 etiam

225 3134 528 3187 Dominum
574 3138 764 3204 Angeli
816 3138 1297 3206 circumdederunt,

229 3218 283 3260 et
312 3219 500 3261 natum
529 3211 712 3261 statim
740 3211 1110 3265 adoraverunt.

295 3297 315 3332 1
335 3298 353 3332 1
397 3283 637 3334 GAnmm.
669 3301 740 3335 An
769 3300 1031 3337 msronns
1063 3303 1298 3341 ccam-rus

221 3369 506 3407 turn-run.
540 3385 605 3395 —
639 3357 720 3408 Et
754 3365 1011 3424 pastores
1054 3370 1211 3413 erant
1240 3363 1294 3413 in

220 3425 449 3496 regione
489 3428 676 3478 eadem
713 3428 1005 3494 vigilantes
1036 3435 1088 3481 et
1113 3438 1294 3483 custo-

218 3495 427 3548 dientes
468 3498 695 3564 vigilias
741 3499 914 3550 noctis
957 3514 1122 3566 super
1159 3514 1292 3568 gre-

243 3579 346 3644 ‘em
373 3581 546 3630 suum,
577 3585 745 3636 prope
779 3585 875 3636 per
905 3569 1153 3633 milliare,
1182 3571 1290 3623 sci-

242 3644 344 3685 1cet
400 3637 546 3702 juxta
584 3639 780 3690 turrim
824 3641 1113 3707 quamdam
1153 3640 1290 3692 inter

184 3727 186 3730 >
218 3703 541 3760 Bethlehem
568 3720 620 3762 et
657 3711 966 3774 Jerusalem,
996 3712 1089 3764 ubi
1124 3714 1286 3765 Jacob

217 3776 428 3830 rediens
485 3782 552 3832 de
600 3783 998 3850 Mesopotamia,
1045 3794 1285 3836 moratus

217 3856 303 3899 est
334 3863 461 3902 cum
499 3868 658 3920 grege
693 3869 813 3922 suo,
852 3855 945 3908 ubi
985 3866 1197 3909 mortua
1231 3866 1284 3908 et

978 224 1217 276 PRIMAE
1253 219 1500 273 PARTIS
1532 218 1767 271 CAPUT
1798 220 1888 272 IX.

1463 336 1672 406 sepulta
1699 336 1780 388 e'st
1813 338 2028 403 Rachel,
2059 348 2112 389 et
2147 339 2314 390 turris
2358 355 2537 408 gregis

1460 411 1681 477 dicitur3
1722 411 1816 464 ubi
1867 413 2029 464 etiam
2055 414 2124 477 {in
2168 413 2400 464 Ecclesia
2427 414 2531 466 tria

1458 496 1729 552 pastorum
1759 485 1979 536 illorum
2010 496 2375 537 monstrantur
2402 503 2524 538 mo-

1455 568 1731 609 numenta.
1768 556 1847 609 Et
1880 571 1999 609 ecce
2033 558 2282 624 Angelus
2323 559 2515 611 Domi-

1455 630 1537 690 ni,
1581 628 1718 679 circa
1762 638 2004 696 quartam
2051 629 2293 695 vigiliam
2343 632 2518 683 noctis

1454 700 1603 751 venit
1641 700 1708 751 ad
1753 715 1865 751 eos.
1906 699 2176 750 Dividitur
2222 701 2369 752 enim
2415 719 2523 754 nox

1455 770 1510 821 in
1543 781 1775 839 quatuor
1813 770 2051 837 vigilias;
2089 779 2142 822 et
2180 774 2329 824 stetit
2347 774 2524 840 juxta

1454 841 1597 906 illos,
1629 843 1681 893 in
1711 852 1854 892 veste
1891 843 2113 893 candida
2141 854 2193 894 et
2222 843 2359 895 facie
2386 846 2523 896 ruti-

1453 914 1582 965 lanti
1632 924 1684 965 et
1724 914 1973 980 jucunda.
2002 914 2074 964 Et
2110 915 2343 966 creditur
2379 916 2521 968 fuis-

1451 1005 1509 1040 se
1537 988 1776 1050 Gabriel,
1805 987 1900 1054 qui
1942 987 2153 1055 Virgini
2200 1001 2518 1056 conceptum

1448 1063 1613 1114 Verbi
1662 1062 2013 1114 nuntiaverat.
2056 1062 2209 1113 Unde
2246 1062 2359 1127 ipse
2397 1079 2518 1114 am-

1448 1134 1591 1198 plius
1626 1132 1813 1184 ceteris
1837 1133 2074 1200 gaudens
2108 1134 2173 1182 de
2202 1133 2517 1199 impletione

1445 1207 1608 1273 hujus
1636 1207 1782 1273 quod
1809 1206 2041 1266 dixerat,
2081 1216 2204 1256 ante
2236 1222 2427 1258 omnes
2455 1223 2514 1260 se

1444 1277 1675 1344 gerebat,
1695 1287 1757 1328 ut
1783 1276 1989 1328 Christi
2018 1276 2347 1327 nativitatem
2372 1295 2513 1345 prae-

1440 1346 1662 1412 dicaret3
1687 1354 1741 1399 et
1761 1347 1989 1399 claritas
2017 1346 2123 1397 Dei
2149 1346 2514 1415 circumfulsit

1441 1417 1584 1482 illos,
1628 1419 1870 1484 undique
1913 1417 2145 1468 exterius
2187 1417 2243 1467 in
2286 1434 2510 1485 corpore

1439 1499 1492 1539 et
1532 1490 1692 1540 etiam
1730 1488 1960 1540 interius
2001 1488 2058 1539 in
2100 1500 2293 1551 mente,
2333 1491 2388 1541 in
2428 1493 2506 1543 si-

1439 1577 1609 1628 gnum
1643 1562 1789 1629 quod
1820 1572 1971 1613 ortus
2008 1571 2119 1612 erat
2144 1562 2237 1612 Sol
2267 1564 2504 1630 justitiae,

1436 1644 1487 1685 et
1534 1634 1592 1685 in
1625 1635 1860 1686 tenebris
1894 1635 2080 1685 lumen
2124 1635 2284 1685 rectis
2314 1631 2501 1699 corde,

1434 1714 1486 1755 et
1531 1705 1997 1772 appropinquabat
2044 1705 2253 1756 claritas
2298 1707 2498 1772 gloriae.

1434 1778 1555 1828 Ideo
1603 1793 1731 1843 ergo
1784 1777 1967 1828 lumen
2018 1779 2254 1844 Angelus
2302 1780 2497 1841 attulit,

1430 1848 1557 1914 quia
1592 1864 1718 1899 eum
1746 1847 1995 1898 nuntiare
2032 1859 2264 1912 venerat,
2295 1850 2389 1915 qui
2418 1862 2502 1903 est

1430 1919 1523 1971 lux
1550 1935 1693 1982 vera,
1720 1920 1816 1987 qui
1859 1935 2076 1971 omnem
2116 1920 2394 1973 hominem
2435 1923 2497 1974 il-

1425 1990 1672 2042 luminat.

1496 2078 1557 2113 12
1585 2064 1698 2115 Eos
1724 2079 2084 2122 ALLOQtJrrtJR.
2114 2091 2174 2102 —-
2200 2066 2369 2133 Magis
2393 2082 2494 2119 au-

1424 2143 1532 2186 tem
1584 2136 1831 2203 apparuit
1883 2138 2122 2204 Angelus
2166 2140 2491 2207 pastoribuS,

1422 2221 1586 2273 quam
1626 2207 1747 2259 aliis
1775 2207 1988 2276 generis
2015 2208 2257 2260 humani.
2290 2210 2489 2275 Prim0,
2524 2244 2528 2249 -

1420 2277 1548 2344 quia
1585 2294 1863 2346 pauperes,
1895 2289 2111 2346 propter
2145 2296 2283 2346 quos
2326 2281 2490 2334 Chri-

1422 2358 1537 2399 stus
1563 2348 1827 2412 veniebat,
1850 2349 2148 2400 secundum
2172 2350 2308 2400 illud
2336 2351 2504 2405 Psal-.

1420 2422 1595 2473 mistae
1625 2438 1640 2472 ε
1669 2422 1908 2487 Propter
1937 2422 2212 2472 miseriam
2251 2423 2482 2489 inopum,

1417 2498 1470 2544 et
1503 2492 1760 2559 gemitum
1791 2507 2111 2558 pauperum,
2140 2502 2239 2543 etc.
2279 2493 2484 2545 Secun-

1417 2566 1505 2626 do,
1537 2564 1665 2632 quia
1690 2564 1982 2631 simpliceS,
2015 2566 2160 2631 juxta
2190 2566 2322 2616 illud
2353 2567 2484 2618 Pro-

1413 2636 1723 2687 verbiorum
1779 2652 1795 2685 ε
1847 2635 1927 2688 Et
1981 2651 2097 2687 cum
2152 2635 2484 2702 simplicibus

1415 2709 1790 2760 sermocinatio
1823 2708 1955 2776 ejus.
1989 2708 2196 2768 TertiO,
2229 2709 2357 2775 quia
2394 2711 2481 2761 vi-

1412 2780 1570 2846 giles,
1628 2779 1929 2831 secundum
1980 2779 2114 2830 illud
2160 2779 2480 2832 Proverbio-

1410 2870 1532 2904 rum
1583 2870 1597 2904 t
1646 2854 1754 2915 Qui
1798 2868 1953 2904 mane
2005 2853 2239 2919 vigilant
2280 2855 2356 2905 ad
2394 2869 2479 2907 me

1412 2926 1677 2977 invenient
1711 2939 1810 2976 me.
1845 2926 2065 2988 Quart0,
2104 2935 2319 2991 propter
2361 2942 2477 2993 my-

1409 2997 1660 3057 sterium,
1703 3007 1765 3048 ut
1810 2995 2137 3063 significetur
2183 2997 2329 3061 quod
2375 2998 2475 3048 do-

1408 3069 1578 3119 ctrina
1604 3070 1760 3120 debet
1783 3083 1813 3119 a
1839 3067 2143 3134 pastoribus
2172 3077 2224 3118 et
2244 3069 2476 3134 praelatis

1404 3143 1588 3193 venire
1636 3143 1703 3193 ad
1747 3140 2010 3192 subditos.
2059 3140 2139 3191 Et
2188 3141 2476 3195 timuerunt

1406 3213 1597 3264 timore
1641 3226 1841 3280 magno
1858 3250 1877 3275 ,
1936 3222 2149 3279 propter
2198 3213 2469 3265 insolitam

1402 3286 1596 3353 Angeli
1619 3285 1899 3346 visionem,
1919 3295 1972 3335 et
1999 3285 2232 3336 subitam
2262 3286 2471 3339 clarita-

1400 3367 1529 3409 tem.
1579 3358 1686 3408 Sed
1730 3356 1970 3422 Angelus
2023 3371 2115 3407 eos
2159 3360 2468 3409 consolatur

1400 3427 1587 3479 dicens
1616 3445 1630 3479 :
1659 3427 1848 3481 Nolite
1874 3428 2075 3479 timere.
2109 3428 2276 3493 Cujus
2310 3444 2467 3481 causa

1397 3499 1648 3551 subditur
1684 3515 1809 3551 cum
1858 3498 2056 3550 dicitur
2095 3515 2109 3549 τ
2146 3499 2293 3551 Ecce
2326 3501 2465 3552 enim

1396 3571 1732 3639 evang-elim,
1788 3569 1845 3621 id
1878 3579 1976 3634 est,
2020 3569 2224 3619 bonum
2270 3570 2464 3623 nuntio

1396 3642 1571 3706 vobis,
1625 3640 1830 3693 scilicet
1872 3640 2134 3709 gaudium
2183 3655 2458 3707 magnum,

1394 3708 1535 3785 quod
1560 3714 1666 3766 erit
1712 3713 1857 3765 omni
1888 3711 2108 3779 populo,
2138 3711 2193 3762 id
2222 3723 2319 3773 est,
2350 3713 2460 3764 Ec·-

1391 3784 1572 3836 clesiae
1607 3785 1673 3836 de
1727 3783 1934 3836 cunctis
1978 3783 2211 3851 populiS,
2254 3783 2459 3837 scilicet

1387 3853 1695 3910 Judaeorum
1750 3867 1803 3909 et
1853 3855 2151 3909 Gentilium
2195 3854 2457 3922 colligen-
