2784 4452
319 370 426 437 468
1124 379 1341 431 INDEX
1372 381 1703 436 CAPITUM.

378 496 654 548 debemus.
1274 504 1376 556 388

348 581 385 629 4
413 567 507 616 Per
529 567 733 624 fructus
771 585 864 622 seu
906 589 1065 639 opera
1088 573 1226 640 ipso·

379 651 500 685 rum
525 653 582 688 se
610 641 863 704 produnt.
963 657 971 666 ·
1272 644 1376 712 389

353 703 380 754 5
412 706 723 759 Similitudo
759 712 965 764 arboris
988 714 1142 765 bonae
1172 724 1224 765 et

379 781 554 831 malae.
960 839 967 845 ,
1272 789 1375 856 390

351 849 383 900 6
406 853 533 903 Sors
574 855 750 905 arbori
776 873 882 907 non
902 857 1093 911 ferenti
1118 860 1224 912 fru-

376 934 522 974 ctum
553 926 755 977 bonum
786 941 1060 981 reservata.
1272 933 1372 1001 392

349 1009 380 1060 7
401 994 678 1048 Confessio
700 998 820 1050 fidei
843 1000 956 1051 sine
968 1003 1223 1068 operibus

377 1066 438 1114 ad
467 1067 691 1118 salutem
721 1085 830 1119 non
859 1071 1073 1124 sufficit.
1271 1074 1372 1142 392

349 1133 382 1183 8
407 1135 514 1187 Nec
560 1138 737 1204 ipsum
785 1142 1078 1207 prophetiae
1118 1145 1221 1195 do-

378 1223 510 1258 num
541 1221 593 1260 et
617 1210 998 1265 miraculorum
1028 1232 1221 1282 opera-

376 1278 470 1330 tio,
1270 1288 1370 1356 393

1517 525 1551 576 9
1573 510 1808 562 Audiens
1833 514 2054 564 verbum
2078 515 2297 566 Domini
2321 516 2390 566 si·

1547 582 1768 647 mulque
1811 581 2009 635 faciens
2032 586 2148 636 viro
2178 587 2390 653 sapien-

1545 650 1585 701 ti
1619 664 1972 718 comparatur.
2218 663 2225 668 ’
2439 657 2543 726 394

1492 737 1553 771 10
1577 723 1814 774 Audiens
1851 734 2061 777 tantum
2084 727 2199 778 viro
2222 729 2387 779 stulto

1544 792 1888 845 assimilatur.
2439 797 2540 866 395

1492 878 1545 913 11
1584 863 1729 923 Quid
1780 865 1851 916 sit
1891 865 1947 916 in
1994 882 2156 918 sensu
2198 869 2387 919 morali

1543 933 1737 984 domus
1782 935 1909 1000 justi
1952 946 2003 986 et
2040 938 2234 989 domus
2277 939 2389 989 im-

1545 1006 1652 1071 pii!
2441 1011 2541 1079 395

1491 1091 1550 1125 12
1586 1077 1883 1128 Admiratio
1910 1079 2080 1131 turbae
2122 1097 2282 1146 super
2303 1082 2393 1132 do-

1544 1147 1715 1198 ctrina
1738 1148 1978 1200 Domini.
2442 1151 2545 1219 396

1491 1218 1549 1268 13
1608 1220 1698 1269 Pia
1746 1223 2125 1288 contemplatio
2186 1224 2389 1275 Christi

1545 1289 1807 1341 docentis.
2442 1294 2545 1362 397

842 1515 1076 1567 CAPUT
1108 1517 1246 1568 XLI.
1279 1545 1339 1555 —
1365 1517 1451 1568 De
1477 1519 1750 1570 curatione
1789 1519 2006 1585 leprosi.

353 1696 371 1730 1
412 1680 668 1734 Miracula
698 1695 820 1749 post
844 1686 1143 1738 doctrinam
1167 1699 1220 1739 et

376 1763 591 1817 propter
616 1755 929 1807 doctrinam.
1268 1758 1371 1826 398

347 1836 376 1870 2
423 1823 582 1873 Venit
639 1825 881 1890 leprosus
933 1830 999 1878 ad
1055 1829 1217 1880 Chri-

372 1904 536 1948 stum.
1269 1904 1371 1972 398

347 1965 376 2016 3
418 1967 573 2020 Jesus
605 1986 729 2021 eum
756 1980 897 2023 tactu
932 1983 1096 2026 sanat.
1269 1975 1372 2044 399

343 2051 379 2100 4
413 2037 524 2088 Cur
564 2041 610 2090 ei
658 2045 961 2109 praeceperit
1000 2046 1223 2098 miracu·

377 2106 492 2158 lum
530 2112 734 2162 nemini
775 2114 975 2165 dicere?
1265 2132 1371 2182 400

349 2175 377 2226 5
408 2178 519 2230 Cur
544 2196 669 2232 eum
691 2183 756 2234 ad
794 2186 1092 2238 sacerdotes
1120 2187 1222 2239 mi·

377 2254 541 2303 serit?
1264 2278 1362 2327 401

346 2323 379 2373 6
419 2327 684 2392 Leprosus
709 2331 884 2397 typice
928 2341 1099 2384 toturn
1134 2350 1218 2400 ge·

1541 1706 1645 1740 nus
1675 1690 1976 1741 humanum
1998 1692 2279 1758 significat.
2436 1712 2541 1761 402

1512 1776 1543 1826 7
1564 1761 1832 1811 Moraliter
1848 1763 2089 1827 leprosus
2102 1778 2392 1828 quemcun-

1541 1847 1646 1898 que
1684 1843 2007 1898 peccatorem
2038 1834 2319 1900 significat.
2434 1853 2545 1902 402

1464 1900 1475 1911 '
1511 1902 1543 1951 8
1574 1903 1855 1954 Gratitudo
1899 1904 2095 1970 leprosi
2138 1905 2417 1956 Christum

1542 1973 1898 2037 praedicantis.
2434 1975 2542 2043 403

1511 2058 1544 2110 9
1569 2043 1836 2094 Dominus
1872 2043 1926 2094 in
1951 2045 2223 2095 desertum
2255 2061 2390 2100 sece-

1541 2112 1621 2162 dit
1658 2114 1723 2163 ad
1767 2114 2048 2164 vitandum
2093 2118 2388 2167 tumultum

1541 2192 1592 2234 et
1642 2184 1707 2234 ad
1754 2201 1914 2236 suum
1968 2185 2174 2237 Patrem
2224 2203 2384 2239 oran-

1540 2254 1689 2306 dum.
2435 2274 2546 2323 404

659 2525 893 2577 CAPUT
923 2527 1081 2579 XLII.
1103 2558 1162 2567 —
1184 2529 1269 2582 De
1298 2543 1455 2583 servo
1487 2533 1829 2584 Centurionis
1861 2533 2197 2601 paralytico,

351 2715 369 2748 1
403 2699 543 2750 Laus
582 2701 941 2766 Centurionis‚
981 2722 1209 2771 praeser-

375 2770 474 2821 tim
501 2773 627 2838 quia
650 2776 879 2827 Gentilis
906 2787 1035 2829 erat.
1262 2780 1366 2845 405

345 2857 374 2891 2
416 2843 653 2895 Virtutes
678 2846 1040 2900 Centurionis.
1260 2851 1367 2917 406

291 2941 294 2946 >
346 2913 374 2965 3
436 2917 735 2968 Admiratio
793 2922 995 2972 Christi
1051 2922 1211 2976 fidem

373 2985 541 3052 ipsius
580 2993 1026 3044 commendantis.
1261 3010 1367 3062 407

340 3071 376 3120 4
426 3058 599 3122 Hujus
653 3061 927 3113 occasione
970 3064 1213 3129 praedicit

371 3131 638 3182 Dominus
700 3134 1027 3186 vocationem
1077 3138 1215 3188 Gen-

369 3202 506 3252 tium
552 3213 603 3254 et
640 3203 947 3254 Judaeorum
970 3207 1213 3272 reproba·

368 3271 589 3322 tionem.
1041 3331 1048 3336 ‚
1258 3278 1365 3344 408

341 3343 369 3393 5
399 3346 593 3396 Servus
616 3347 962 3398 Centurionis
991 3360 1224 3403 sanatur.
1258 3368 1364 3426 409

339 3412 371 3462 6
439 3416 732 3468 Humilitas
794 3419 1042 3480 Domini,
1122 3422 1211 3473 hic

338 3487 528 3539 -etiam
573 3506 680 3540 non
728 3502 961 3558 rogatus,
999 3494 1065 3543 ad
1106 3509 1210 3545 ser·

1540 2727 1671 2761 vum
1706 2712 2052 2764 Centurionis
2093 2712 2171 2763 ire
2207 2714 2387 2763 volen-

1543 2781 1614 2832 tis
1647 2799 1662 2847 3
1735 2793 1786 2834 et
1850 2794 2033 2849 postea
2090 2785 2154 2834 ad
2214 2783 2387 2834 filium

1540 2852 1730 2917 reguli,
1753 2854 1912 2905 etiam
1941 2865 2177 2920 rogatuS,
2216 2853 2293 2905 ire
2310 2870 2387 2904 re-

1540 2923 1774 2975 nuentis.
2431 2939 2542 2991 409

1511 2995 1628 3059 71n
1679 2993 2006 3045 Centurione
2050 2994 2184 3045 fides
2236 2994 2381 3045 Gen-

1539 3064 1676 3114 tium
1712 3063 2098 3130 praefiguratur.
2427 3078 2538 3131 409

1509 3133 1628 3184 81n
1678 3136 1792 3199 ejus
1859 3151 2012 3187 servo
2066 3132 2355 3201 peccatoris

1538 3205 1769 3256 miseria.
2429 3220 2541 3269 410

1505 3295 1538 3345 9
1555 3279 1612 3329 In
1635 3294 1794 3329 sensu
1818 3277 2006 3328 morali
2031 3277 2282 3328 Centurio
2306 3292 2384 3327 ra-

1534 3349 1720 3409 tionis,
1753 3350 1974 3416 ejusque
2016 3364 2199 3399 servus
2232 3363 2387 3413 appe-

1537 3423 1668 3473 titus
1710 3422 1951 3473 sensitivi
1996 3432 2189 3488 typum
2229 3435 2385 3487 gere-

1536 3493 1682 3545 bant.
2431 3505 2496 3554 41
2517 3505 2538 3540 1

457 3652 695 3705 CAPUT
724 3656 910 3706 XLIII.
945 3685 1005 3695 —
1043 3656 1128 3709 De
1161 3659 1441 3711 curatione
1481 3659 1814 3723 daemoniaci,
1852 3664 1903 3709 et
1941 3657 2006 3708 de
2041 3670 2201 3707 socru
2225 3654 2397 3705 Petri.

345 3810 362 3843 1
404 3794 515 3844 Cur
541 3795 790 3847 Christus
817 3798 1053 3850 sabbatis
1081 3816 1209 3866 prae·

366 3865 549 3915 sertim
577 3867 856 3918 docuerit?
1257 3887 1361 3937 412

341 3952 370 3984 2
405 3937 701 3989 Admiratio
730 3941 898 3991 turbae
920 3957 1078 4008 super
1103 3945 1209 3994 do-

719 4085 726 4110 ἱ

1531 3804 1701 3853 ctrina
1722 3803 1852 3867 ejus.
2425 3816 2489 3865 4¹
2503 3816 2538 3850 2

1501 3872 1529 3924 3
1581 3873 1813 3939 Spiritus
1846 3870 2166 3922 immundus·
2210 3871 2377 3923 Chri-

1535 3954 1679 3994 stum
1716 3941 1975 3993 confitens
2026 3952 2197 3992 tacere
2231 3941 2376 4007 jube-
