2784 4452
359 368 467 433 4¹8

358 484 477 534 cula
489 484 1035 550 comprehenduntur,
1051 498 1170 551 quae
1180 498 1425 549 expresse

356 554 603 606 fortassis
682 554 1018 606 incredibilia
1093 556 1424 606 viderentur.

361 629 520 682 Unde
577 629 999 697 Chryso-stemus
1019 647 1037 680 ε
1066 648 1095 677 α
1124 630 1209 679 Tu
1243 640 1427 680 autem

360 698 574 751 intende
609 709 866 767 quantam
899 699 1299 751 multitudinem
1339 716 1427 752 cu-

360 781 527 822 ratam
548 780 904 821 transcurrant
923 771 1288 837 Evangelistae,
1315 786 1425 821 non

358 855 806 908 unumquemque
875 850 1118 891 curatum
1185 840 1427 891 dicentes

364 911 525 962 nobis
556 920 608 961 et
632 919 970 974 enarrantes;
1000 911 1093 961 sed
1120 927 1234 962 uno
1259 912 1425 963 verbo

360 984 580 1051 pelagus
620 982 890 1033 ineffabile
918 982 1298 1034 miraculorum
1326 1000 1427 1034 su-

362 1055 752 1122 pervenientes,
787 1063 847 1103 ut
871 1070 981 1105 non
1013 1071 1196 1106 rursus
1220 1055 1430 1122 magni-

361 1125 491 1176 tudo
510 1122 754 1175 miraculi
780 1123 1204 1175 incredulitatem
1224 1125 1427 1176 immit-

367 1207 447 1250 tat
471 1237 485 1259 ‚
539 1198 583 1249 si
639 1205 843 1247 tantam
893 1199 1101 1264 plebem
1151 1210 1203 1250 et
1253 1199 1428 1249 varias

369 1269 716 1337 aegritudines
771 1268 826 1318 in
854 1285 965 1319 uno
1007 1270 1264 1337 temporis
1300 1286 1428 1320 mo-

362 1352 543 1393 mento
569 1340 748 1401 solvit,
795 1352 848 1393 et
875 1343 1179 1395 emendavit
1209 1360 1222 1393 :
1254 1363 1282 1392 n
1307 1344 1425 1394 haec

362 1414 807 1481 chrysostomus,
841 1415 1090 1466 Exibant
1113 1424 1286 1467 autem
1306 1416 1427 1468 dae-

360 1485 539 1537 monia
558 1500 593 1536 a
625 1486 808 1536 multis
829 1487 1138 1552 clamantia,
1160 1493 1212 1539 et
1241 1488 1427 1539 dicen-

361 1559 473 1611 tia:
495 1560 641 1621 Quia
663 1566 718 1609 tu
742 1574 800 1611 es
820 1560 1000 1611 Filius
1017 1562 1142 1613 Dei.
1161 1562 1240 1613 Et
1262 1563 1430 1613 incre-

352 1643 500 1696 pans
544 1645 645 1680 non
690 1631 899 1681 sinebat
949 1646 1014 1682 ea
1067 1632 1215 1699 loqui
1234 1671 1250 1693 ,
1298 1633 1428 1699 quia

360 1700 597 1752 sciebant
625 1716 721 1766 per
746 1701 1122 1752 vehementem
1150 1704 1430 1768 conjectu-

361 1784 478 1821 ram
509 1771 682 1836 ipsum
732 1785 848 1821 esse
883 1771 1176 1836 Christum,
1211 1790 1320 1823 non
1345 1785 1429 1824 ta-

359 1856 488 1893 men
547 1857 643 1908 per
721 1843 961 1894 scientiae
1024 1845 1427 1897 certitudinem.

360 1914 518 1966 Unde
567 1913 719 1963 Beda
772 1932 790 1964 .-
825 1932 853 1961 α
905 1914 1188 1966 Daemonia
1227 1916 1428 1967 Filium

357 1984 456 2036 Dei
472 1982 880 2047 confitebantur,
915 1995 967 2036 et
994 1986 1231 2037 sciebant
1250 1987 1426 2053 ipsum

363 2068 480 2107 esse
509 2054 800 2118 Christum,
826 2055 954 2123 quia
977 2073 1100 2107 cum
1122 2057 1321 2123 jejunio
1343 2058 1429 2108 fa-

360 2126 588 2193 tigatum
602 2142 727 2177 eum
747 2127 992 2178 diabolus
1005 2128 1227 2188 videret,
1241 2145 1429 2180 verum

362 2195 647 2248 hominem
680 2196 977 2262 intellexit;
1020 2199 1112 2250 sed
1144 2198 1275 2267 quia
1303 2210 1430 2251 ten-

363 2269 529 2319 tando
568 2283 678 2318 non
705 2269 1001 2335 praevaluit,
1034 2281 1216 2320 utrum
1256 2271 1431 2322 Filius

361 2338 462 2390 Dei
512 2347 668 2397 esset,
715 2338 1009 2391 dubitabat.
1049 2340 1205 2392 Nunc
1250 2352 1430 2392 autem

364 2424 462 2476 per
488 2408 771 2474 signorum
795 2409 1113 2474 potentiam,
1140 2413 1227 2462 vel
1265 2413 1431 2463 intel-

363 2479 516 2539 lexit,
547 2479 628 2529 vel
670 2479 851 2544 potius
879 2481 1176 2547 suspicatus
1203 2494 1283 2534 est
1313 2499 1432 2535 esse

362 2549 567 2602 Filium
598 2551 728 2614 Dei;
756 2553 850 2602 sed
879 2567 937 2603 se
965 2565 1137 2605 morte
1161 2556 1310 2606 illius
1322 2573 1431 2607 non

360 2620 610 2688 praevidit
681 2636 794 2671 esse
856 2622 1240 2677 damnandum.
1294 2627 1433 2677 Vere

362 2691 509 2742 enim
533 2691 599 2742 de
622 2691 727 2741 hoc
754 2693 1008 2758 mysterio
1027 2710 1059 2745 a
1082 2697 1274 2747 seculis
1300 2698 1433 2747 abs-

366 2761 600 2820 condito,
644 2761 778 2811 dicit
806 2764 1120 2828 Apostolus,
1149 2768 1296 2834 quod
1331 2784 1433 2818 ne-

365 2846 461 2880 mo
487 2831 813 2896 principium
843 2832 1005 2897 hujus
1031 2837 1198 2886 seculi
1225 2853 1434 2903 cogno-

363 2901 446 2951 vit
464 2900 558 2950 :Si
582 2902 719 2950 enim
740 2903 1139 2968 cognovissent,
1166 2922 1435 2973 nunquam

364 2972 653 3025 Dominum
683 2973 899 3039 gloriae,
929 2976 1333 3044 crucifixissent
1353 2998 1371 3030 .·
1404 3001 1433 3029 ι)

367 3044 484 3094 hoec
507 3042 678 3092 Beda.
722 3044 844 3094 Ideo
881 3056 1061 3097 autem
1098 3064 1199 3100 non
1228 3051 1437 3101 sinebat

367 3127 436 3165 ea
465 3113 626 3180 loqui,
649 3129 716 3164 ne
742 3114 989 3167 homines
1014 3120 1291 3172 audientes
1322 3124 1438 3173 dae-

370 3199 593 3237 monem
613 3186 902 3252 praedicare
922 3192 1127 3241 mundo
1139 3193 1436 3255 veritatem,

371 3258 632 3315 deinceps
669 3258 1065 3325 acquiescerent
1094 3265 1200 3314 sibi
1235 3267 1438 3332 praedi-

370 3328 527 3378 candi
585 3327 890 3381 falsitatem.
947 3331 1104 3384 Unde
1154 3334 1355 3387 Glossa
1418 3355 1437 3389 .-

372 3416 402 3445 α
431 3398 555 3447 Ideo
582 3399 839 3463 prohibet
867 3402 1038 3467 loqui,
1073 3420 1141 3455 ne
1174 3406 1304 3456 dum
1333 3408 1439 3457 ali-

371 3468 497 3535 quis
525 3469 676 3518 audit
719 3469 1023 3522 daemonem
1069 3490 1193 3526 vera
1238 3479 1438 3542 praedi-

371 3549 578 3590 cantem
605 3578 618 3600 ,
666 3551 846 3606 postea
876 3555 1130 3610 sequatur
1152 3561 1438 3603 errantem.

372 3610 662 3676 improbus
686 3611 836 3661 enim
868 3615 1123 3681 magister
1141 3633 1267 3670 vera
1289 3619 1442 3673 falsis

367 3682 675 3749 permiscet,
725 3693 787 3734 ut
834 3687 937 3736 sub
981 3690 1154 3754 specie
1181 3692 1438 3756 veritati3‚

367 3754 616 3805 falsitatis
638 3757 1020 3811 testimonium
1049 3763 1283 3831 obtegat.
1308 3785 1336 3814 n>
1361 3767 1441 3819 De

375 3827 481 3877 hoc
509 3826 678 3878 habes
715 3839 768 3880 et
813 3831 944 3883 alias
981 3849 1165 3887 causas
1196 3839 1442 3903 proxime

373 3912 538 3964 supra
565 3899 630 3948 de
659 3901 852 3964 spiritu
884 3903 1169 3959 immundo
1190 3909 1376 3963 dictas,

439 3969 701 4037 91m1m
741 3970 1011 4028 Cmus'rus
1062 3994 1117 4030 m
1162 3996 1439 4035 nassa-run

968 359 1225 419 'PRIMAE
1258 367 1507 418 PARTIS
1538 367 1772 419 CAPUT
1801 368 1984 420 me.

1533 498 1711 533 Locuu
1731 498 1962 546 secatur,
1982 499 2052 533 An
2078 499 2336 535 vrrmnos
2352 501 2611 536 uranu-—

1532 573 1625 607 sus
1646 572 1716 607 Er
1737 572 2093 607 momoria.
2130 585 2193 596 --
2214 558 2391 609 Facta
2414 566 2601 610 autem

1531 626 1636 690 die,
1665 635 1718 677 et
1739 627 1892 677 valde
1911 626 2171 687 diluculo,
2197 640 2459 694 egressus
2495 628 2602 678 Je-

1530 710 1626 746 sus
1670 697 1736 746 de
1764 695 2137 763 Capharnaurn
2181 696 2294 747 ibat
2337 698 2392 747 in
2422 698 2614 748 deser-

1532 774 1641 819 tum
1680 768 1878 831 locum,
1935 778 1996 820 ut
2038 769 2356 836 applausum
2406 771 2597 836 populi

1530 838 1753 905 fugeret,
1787 849 1840 891 et
1881 839 1959 890 ibi
2003 838 2258 890 secretius
2298 851 2492 892 oraret.
2538 843 2599 892 In

1530 909 1635 960 hoc
1662 909 1794 959 dans
1812 911 2119 976 exemplum
2145 912 2290 978 quod
2334 912 2601 976 praedioa-

1530 988 1615 1030 tor
1629 988 1679 1030 et
1691 979 2021 1031 mirabilium
2035 981 2342 1032 divinorum
2353 994 2615 1048 operator

1532 1053 1688 1104 debet
1715 1069 1903 1105 vanam
1930 1054 2156 1121 gloriam
2196 1065 2248 1106 et
2269 1057 2599 1107 ostentatio-

1532 1140 1656 1174 nem
1681 1123 1882 1191 fugere‚
1912 1137 1965 1176 et
1986 1125 2051 1175 ad
2083 1125 2434 1177 solitudinem
2461 1143 2607 1177 con-

1531 1194 1897 1261 templationis
1920 1210 1979 1245 ac
2014 1207 2279 1247 secretum
2305 1196 2611 1256 orationis..

1533 1275 1655 1331 post
1681 1266 1921 1316 laborem
1956 1266 2366 1332 praedioationis,
2403 1256 2602 1328 redire,

1533 1350 1595 1390 ut
1620 1339 1732 1393 Deo
1758 1339 1954 1406 gratias
1980 1350 2102 1405 agat
2115 1340 2182 1390 de
2207 1340 2446 1406 profectu
2466 1357 2604 1407 prae·

1532 1411 1709 1472 terit0,
1738 1421 1791 1461 et
1837 1426 1896 1462 se
1922 1411 2171 1478 disponat
2199 1427 2294 1478 pro
2330 1411 2517 1462 futuro
2546 1424 2603 1464 et

1534 1482 1639 1533 sibi
1667 1482 1880 1533 hauriat
1897 1484 2043 1550 quod
2063 1492 2246 1548 postea
2261 1483 2479 1548 populis
2507 1483 2598 1534 ef-

1532 1553 1738 1604 fundat.
1765 1555 1848 1614 Et,
1888 1554 2185 1605 secundum
2227 1554 2599 1619 Theophilum,

1533 1625 1768 1676 ostendit
1817 1624 1977 1675 nobis
2022 1626 2169 1690 quod
2196 1625 2308 1675 Deo
2331 1626 2492 1676 debet
2516 1635 2604 1675 at-

1533 1697 1700 1748 tribui
1734 1694 1781 1747 si
1798 1695 2005 1763 aliquid
2034 1695 2165 1746 boni
2202 1695 2452 1759 facimus,
2475 1707 2531 1747 et
2554 1697 2609 1747 ei

1534 1769 1796 1819 debemus
1850 1766 2025 1818 dicere
2044 1805 2059 1827 ,
2116 1766 2375 1833 quoniam
2434 1782 2603 1818 omne

1533 1839 1801 1906 optimum
1825 1839 2055 1903 desuper
2072 1848 2171 1898 est,
2197 1838 2535 1889 descendens
2566 1853 2602 1889 a

1534 1922 1604 1962 te.
1636 1912 1693 1962 In
1729 1912 1938 1961 deserto
1981 1925 2109 1977 ergo
2158 1909 2413 1961 Christus
2463 1921 2608 1970 orat,

1537 1999 1646 2033 non
1683 1983 1827 2050 quod
1874 1981 1990 2049 ipse
2042 1981 2282 2033 oratione
2328 1982 2599 2048 indigea13

1534 2055 1629 2105 sed
1657 2064 1717 2105 ut
1743 2053 1902 2105 nobis
1948 2053 2107 2103 bonae
2146 2052 2596 2119 exemplificatio-

1537 2125 1641 2187 niS,
1670 2122 2013 2190 operationis„
2065 2124 2370 2188 exemplum
2397 2134 2451 2173 et
2481 2122 2603 2173 for-

1538 2211 1626 2247 ma
1638 2195 1806 2259 fieret,
1820 2204 1875 2246 et
1886 2204 1947 2246 ut
1960 2209 2060 2245 nos
2078 2195 2378 2246 tumultum
2392 2193 2601 2262 fugere,

1535 2278 1590 2320 et
1610 2284 1793 2319 curam
1822 2267 2013 2318 mundi
2033 2267 2218 2328 vitare,
2247 2283 2306 2318 ac
2332 2279 2601 2318 secretum

1537 2340 1738 2390 mentis
1779 2353 2019 2405 quaerere
2047 2339 2277 2398 doceret,
2314 2355 2440 2389 cum
2469 2356 2605 2390 eum.

1537 2426 1689 2462 orare
1732 2411 1814 2461 vel
1854 2411 1905 2461 ei
1949 2409 2168 2460 silenter
2213 2409 2366 2476 loqui
2394 2410 2606 2461 affecta-

1538 2498 1680 2534 mus.
1727 2481 1805 2532 Et
1849 2482 2024 2532 turbae
2068 2481 2412 2547 requirebant
2463 2496 2609 2546 eum,

1537 2552 1739 2602 scilicet
1772 2567 1868 2617 per
1885 2550 2067 2615 fidem,
2086 2557 2141 2601 et
2167 2557 2419 2602 venerum
2441 2567 2613 2618 usque

1538 2624 1614 2675 ad
1639 2623 1829 2690 ipsum,
1872 2638 1966 2688 per
2001 2637 2175 2688 spem,
2212 2630 2267 2673 et
2301 2624 2611 2674 detinebant

1539 2696 1707 2757 illum,
1739 2710 1832 2760 per
1873 2694 2166 2755 caritatem,
2205 2709 2271 2745 ne
2306 2696 2613 2746 discederet

1538 2767 1607 2816 ab
1624 2766 1721 2828 εἰς,
1752 2773 1812 2815 ut
1835 2762 2130 2830 profectum
2146 2776 2609 2831 consequerentur

1540 2839 1814 2903 majorem.
1826 2836 1935 2888 Ubi
1957 2837 2379 2902 Chrysostomus
2391 2856 2409 2889 .-
2422 2857 2451 2884 «
2465 2839 2613 2889 Gau-

1540 2910 1674 2958 dens
1703 2919 1881 2959 autem
1921 2923 2013 2958 eos
2047 2908 2392 2974 suscipiebat,
2425 2910 2522 2959 sed
2556 2920 2614 2960 et

1539 2977 1712 3029 voluit
1739 2994 1832 3029 eos
1864 2976 2139 3028 dimittere
2159 3017 2173 3039 ,
2216 2986 2278 3028 ut
2316 2989 2372 3029 et
2409 2979 2612 3047 reliqui

1541 3050 1796 3101 doctrinae
1840 3050 1954 3116 ejus
1998 3049 2279 3117 participes
2307 3063 2508 3111 essent,
2556 3064 2612 3103 et

1543 3121 1662 3171 ideo
1712 3120 1971 3187 sequitur,
2007 3120 2205 3187 quibus
2232 3121 2304 3171 ait
2336 3138 2352 3171 :
2383 3122 2530 3183 Quia
2558 3130 2614 3175 et

1542 3192 1671 3242 aliis
1689 3192 1993 3242 civitatibus
2026 3198 2235 3256 oportet
2256 3207 2337 3243 me
2363 3207 2614 3260 evange-

1544 3265 1718 3332 lizare
1755 3279 1983 3331 regnum
2020 3264 2143 3327 Dei,
2170 3264 2226 3315 id
2255 3275 2337 3316 est
2372 3267 2617 3331 qualiter

1541 3335 1851 3402 pervenitur
1904 3335 1970 3386 ad
2021 3350 2248 3401 regnum
2302 3336 2398 3386 Dei
2415 3375 2430 3396 ‚
2478 3338 2617 3403 quia

1544 3422 1637 3471 per
1662 3406 2053 3471 poenitentiam,
2073 3421 2194 3473 quae
2211 3416 2289 3457 est
2315 3407 2400 3457 via
2423 3408 2492 3458 ad
2506 3409 2617 3459 hoc

1545 3476 1902 3543 perveniendi.
1930 3491 1966 3525 n·
2003 3477 2106 3529 Ubi
2143 3489 2196 3528 et
2235 3478 2568 3545 Theophilus
2592 3497 2614 3530 .·

1546 3566 1574 3595 α
1601 3547 1819 3598 Transit
1843 3547 1993 3598 enim
2018 3549 2087 3598 ad
2115 3548 2251 3600 alios
2277 3550 2452 3616 magis
2477 3550 2614 3601 indi·

1545 3628 1735 3685 gentes
1774 3618 2033 3680 doctrina‚
2070 3619 2199 3686 quia
2218 3634 2328 3670 non
2356 3622 2617 3672 convenit

1545 3693 1602 3743 in
1629 3709 1738 3743 uno
1760 3693 1883 3743 loco
1916 3692 2217 3744 doctrinam
2246 3694 2608 3760 concludere;

1547 3764 1639 3815 sed
1666 3763 1870 3831 ubique
1895 3763 2073 3815 radios
2098 3765 2213 3831 ejus
2253 3767 2562 3817 extendere.
2581 3786 2612 3814 n

1546 3836 1653 3887 Ubi
1674 3836 1870 3889 iterum
1893 3836 2315 3904 chrysostomus
2338 3855 2356 3889 .·
2382 3856 2411 3886 α
2430 3838 2614 3890 Simul

1545 3909 1707 3961 etiam
1743 3907 2019 3961 considera
2035 3949 2049 3972 ‚
2094 3911 2242 3977 quod
2295 3919 2505 3977 poterat
2553 3912 2614 3962 in

1544 3984 1733 4037 eodem
1761 3984 1879 4038 Ioco
1910 3986 2178 4037 manendo
2216 4000 2406 4038 omnes
2441 3993 2617 4038 attra-
