2784 4452
299 289 369 354 54
971 282 1209 341 PR1MAE
1239 291 1487 341 PARTls
1520 292 1758 343 CAPUT
1778 293 1846 345 v.

296 415 347 456 et
374 404 464 455 hic
501 420 596 471 per
640 404 907 456 internam
952 407 1367 472 contemplatio-

281 490 445 537 ·nem,
464 484 516 525 et
545 475 602 524 in
628 476 798 541 patria
818 492 911 542 per
935 487 1191 527 aeternam
1220 476 1366 527 frui-

296 545 518 596 tionem.
567 546 633 597 Et
684 547 814 597 tales
859 546 1115 612 virginee
1154 557 1365 597 mentes

297 624 588 683 sequuntur
625 620 845 685 Agnum
898 619 1066 670 totius
1113 619 1363 684 puritatis

297 704 619 756 quocumque
636 691 777 754 ierit,
799 692 1042 757 virgines
1060 692 1200 742 enim
1217 698 1360 742 sunt.

300 761 377 810 De
423 761 514 810 tali
555 771 736 811 mente
782 771 837 811 et
883 762 1082 823 anima,
1119 762 1197 813 sic
1233 762 1365 813 dicit

300 831 621 882 Bernardus
654 849 673 882 .·
704 850 730 877 «
758 832 957 883 Anima
986 848 1106 898 quae
1142 833 1308 883 semel
1331 848 1365 884 a

300 901 536 952 Domino
573 901 762 952 didicit
783 900 985 953 intrare
1008 904 1074 954 ad
1103 903 1364 969 semetip-

302 986 437 1032 sam,
461 981 513 1022 et
539 971 598 1020 in
626 971 838 1024 intimis
866 974 981 1024 suis
1003 973 1102 1024 Dei
1140 989 1366 1040 praesen-

304 1044 436 1096 tiam
486 1045 773 1110 suspirare,
807 1056 859 1096 et
900 1062 1139 1113 quaerere
1172 1046 1364 1097 faciem

301 1115 417 1180 ejus
456 1129 682 1180 semper,
726 1116 871 1178 taliS,
910 1117 1154 1184 inquam,
1184 1117 1367 1168 anima

305 1187 486 1238 nescio
523 1203 593 1238 an
628 1190 710 1239 vel
743 1189 916 1254 ipsam
955 1191 1263 1256 gehennam
1298 1190 1367 1241 ad

302 1269 518 1324 tempus
560 1261 788 1326 experiri
816 1262 1136 1314 horribilius
1174 1277 1364 1328 poena-

301 1333 474 1384 liusve
502 1335 677 1396 ducat,
705 1351 871 1402 quam
907 1346 1032 1402 post
1070 1336 1367 1403 spiritualis

308 1407 474 1472 hujus
499 1408 663 1458 studii
695 1420 964 1475 gustatam
993 1411 1160 1462 semel
1182 1409 1367 1462 suavi-

305 1488 486 1540 tatem,
510 1480 655 1531 exire
676 1482 855 1533 denuo
874 1484 942 1533 ad
967 1483 1259 1543 illecebras,
1284 1483 1369 1533 vel

304 1548 486 1614 potius
518 1551 793 1603 molestias
835 1553 1029 1613 carnis,
1073 1568 1368 1603 sensuum-

307 1636 413 1687 que
437 1621 814 1687 inexplebilem
861 1635 1096 1690 repetere
1133 1624 1367 1676 curiosi-

307 1704 490 1746 tatem.
536 1695 668 1746 Dico
714 1712 842 1762 ergo
880 1698 1037 1748 vobis
1057 1736 1073 1759 ,
1111 1697 1252 1748 nihil
1291 1708 1373 1749 est

309 1767 456 1833 quod
487 1767 544 1816 in
573 1777 787 1818 tantum
828 1769 1100 1831 formidet,
1120 1769 1373 1836 quisquis

309 1837 415 1887 hoc
494 1836 815 1888 beneficium
894 1840 1061 1891 semel
1131 1840 1333 1905 accepit
1356 1877 1375 1900 ,

309 1921 475 1975 quam
495 1924 563 1958 ne
590 1909 759 1974 gratia
782 1909 1065 1961 derelictus
1083 1911 1378 1961 necessarie

311 1977 506 2029 habeat
533 1979 711 2029 denuo
738 1980 917 2046 egredi
944 1982 1011 2031 ad
1034 1981 1215 2032 carnis
1238 1997 1376 2032 con-

310 2048 621 2111 solationes,
659 2050 771 2100 imo
818 2052 1194 2113 desolationes,
1252 2068 1376 2103 rur-

312 2135 544 2186 sumque
597 2122 891 2173 carnalium
947 2138 1209 2174 sensuum
1250 2139 1377 2174 sus-

315 2190 487 2244 tinere
507 2193 773 2245 tumultus
797 2211 812 2246 ;
839 2213 867 2243 1)
901 2195 1015 2247 haec
1035 2195 1376 2249 BernarduS.

378 2264 449 2317 30
477 2266 771 2318 Numam
806 2284 943 2319 Duas
977 2285 1153 2319 ruam
1196 2285 1381 2321 mn-

322 2352 452 2389 sus.
479 2366 541 2376 —
565 2340 625 2388 In
650 2340 911 2390 Nazareth
938 2350 1138 2402 autem,
1159 2342 1253 2392 ubi
1274 2357 1377 2392 an-

317 2410 587 2460 nuntiatio
621 2410 756 2461 facta
783 2422 883 2472 est,
907 2423 1036 2463 sunt
1064 2414 1182 2464 duae
1209 2413 1381 2464 eccle-

315 2479 412 2531 siae
439 2496 454 2529 ε
482 2495 591 2530 una
633 2480 730 2531 ubi
770 2491 882 2530 erat
919 2482 1136 2543 domus,
1182 2483 1242 2534 in
1272 2497 1381 2549 qua

319 2551 560 2616 Angelus
605 2551 673 2602 ad
711 2552 939 2602 Mariam
981 2553 1148 2614 venit,
1195 2564 1248 2605 et
1292 2570 1385 2605 an-

306 2620 719 2672 ·nuntiationem
761 2621 901 2684 fecit,
956 2623 1016 2674 in
1050 2639 1160 2689 qua
1197 2634 1280 2675 est
1312 2625 1385 2675 al·

317 2703 431 2743 tare
475 2692 655 2743 Maria:
676 2732 691 2754 ,
745 2693 805 2743 in
855 2695 973 2745 loco
1041 2694 1139 2745 ubi
1198 2695 1387 2746 orabat

319 2763 536 2830 quando
577 2764 819 2830 Angelus
863 2780 982 2816 eam
1024 2765 1302 2826 salutabat,
1332 2775 1387 2816 et

318 2836 481 2886 altare
532 2836 824 2898 Gabrielis‚
861 2837 956 2888 ubi
1023 2838 1387 2890 annuntiatio-

324 2920 451 2958 nem
480 2904 721 2957 faciendo
740 2907 916 2971 stetit3
955 2909 1137 2969 altera,
1156 2908 1253 2959 ubi
1281 2909 1387 2959 do-

326 2994 452 3029 mus
471 2978 658 3040 fuerat,
688 2979 747 3030 in
775 2996 884 3046 qua
906 2980 1179 3032 Dominus
1205 2980 1389 3032 nutri-

324 3059 415 3099 tus
445 3059 543 3111 est,
567 3066 690 3100 cum
715 3049 895 3102 infans
922 3061 1049 3101 erat.

389 3118 454 3171 31
491 3120 876 3172 Concae-rioms
915 3122 1195 3172 Dommcae:
1242 3137 1391 3173 mou-

324 3206 428 3241 RAE.
453 3217 515 3227 —
543 3190 670 3242 Fuit
708 3200 889 3242 autem
927 3192 1205 3258 conceptio
1270 3194 1387 3244 Do-

324 3259 527 3312 minica
559 3260 617 3312 in
645 3262 782 3313 rubo
804 3263 1011 3314 ardenti
1037 3264 1389 3330 praefigurata.

322 3336 514 3387 Rubus
567 3336 715 3386 enim
770 3336 1031 3389 sustinuit
1068 3338 1252 3404 ignem
1272 3375 1288 3398 ,
1336 3346 1390 3387 et

328 3421 441 3457 non
502 3406 734 3472 perdidit
797 3407 1153 3471 viriditatem;
1223 3406 1392 3458 Maria

326 3481 568 3548 concepit
597 3482 791 3543 filium,
834 3492 889 3533 et
923 3499 1036 3533 non
1066 3481 1252 3534 amisit
1274 3481 1391 3532 vir-

330 3554 610 3620 ginitatem
648 3573 663 3607 :
697 3556 967 3607 Dominus
1018 3555 1280 3606 habitavit
1331 3555 1390 3605 in

329 3626 468 3678 rubo
495 3628 731 3689 ardente,
770 3637 823 3678 et
868 3627 983 3693 ipse
1031 3626 1298 3677 habitavit
1328 3626 1391 3677 in

328 3699 511 3749 Mariae
551 3701 823 3766 gravidato
864 3711 1047 3751 ventre
1071 3717 1087 3750 ι
1117 3698 1397 3750 descendit

331 3768 393 3819 in
417 3770 615 3821 rubum
656 3781 871 3837 propter
905 3771 1213 3821 Judaeorum
1254 3769 1397 3820 libe·-

329 3840 595 3892 rationem
634 3882 648 3904 ,
718 3854 779 3894 ut
851 3858 946 3894 eos
1017 3842 1261 3893 educeret
1330 3842 1397 3893 de

327 3910 564 3979 AEgypto
574 3928 590 3978 3
636 3914 909 3967 descendit
932 3914 993 3965 in
1028 3913 1254 3966 Mariam
1281 3927 1400 3980 pro·

1471 418 1590 473 pter
1646 419 1882 460 nostram
1960 411 2383 476 redemptionem
2409 449 2423 472 ,
2475 422 2541 463 ut

1473 494 1572 530 nos
1601 479 1829 546 eriperet
1869 482 1936 531 de
1986 481 2215 531 inferno,
2263 481 2401 531 Cum
2431 497 2539 532 au·-

1470 562 1580 602 tem
1609 553 1877 604 Dominus
1906 553 2171 604 incarnari
2196 553 2384 614 voluit,
2418 555 2542 605 Ma-

1472 623 1609 674 riam
1645 625 1815 674 solam
1860 640 1968 690 prae
2003 625 2261 675 omnibus
2289 625 2544 676 mulieri—

1473 695 1576 745 bus
1595 695 1773 760 elegit.
1797 696 1864 746 Et
1893 696 1996 745 hoc
2015 694 2118 746 fuit
2141 695 2545 762 praefiguratum

1473 765 1532 815 in
1569 765 1760 815 vellere
1813 765 2118 825 GedeoniS,
2168 767 2313 832 quod
2360 767 2545 816 solum

1474 836 1740 888 coelestem
1792 852 1969 887 rorem
2008 838 2263 903 capiebat,
2327 847 2378 888 et
2431 847 2548 889 tota

1472 918 1611 958 terra
1633 907 2011 975 circumjacens
2038 909 2173 958 sicca
2202 908 2546 972 remanebat3

1474 980 1553 1030 sic
1601 979 1770 1030 Maria
1810 981 1926 1030 sola
1971 979 2158 1029 divino
2204 995 2324 1030 rore
2362 980 2547 1045 reple-

1478 1050 1654 1110 batur,
1678 1059 1735 1100 et
1781 1050 1840 1100 in
1885 1050 2091 1100 mundo
2123 1051 2269 1101 nulla
2306 1052 2409 1102 alia
2454 1050 2552 1100 di-

1476 1137 1584 1189 gna
1628 1122 2018 1173 inveniebatur.
2062 1124 2305 1188 Repletio
2329 1123 2569 1174 velleris,

1477 1197 1699 1262 signum
1760 1206 1874 1246 erat
1923 1196 2257 1246 liberationis
2305 1195 2552 1247 filiorum

1477 1268 1637 1318 Israel
1677 1266 1747 1316 ab
1787 1266 2038 1316 hostibus
2078 1266 2220 1329 suis3
2267 1268 2557 1339 conceptio

1479 1337 1660 1388 Mariae
1688 1337 1909 1402 signum
1953 1347 2065 1386 erat
2098 1346 2296 1387 nostrae
2332 1338 2557 1387 redem-

1481 1408 1716 1474 ptioniS.
1730 1407 1920 1458 Vellus
1944 1407 2213 1457 Gedeonis
2255 1418 2337 1458 est
2380 1408 2557 1474 Virgo

1482 1479 1652 1529 Maria
1678 1496 1696 1529 ε
1719 1478 1790 1528 de
1812 1493 1926 1543 quo
1947 1479 2143 1528 vellere
2180 1479 2337 1529 Jesus
2380 1478 2559 1528 Chri-

1480 1559 1598 1600 stus
1623 1548 1749 1600 fecit
1776 1547 1884 1598 sibi
1923 1548 2187 1611 tunicam;
2220 1548 2391 1599 vellus
2420 1564 2560 1599 sus-

1480 1620 1622 1685 cepit
1674 1634 1852 1669 rorem
1931 1618 2056 1669 sine.
2106 1620 2241 1669 lanae
2301 1619 2558 1684 laesione3

1480 1689 1650 1741 Maria
1670 1689 1915 1755 concepit
1931 1689 2106 1739 filium
2118 1690 2236 1740 sine
2253 1690 2428 1741 carnis
2442 1705 2563 1740 cor·-

1481 1762 1753 1828 ruptione.
1799 1762 2018 1812 Gedeon
2056 1762 2318 1827 expressit
2352 1777 2558 1823 rorem,

1483 1845 1536 1886 et
1584 1834 1847 1885 concham
1887 1849 1953 1884 ex
1999 1849 2065 1884 eo
2109 1835 2352 1901 replevit3
2385 1833 2562 1885 Maria

1484 1905 1648 1957 enixa
1670 1915 1753 1956 est
1785 1903 1980 1965 filium,
2026 1905 2123 1970 qui
2171 1915 2345 1955 totum
2380 1921 2560 1954 mun-

1485 1980 1618 2029 dum
1660 1993 1781 2029 rore
1809 1978 1992 2044 gratiae
2019 1978 2257 2043 replevit.
2291 1979 2413 2029 Haec
2451 1992 2565 2027 au·-

1484 2063 1595 2102 tem
1622 2052 1898 2117 conceptio
1927 2051 2062 2102 facta
2084 2060 2165 2101 est
2200 2067 2295 2117 per
2331 2066 2562 2101 annun—

1484 2124 1765 2175 tiationem
1784 2123 2067 2184 GabrieliS,
2096 2124 2241 2190 quod
2264 2123 2563 2189 figuratum

1487 2204 1569 2247 est
1591 2195 1649 2246 in
1691 2210 1844 2247 servo
1871 2194 2116 2256 Abrahae,
2147 2204 2200 2245 et
2237 2194 2295 2245 in
2320 2193 2564 2245 Rebecca

1486 2266 1599 2317 filia
1638 2266 1893 2317 Batuelis.
1950 2267 2224 2317 Abraham
2258 2266 2408 2315 misit
2436 2279 2565 2315 ser-

1488 2353 1636 2398 vum,
1690 2346 1754 2388 ut
1801 2337 1869 2387 de
1923 2337 2137 2402 virgine
2176 2335 2290 2386 filio
2339 2351 2438 2386 suo
2497 2335 2563 2386 in

1489 2423 1745 2474 sponsam
1791 2408 2092 2473 provideret
2112 2446 2129 2469 ,
2168 2408 2402 2458 Rebecca
2453 2422 2566 2456 au-

1489 2489 1600 2532 tem
1627 2478 1845 2529 'nuntio
1902 2488 2091 2544 potum
2155 2477 2448 2543 praebebat,
2506 2488 2565 2528 et

1491 2548 1613 2600 ideo
1658 2563 1777 2599 eam
1803 2547 1916 2599 filio
1947 2548 2158 2599 domini
2181 2549 2266 2599 sui
2297 2549 2353 2599 in
2385 2564 2567 2614 spon-

1492 2637 1612 2672 sam
1663 2620 1908 2686 eligebat.
1968 2621 2057 2671 Sic
2111 2622 2266 2672 Pater
2329 2619 2572 2672 coelestis

1494 2693 1647 2744 misit
1672 2692 1944 2774 Angelum
1984 2708 2166 2754 suum,
2206 2702 2267 2743 ut
2294 2693 2435 2743 Filio
2457 2707 2568 2743 suo

1494 2773 1756 2830 quaereret
1781 2763 2049 2829 virginem
2082 2762 2140 2812 in
2172 2772 2439 2813 matrem:
2463 2763 2567 2828 qui

1495 2833 1801 2899 virginem·
1823 2833 2287 2896 decentissimam,
2362 2832 2573 2884 scilicet

1499 2906 1762 2968 Mariam,
1779 2905 2005 2966 invenit,
2045 2920 2166 2971 quae
2206 2903 2312 2954 sibi
2351 2912 2573 2970 potum,

1494 2980 1553 3031 id
1583 2990 1684 3042 est,
1716 2979 2045 3031 nuntiationi
2084 2994 2194 3029 suae
2237 2993 2570 3028 consensum

1496 3052 1661 3104 dedit.
1687 3053 1925 3103 Rebecca
1944 3067 2055 3102 non
2080 3052 2258 3101 solum
2286 3049 2572 3111 nuntium,

1497 3124 1590 3175 sed
1650 3122 1817 3173 etiam
1864 3123 2096 3173 camelos
2144 3122 2261 3187 ejus
2317 3119 2523 3186 potavit
2552 3137 2573 3169 t

1498 3195 1670 3247 Maria
1695 3205 1806 3246 tam
1845 3194 2086 3260 AngeliS,
2124 3208 2289 3260 quam
2318 3191 2578 3243 homini-

1503 3271 1605 3322 bus
1635 3270 1841 3321 fontem
1862 3270 1984 3320 vitae
2003 3268 2324 3335 propinavit.

1564 3341 1633 3393 32
1666 3343 1949 3393 Discessus
1994 3343 2299 3393 GAnnmLm.
2347 3366 2412 3377 —·
2453 3339 2576 3390 Ga-

1503 3413 1638 3464 briel
1677 3414 1877 3480 itaque,
1914 3423 2124 3479 peracto
2147 3410 2433 3478 legationis
2456 3425 2580 3461 suae

1503 3482 1703 3544 officio,
1742 3493 2041 3535 reverenter
2083 3499 2141 3534 se
2180 3482 2467 3540 inclinanS,
2518 3491 2578 3532 et

1504 3554 1752 3604 Dominae
1791 3569 1903 3604 suae
1937 3552 2282 3613 valefacienS,
2324 3549 2578 3602 discessit

1502 3623 1572 3675 ab
1596 3638 1658 3676 ea
1698 3633 1751 3674 et
1780 3622 2065 3689 disparuit,
2102 3622 2339 3687 gaudens
2379 3620 2577 3687 utique

1503 3704 1562 3746 et
1618 3696 1897 3755 exultans,
1971 3694 2099 3759 quia
2157 3692 2573 3759 responsionem

1504 3766 1617 3817 Deo
1682 3764 2060 3831 acceptabilem
2117 3764 2380 3815 relaturus
2439 3772 2576 3813 erat.

1506 3839 1625 3890 Jam
1660 3838 1809 3889 enim
1836 3847 2052 3889 venerat
2075 3852 2326 3903 sponsus,
2354 3846 2408 3887 et
2448 3835 2580 3887 ideo

1505 3908 1728 3962 recessit
1785 3908 2229 3975 paranymphus,
2290 3906 2580 3957 dimittens
