2784 4452
890 411 986 464 DE
1017 411 1374 464 BAPTISMO
1400 411 1673 464 DOMINI.

171 528 433 599 ptismatis
458 538 511 579 et
531 538 740 596 peccata
756 527 1009 588 remittit,
1041 538 1093 578 et
1106 543 1232 595 gra-

171 601 297 651 tiam
327 599 528 650 confert
547 638 562 661 ,
620 610 672 650 et
701 600 1042 650 liberatorem
1074 599 1232 655 nobis

171 671 534 721 demonstrans
552 670 581 732 ,'
612 679 710 736 pro
738 686 889 720 ramo
916 671 1069 722 olivae
1097 672 1230 721 ado-

205 742 407 791 tionem
451 740 629 807 generi
657 741 896 793 humano
923 742 1090 793 affert.
1127 741 1231 791 Ni-

169 759 469 863 {ilominus
506 821 686 861 tamen
717 812 899 862 omnis
934 813 1235 880 baptizatus

170 894 370 950 septem
393 882 686 933 virtutibus
709 883 769 933 in
787 885 1040 936 columba
1067 885 1235 951 signi-

169 955 335 1007 ficatis
362 956 520 1011 debet
548 955 738 1021 repleri
781 966 835 1006 et
861 955 1063 1022 perfici.
1090 955 1234 1016 Qui-

169 1039 399 1096 cumque
449 1025 594 1078 enim
630 1036 712 1077 est
744 1026 1035 1095 perfectus,
1074 1028 1234 1078 debet

169 1113 280 1149 ωδε
328 1098 595 1166 perfectus
648 1108 917 1165 quantum
961 1098 1027 1149 ad
1082 1099 1233 1163 seip-

170 1184 289 1220 sum
321 1207 337 1230 ‚
419 1179 687 1236 quantum
763 1170 827 1220 ad
900 1169 1231 1237 proximum,

172 1250 434 1309 quantum
511 1243 575 1291 ad
642 1243 847 1305 Deum;
930 1250 983 1292 et
1053 1241 1236 1291 omnia

169 1311 268 1363 ista
365 1313 737 1379 significantur
819 1328 920 1378 per

168 1464 284 1505 tum
311 1455 377 1504 ad
408 1455 669 1521 seipsum,
700 1455 902 1521 duplici
931 1454 1235 1521 proprieta-

168 1536 258 1576 te:
292 1526 422 1593 quia
476 1527 726 1577 columba
771 1527 934 1577 habet
977 1526 1237 1592 gemitum

171 1613 265 1663 pro
294 1607 471 1659 cantu,
504 1608 556 1648 et
595 1607 734 1648 caret
764 1597 912 1661 felle3
963 1597 1041 1647 sic
1067 1597 1235 1646 homo
1277 1626 1282 1665 3

169 1668 327 1718 debet
355 1669 550 1720 habere
574 1669 629 1718 in
654 1685 711 1720 se
739 1669 1115 1721 contritionem
1141 1684 1239 1734 pro
1278 1720 1281 1729 ,

169 1739 416 1808 peccatiS,
445 1750 497 1791 et
526 1741 789 1807 gemitum
814 1756 938 1792 cum
967 1739 1239 1808 lacrymis,
1278 1748 1283 1781 ἒ

169 1819 221 1860 et
276 1811 434 1862 debet
475 1827 649 1862 carere
699 1811 820 1863 felle
863 1811 1238 1862 amaritudinis
1280 1832 1281 1835 ¹

166 1883 395 1949 peccati,
449 1894 502 1934 et
537 1883 616 1936 ira
645 1883 1019 1935 irrationabili.
1050 1883 1241 1943 Quan-
1278 1898 1284 1947 ;

166 1961 285 2005 tum
317 1954 384 2004 ad
412 1954 722 2020 proximum
747 1955 944 2025 triplici
989 1955 1240 2021 proprie-
1280 1968 1284 1994 ³

405 2025 535 2093 quia
589 2026 837 2076 columba
903 2035 1079 2077 rostro
1133 2041 1283 2087 non*

163 2032 444 2155 {etgitssic
477 2110 573 2144 nec
606 2095 839 2146 Sanctus
862 2095 1116 2162 cuiquam
1141 2095 1242 2144 de-

166 2164 366 2236 trahit3
390 2165 667 2234 unguibus
698 2166 776 2216 nil
809 2165 968 2233 rapit,
989 2166 1068 2217 sic
1099 2167 1240 2216 San-

166 2243 286 2289 ctus
304 2238 482 2288 aliena
513 2255 621 2289 non
649 2238 870 2306 recipit;
895 2240 1075 2306 pullos
1103 2240 1240 2290 alie-

165 2324 269 2360 nos
296 2318 552 2376 tanquam
569 2327 696 2362 suos
716 2312 899 2377 pascit,
926 2312 1003 2363 sic
1014 2313 1241 2363 Sanctus
1282 2335 1283 2338 ¹

163 2398 267 2449 per
291 2397 448 2433 suam
472 2385 897 2451 compassionem
940 2385 1241 2453 indigenti-

164 2453 271 2503 bus
298 2468 397 2503 sua
423 2454 630 2504 tribuit.
667 2455 944 2515 Quantum
974 2456 1039 2506 ad
1064 2457 1239 2506 Deum
1282 2505 1285 2518 ‚

162 2524 369 2590 duplici
419 2525 786 2591 proprietate:
816 2526 946 2593 quia
990 2527 1241 2577 columba
1282 2559 1283 2562 =

161 2610 332 2664 super
357 2610 524 2661 aquas
548 2596 765 2657 residet,
796 2608 857 2647 ut
885 2597 1078 2648 umbra
1099 2598 1243 2648 acci-
1281 2645 1285 2658 ἰ

160 2666 322 2734 pitris
350 2668 408 2717 in
439 2684 577 2736 aqua
604 2669 848 2734 praevisa‚
876 2679 1083 2736 mergat
1101 2685 1158 2720 se
1190 2679 1243 2720 et

153 2740 381 2800 evadat,
438 2740 517 2789 sic
566 2741 794 2791 Sanctus
833 2756 994 2807 super
1042 2741 1243 2791 fluenta
1284 2741 1285 2744 ’

158 2808 359 2859 divinae
388 2810 674 2876 Scripturae
695 2810 929 2861 residere
946 2820 1001 2861 et
1021 2812 1240 2861 oculum
1282 2809 1285 2820 '

159 2879 367 2930 habere
397 2881 572 2941 debet,
594 2891 659 2932 ut
682 2881 884 2931 diaboli
910 2882 1172 2931 versutias
1191 2891 1244 2931 et

159 2950 446 3001 incursum
504 2953 729 3002 evadere
766 2960 959 3017 queat3
1018 2951 1244 3001 meliora
1284 2955 1285 2958 ’

157 3038 330 3088 grana
357 3023 523 3089 eligit,
557 3034 609 3074 et
640 3024 848 3074 mundo
871 3023 1124 3084 vescitur,
1167 3023 1245 3073 sic

160 3094 398 3146 Sanctus
428 3110 586 3144 sanas
608 3093 901 3144 sententias
920 3092 1123 3160 quibus
1161 3108 1247 3158 pa-

158 3174 348 3216 seatur
375 3164 541 3230 eligit,
574 3174 626 3215 et
648 3165 705 3215 in
736 3166 854 3215 solo
891 3166 1024 3229 Dee,
1055 3164 1110 3214 in
1135 3180 1245 3231 quo

158 3234 377 3300 puritas
406 3251 622 3285 summa
650 3251 745 3297 est,
771 3246 1059 3287 recreatur.
1091 3236 1246 3287 Unde
1284 3275 1285 3280 ,

157 3305 309 3355 sicut
339 3307 591 3357 columba
624 3308 680 3357 in
708 3308 950 3359 cavernis
971 3317 1131 3373 petrae
1159 3306 1247 3356 ni-

157 3373 368 3436 dificat,
397 3376 480 3425 'sic
516 3377 745 3427 Sanctus
776 3378 831 3428 in
856 3378 1028 3445 plagis
1057 3377 1248 3427 mortis
1284 3415 1291 3428 .

156 3445 406 3507 Christi,
456 3447 551 3513 qui
589 3457 738 3513 petra
788 3448 943 3499 firma
985 3457 1103 3509 est,
1156 3448 1248 3497 ni-

155 3515 322 3578 dum,
355 3517 410 3567 id
432 3527 531 3579 est,
548 3534 710 3568 suum
737 3519 1009 3586 refugium
1029 3527 1246 3584 etspem
1286 3547 1290 3551 Δ

155 3589 342 3657 ponit.

237 3674 259 3707 1
273 3658 300 3708 3
334 3660 457 3710 Vox
482 3662 677 3711 Parius
696 3661 895 3711 Furtim
913 3677 1253 3713 connexum-

157 3744 276 3781 τις.
312 3758 373 3767 -
401 3733 481 3781 Et
502 3746 620 3783 ecce
647 3747 760 3783 vox
783 3733 971 3794 PatriS,
1001 3732 1250 3783 testimo-

156 3799 329 3850 nium
358 3800 501 3850 Filio
527 3803 836 3866 praebentia,
867 3804 935 3854 de
964 3803 1117 3854 coelis
1149 3818 1252 3852 au—

156 3872 284 3921 dita
333 3880 415 3921 est
435 3910 450 3932 ‚
481 3872 687 3923 scilicet
733 3874 800 3924 de
829 3875 992 3935 nube,
1024 3875 1209 3925 dicens
1235 3891 1252 3923 .·

156 3944 289 3994 Hic
314 3950 403 3994 est.
437 3944 617 3993 Filius
663 3959 813 3995 meus*
833 3945 1098 4008 dilectus,
1147 3960 1253 4011 prae

65 4034 71 4040 ·
157 4015 396 4080 ceteris3
429 4016 557 4082 quia
585 4032 697 4066 non
739 4018 1041 4085 adoptivus,
1070 4026 1133 4069 ut
1159 4032 1253 4068 ce-

990 1312 1236 1379 proprie-
1278 1354 1279 1367 2

169 1393 300 1434 tates
346 1383 402 1433 in
455 1385 706 1434 columba
746 1392 999 1450 repertaS.
1059 1384 1237 1444 Quan-
1276 1388 1282 1453 J

2304 430 2409 482 219

1334 529 1454 588 teri,
1485 528 1576 581 sed
1608 527 1880 579 naturalis
1909 528 2066 579 Unde
2087 529 2409 596 Chrysosto-

1338 617 1529 655 mres-t«
1555 603 1699 652 Suus
1717 602 1908 668 utique
1930 617 2041 655 non
2061 618 2154 667 per
2170 604 2411 669 adoptio·

1336 688 1463 724 nem
1506 674 1685 741 gratiae
1700 713 1714 735 ,
1767 688 1943 740 neque
1970 689 2066 740 per
2091 675 2406 726 electionem

1338 757 1607 809 creaturae,
1629 749 1721 799 sed
1750 763 1881 799 suus
1900 748 2222 815 proprietate
2244 764 2407 814 gene-

1334 816 1412 867 ris
1438 827 1491 867 et
1520 818 1739 868 veritate
1789 828 2010 870 naturae.
2038 839 2070 867 n
2093 819 2165 870 Et
2212 830 2275 869 ut
2327 820 2405 871 ait

1337 889 1715 958 Hierony-mus
1730 905 1746 940 .·
1762 907 1790 936 ε(
1810 889 1960 939 Sedit
1983 890 2232 941 columba
2250 906 2411 956 super

1339 969 1498 1027 caput
1526 960 1641 1023 ejus
1663 998 1677 1020 ,
1725 974 1796 1009 ne
1822 959 1947 1026 quis
1978 969 2187 1026 putaret
2218 976 2407 1011 vocem

1343 1029 1513 1080 Patris
1539 1030 1603 1079 ad
1634 1030 1896 1080 loannem
1936 1031 2156 1090 factam,
2203 1047 2314 1081 non
2341 1031 2409 1081 ad

1339 1099 1655 1150 Dominum.
1696 1100 1760 1151 In
1793 1115 1895 1169 quo
1927 1100 2058 1151 mihi
2091 1101 2406 1167 complacui,

1340 1170 1397 1220 id
1422 1180 1519 1236 est,
1550 1171 1607 1222 in
1620 1186 1732 1237 quo
1753 1170 2000 1222 voluntas
2019 1187 2138 1222 mea
2165 1172 2411 1237 comple·

1339 1241 1490 1292 bitur
1542 1242 1608 1291 de
1661 1241 1832 1292 salute
1897 1241 2112 1307 generis
2155 1241 2405 1292 humani.

1339 1313 1497 1363 Alius
1539 1328 1667 1363 vero
1718 1312 2057 1378 Evangelista
2113 1312 2194 1363 sic
2234 1313 2365 1363 dicit
2393 1328 2412 1363 2

1349 1385 1437 1435 Tu
1478 1398 1537 1434 es
1585 1383 1767 1435 Filius
1809 1397 1956 1433 meus
1992 1383 2233 1446 alileam,
2267 1384 2324 1433 in
2361 1391 2414 1435 te

1342 1456 1642 1524 complacui
1663 1457 1810 1519 mihi,
1858 1457 1914 1506 id
1938 1466 2038 1517 est,
2067 1457 2123 1506 in
2153 1467 2205 1507 te
2232 1467 2285 1507 et
2314 1473 2411 1522 per

1343 1539 1396 1580 te
1424 1527 1677 1579 constitui
1701 1527 1847 1594 quod
1865 1526 2009 1577 mihi
2028 1528 2196 1592 placet
2223 1527 2413 1589 facere,

1344 1609 1398 1649 et
1428 1615 1552 1665 quae
1579 1598 1783 1664 agenda
1815 1606 1943 1648 sunt
1988 1612 2174 1663 agere,
2213 1597 2269 1646 id
2298 1607 2412 1656 est,

1345 1685 1515 1739 genus
1529 1670 1834 1719 humanum
1862 1668 2141 1719 redimere.
2156 1669 2255 1718 Vel
2273 1668 2414 1719 mihi

1345 1742 1697 1809 complacuit,
1727 1741 1784 1794 id
1819 1751 1917 1802 est,
1961 1742 2222 1808 complete
2250 1751 2304 1792 et
2328 1751 2415 1790 to-

1343 1814 1522 1864 taliter
1556 1813 1770 1879 placuit.
1802 1813 1953 1863 Nihil
1987 1813 2135 1863 enim
2163 1827 2412 1878 unquam

1345 1885 1459 1934 Deo
1486 1884 1763 1949 displicuit
1789 1883 1848 1934 in
1871 1898 1953 1944 e0,
1984 1885 2123 1934 sicut
2146 1883 2203 1932 in
2229 1882 2410 1941 nobis,

1345 1956 1443 2023 qui
1489 1956 1641 2022 prius
1665 1956 1872 2008 fuimus
1900 1955 2224 2021 naturafilr‘i
2248 1955 2364 2005 irae.
2382 1974 2411 2004 n

1346 2028 1505 2079 Unde
1532 2027 1853 2077 Ber-nardus
1870 2043 1887 2078 .·
1913 2043 1943 2073 α
1974 2027 2111 2076 Vere
2150 2025 2297 2076 enim
2324 2025 2417 2076 hic

1345 2108 1443 2159 est,
1477 2098 1536 2148 in
1561 2113 1672 2165 quo
1701 2113 1811 2147 non
1831 2106 1914 2147 est
1941 2097 2089 2163 quod
2118 2095 2256 2146 Patri
2295 2096 2414 2146 dis·-

1346 2169 1568 2236 pliceat,
1617 2168 1763 2235 quod
1800 2167 1985 2217 oculos
2011 2165 2301 2232 majestatis
2330 2164 2415 2215 of-

1345 2240 1557 2304 fendat3
1592 2240 1737 2291 unde
1778 2249 1830 2292 et
1876 2238 1993 2304 ipse
2043 2238 2118 2288 ait
2153 2254 2168 2288 ε
2214 2236 2412 2290 Omnia

1344 2326 1465 2380 quae
1491 2312 1700 2378 placita
1729 2317 1856 2362 sunt
1880 2310 1958 2371 ei,
1994 2310 2411 2376 facio'semper.

1347 2384 1525 2434 Donet
1567 2382 1724 2433 nobis
1785 2382 2054 2432 Dominus
2105 2381 2262 2431 Jesus
2316 2377 2414 2445 qui
2454 2403 2464 2413 ·

1346 2470 1560 2521 semper
1613 2454 1782 2519 placet
1833 2453 1973 2504 Patri
1999 2492 2013 2514 ,
2068 2462 2132 2503 ut
2181 2466 2283 2501 nos
2322 2465 2418 2516 per

1347 2526 1527 2592 ipsum
1552 2540 1854 2575 mereamur
1878 2524 2082 2591 placere
2106 2522 2232 2573 sibi.
2261 2540 2290 2569 n
2311 2522 2415 2571 Se-

1347 2600 1588 2649 cundum
1631 2597 1836 2648 Bedam
1859 2635 1877 2658 ,
1944 2606 2157 2648 tantum
2205 2593 2418 2643 duravit

1346 2669 1618 2735 splendor,
1643 2667 1903 2733 qua-mdiu
1932 2677 2151 2732 paterna
2179 2680 2283 2714 vox
2311 2679 2419 2713 au·-

1346 2741 1458 2791 dita
1480 2749 1577 2803 est,
1606 2749 1659 2790 et
1686 2754 1809 2789 cum
1852 2754 1917 2789 ea
1960 2737 2282 2789 terminatus
2314 2744 2414 2786 est.

1418 2826 1482 2876 14
1510 2812 1825 2860 Aumsunus
1870 2824 1967 2859 ssr
2016 2808 2304 2858 Cnmsrus.
2352 2833 2415 2846 -

1347 2885 1534 2949 Ipsum
1584 2892 1762 2932 autem
1808 2880 2009 2930 Filium
2037 2879 2255 2937 audire,
2285 2877 2417 2928 huic

1348 2956 1562 3005 credere
1610 2963 1663 3003 et
1707 2951 1925 3002 obedire
1946 2989 1960 3011 ,
2008 2951 2164 3000 Pater
2199 2964 2304 2999 nos
2331 2948 2423 2998 ad-

1347 3033 1550 3085 monet,
1579 3023 1764 3073 dicens
1795 3040 1809 3072 :
1838 3022 2023 3086 Ipsum
2070 3020 2271 3070 audite.
2316 3017 2417 3070 Cui

1349 3096 1496 3146 enim
1523 3093 1631 3143 nisi
1671 3092 1966 3158 sapientiae,
1992 3090 2225 3156 justitiae,
2246 3099 2302 3139 et
2320 3104 2417 3140 ve-

1349 3164 1492 3215 ritati
1523 3164 1735 3214 credere
1763 3163 2055 3213 debemus?
2089 3162 2243 3213 Unde
2270 3161 2418 3211 Ber-

1351 3236 1558 3286 nardus
1598 3249 1615 3285 .·
1663 3251 1698 3281 «-
1738 3234 1953 3299 Ipsum,
1989 3232 2189 3299 inquit,
2216 3230 2419 3280 audite.

1351 3306 1509 3367 Ecce,
1540 3303 1770 3354 Domine
1802 3304 1927 3354 ,lesu
1950 3342 1964 3362 ,
2015 3304 2101 3353 vel
2136 3316 2277 3351 nunc
2313 3300 2419 3364 jam

1352 3377 1591 3441 loquere,
1614 3374 1887 3425 licentiam
1917 3371 2173 3439 loquendi
2194 3370 2361 3419 habes
2388 3383 2424 3419 a

1354 3449 1526 3499 Patre.
1577 3445 1850 3508 Quamdiu
1877 3446 2052 3495 virtus
2095 3453 2148 3493 et
2179 3440 2275 3491 Dei
2326 3456 2419 3491 sa-

1354 3518 1557 3584 pientia
1582 3518 1738 3584 quasi
1793 3515 2046 3566 infirmus
2095 3510 2320 3577 aliquis,
2372 3519 2425 3561 et

1355 3588 1618 3654 insipiens
1646 3588 1778 3639 lates
1802 3587 1859 3637 in
1881 3583 2115 3651 populo?
2148 3581 2423 3642 Quamdiu

1357 3659 1559 3709 nobi-lis
1587 3660 1703 3709 Rex
1720 3696 1735 3719 ‚
1781 3668 1833 3708 et
1859 3659 1975 3706 Rex
2004 3654 2149 3713 coeli‚
2185 3652 2322 3703 fabri
2351 3650 2423 3701 fi-

1356 3730 1494 3780 lium
1525 3738 1580 3779 te
1619 3729 1814 3794 pateris
1842 3725 2095 3792 appellari
2130 3722 2329 3789 pariter
2371 3731 2430 3773 et

1358 3800 1624 3867 reputari?
1648 3800 1697 3851 O
1724 3798 2004 3849 humilitas
2022 3795 2239 3849 virtutis
2256 3794 2425 3845 Chri-

1357 3873 1457 3924 sti!
1487 3889 1520 3922 o
1538 3872 1841 3923 sublimitas
1863 3869 2187 3922 humilitatis
2208 3867 2222 3919 l
2243 3882 2428 3934 quan-

1357 3954 1476 3995 tum
1498 3941 1785 3993 confundis
1801 3941 2083 3992 stultitiam
2108 3954 2239 3990 meae
2264 3936 2425 3987 vani-

1358 4013 1508 4067 tatis!
1541 4014 1742 4064 Parum
1770 4012 1975 4077 aliquid
2000 4011 2113 4062 scio
2142 4010 2226 4061 vel
2250 4006 2432 4075 magis
