2784 4452
268 388 363 440 DE
393 387 670 439 SALUTE
701 387 1007 440 GENERIS
1037 389 1334 452 HUMANI,
1370 392 1465 442 ET
1498 392 1932 444 NATIVITATE
1970 395 2232 447 MARIAE.
2318 396 2384 448 25

149 517 232 560 tur
272 505 548 557 infantiles
593 520 765 555 annos
822 515 1009 566 exuta,
1049 521 1213 572 quam
1318 508 1466 575 quod
1492 508 1559 559 de
1584 507 1695 560 filia
1725 525 1822 560 sua
1847 525 1938 560 rex
1963 527 2192 577 magnus
2218 513 2386 564 nasci-

149 588 298 640 caste,
334 592 501 645 quam
533 586 730 636 sancte,
778 590 943 642 quam
987 578 1097 627 Deo
1125 577 1213 628 di-

149 663 246 715 gne
269 647 436 698 vitam
465 646 779 706 instituerit,
809 662 870 696 ac
905 646 1210 698 institutam

148 717 323 784 egerit,
348 726 411 767 ut
445 717 531 767 vel
567 717 802 783 cogitatu
827 726 1055 783 nequeat
1088 717 1214 783 quis

148 789 450 852 conjectare.
500 786 647 836 Nulli
685 786 921 852 denique
958 786 1208 847 dubium,

148 857 503 907 mstissimum
558 871 781 921 corpuS‚
830 866 882 906 et
928 856 1209 908 sanctissi-

148 945 284 980 mam
328 931 574 980 animam
604 931 719 994 ejus
762 929 1011 980 funditus
1043 929 1212 981 fuisse

147 1005 211 1054 ab
236 1004 383 1054 omni
410 1005 622 1054 macula
645 1004 866 1070 peccati,
892 1003 1003 1070 jugi
1028 1005 1211 1070 Ange-

146 1075 310 1125 lorum
360 1074 609 1125 custodia
657 1083 975 1139 protectam;
1024 1083 1210 1140 utpote

147 1148 309 1199 aulam
339 1163 512 1214 quam
537 1162 669 1196 suus
694 1155 745 1196 et
771 1145 1023 1196 omnium
1048 1147 1211 1196 Crea-

147 1229 222 1269 tor
241 1220 390 1270 Deus
409 1218 757 1285 corporaliter
785 1217 1207 1280 inhabitaturuS‚

146 1302 193 1341 et
232 1307 295 1342 ex
333 1306 445 1358 qua
485 1290 769 1340 hominem
810 1305 923 1340 suae
966 1304 1210 1355 personae

145 1364 370 1425 unitum,
423 1362 685 1414 ineffabili
744 1362 848 1412 fuit
902 1362 1212 1428 operatione

144 1447 471 1504 sumpturus,
515 1437 581 1486 Et
621 1435 755 1503 quid
803 1435 1039 1484 mirum?
1070 1435 1207 1485 Nam

145 1521 191 1562 et
217 1510 359 1561 inter
393 1509 651 1559 homines
698 1524 831 1558 usus
865 1507 1122 1568 obtinuit,
1163 1508 1209 1559 si

144 1592 309 1633 tamen
335 1581 650 1633 coelestibus
697 1582 762 1632 ad
801 1591 1009 1631 terrena
1039 1590 1212 1647 potest

145 1670 247 1706 esse
277 1653 618 1720 comparatio
650 1655 780 1714 ulla,
808 1662 868 1704 ut
907 1669 1030 1704 cum
1070 1669 1210 1720 prae-

145 1732 324 1794 potens
366 1726 574 1787 aliquis
619 1727 703 1777 vel
751 1741 977 1792 persona
1021 1725 1171 1776 dives
1194 1764 1208 1787 ‚

146 1802 317 1866 aliquo
360 1800 513 1850 vadit
546 1800 948 1865 hospitaturus,
989 1798 1211 1849 clientes

148 1881 423 1937 procurent
469 1871 683 1931 locum,
733 1869 1011 1928 muniant,
1045 1884 1210 1918 mun-

147 1942 281 2003 dent,
308 1951 527 2001 ornent,
555 1951 716 2007 atque
751 1940 1072 2000 custodiant,
1098 1956 1210 2006 quo

144 2012 369 2063 venienti
394 2011 624 2062 domino
669 2026 788 2072 suo,
815 2020 971 2075 aptus
1007 2010 1072 2060 ad
1106 2010 1208 2060 ha-

147 2085 441 2145 bitandum,
473 2093 528 2135 et
575 2099 847 2150 congruus
893 2082 1001 2133 fiat.
1050 2082 1208 2142 Quod

144 2157 185 2208 si
215 2157 335 2208 talis
384 2165 672 2222 apparatus
719 2154 779 2205 fit
832 2170 928 2220 pro
978 2155 1209 2205 adventu

145 2228 327 2279 terreni
389 2225 657 2287 hominiS,
711 2236 764 2276 et
821 2234 1211 2276 momentaneae

144 2298 430 2363 potestatis,
471 2297 649 2363 qualis
692 2305 947 2362 putamus
987 2309 1210 2362 appara-

145 2369 218 2420 tu's
248 2369 435 2420 omnis
485 2367 615 2417 boni
660 2366 819 2417 fiebat
854 2382 953 2431 pro
980 2366 1210 2417 adventu

144 2441 361 2491 coelestis
390 2449 444 2489 et
480 2437 667 2489 aeterni
738 2436 902 2502 Regis
946 2436 1004 2486 in
1051 2437 1210 2487 corde

145 2512 512 2564 sacratissimae
560 2509 830 2575 Virginis,
883 2524 1005 2575 quae
1052 2508 1209 2560 illum

146 2593 242 2635 non
257 2587 439 2637 solum
460 2593 574 2635 erat
596 2582 653 2632 in
680 2582 1023 2647 semetipsam
1043 2592 1212 2633 trans-

144 2654 260 2707 itive
315 2655 691 2721 hospitatura,
753 2653 866 2704 {sed
926 2652 1088 2703 etiam
1146 2665 1210 2703 ex

143 2727 439 2778 substantia
462 2741 562 2776 sua
586 2723 869 2774 hominem
895 2722 1093 2773 facturn
1126 2737 1211 2788 pa-

143 2799 332 2851 ritura?
359 2819 389 2847 »
428 2798 546 2848 haec
582 2796 884 2847 Anselmus.
915 2795 1211 2846 Considera

144 2870 222 2921 hic
251 2879 458 2921 attente
500 2868 726 2918 virtutes
776 2876 830 2917 et
868 2881 1047 2916 mores
1077 2865 1208 2916 vir-

144 2941 276 3006 ginis
298 2939 508 2999 Mariae,
538 2947 591 2988 et
614 2953 710 3004 pro
736 2952 893 3002 posse
925 2946 1020 2987 tuo
1043 2935 1208 2986 etiam

146 3012 333 3063 imitari
360 3011 537 3062 stude.

204 3101 256 3135 11
297 3086 360 3134 B.
400 3084 466 3134 V.
508 3083 704 3132 Miuuffi:
758 3095 987 3130 monna.
1024 3105 1084 3115 —
1131 3078 1210 3129 De

147 3156 315 3207 Mariae
381 3154 731 3220 conceptione
789 3161 842 3202 et
907 3150 1208 3202 sanctifica-

143 3227 280 3279 tione
301 3237 386 3279 est
410 3226 714 3285 sciendum,
741 3224 887 3290 quod
913 3239 1038 3273 cum
1064 3224 1208 3273 Deus

147 3298 432 3350 humanam
487 3307 734 3347 naturam
776 3309 1051 3346 assumere
1109 3294 1208 3344 de-

149 3370 402 3429 crevisset,
428 3381 732 3433 congruum
757 3364 864 3415 fuit
893 3374 954 3414 ut
979 3373 1205 3413 matrem

150 3437 207 3488 de
242 3454 350 3506 qua
391 3446 702 3488 nasceretur
738 3433 1103 3501 praemitteret.
1143 3433 1209 3484 Et

149 3508 253 3561 haec
282 3525 379 3577 per
410 3508 582 3559 filiam
616 3507 758 3573 regis
805 3505 1040 3571 Astiagis
1064 3519 1208 3571 prae-

147 3578 362 3648 figurata
398 3579 522 3639 fuit,
560 3578 654 3644 qui
689 3587 749 3628 ut
784 3578 841 3627 in
883 3574 1209 3627 Scholastica

150 3651 379 3720 Historia
423 3650 639 3709 dicitur,
694 3649 750 3698 in
817 3647 1025 3698 visione
1071 3646 1207 3697 vidit

149 3722 283 3787 quod
310 3722 379 3772 de
412 3730 567 3770 utero
598 3718 724 3770 filiae
765 3734 875 3768 suae
921 3717 1049 3768 vitis
1083 3717 1207 3782 pul-

148 3794 264 3845 chra
312 3792 598 3851 crescebat,
648 3806 770 3858 quae
824 3788 1110 3840 frondibus
1156 3797 1208 3837 et

150 3863 366 3916 floribus
413 3879 473 3915 se
515 3863 802 3923 dilatabat,
868 3871 920 3912 et
970 3860 1205 3910 fructum

153 3937 419 4002 proferens
487 3944 664 3986 totum
746 3949 974 3999 regnum
1043 3948 1206 3983 suum

154 4006 538 4070 obumbrabat3
606 4004 920 4070 dictumque
975 4012 1056 4053 est
1122 4000 1200 4064 ei,

1318 587 1474 630 turus
1505 589 1616 631 erat
1645 595 1659 629 ε
1691 595 1815 646 quae
1865 590 1987 647 post
2034 581 2148 633 haec
2183 585 2386 650 Cyrum

1315 667 1497 718 regem
1551 654 1841 720 generavit,
1891 654 1985 721 qui
2030 654 2174 705 filios
2227 657 2385 707 Israel

1315 722 1381 773 de
1416 723 1718 789 captivitate
1760 725 2085 791 Babylonica
2120 726 2383 778 liberavit.

1317 795 1394 846 Ita
1418 796 1663 847 Joachim
1686 796 1890 847 dictum
1915 809 2013 859 est,
2040 799 2185 866 quod
2215 798 2383 849 filiam

1313 866 1577 933 gigneret,
1645 884 1766 935 quae
1829 870 2109 921 Christum
2183 871 2383 936 Regem

1316 949 1567 1005 portaret,
1594 942 1689 1008 qui
1723 958 1823 993 nos
1850 943 1917 993 de
1944 944 2244 1009 captivitate
2266 942 2385 992 dia-

1317 1010 1490 1060 bolica
1512 1010 1774 1072 liberavit,
1793 1013 1886 1080 qui
1915 1023 1967 1062 et
1989 1029 2110 1063 vera
2122 1014 2248 1063 vitis
2260 1012 2382 1073 fuit,

1314 1093 1367 1133 et
1390 1092 1566 1134 totum
1590 1086 1862 1136 mundum
1879 1086 2239 1137 obumbravit.
2267 1087 2385 1151 Ipsa

1317 1157 1478 1208 etiam
1527 1157 1865 1224 praefigurata
1899 1159 2002 1209 fuit
2044 1175 2136 1225 per
2180 1159 2383 1211 fontem

1317 1231 1591 1298 signatum
1634 1231 1689 1282 in
1741 1233 1900 1284 horto
1946 1234 2200 1284 concluso
2233 1233 2385 1299 posi-

1316 1312 1463 1366 tum;
1500 1303 1629 1369 quia
1657 1318 1774 1353 eam
1810 1306 2118 1355 conclusam
2141 1304 2198 1353 in
2235 1314 2389 1354 utero

1318 1373 1506 1423 matris
1518 1374 1753 1439 Spiritus
1773 1377 1998 1426 Sanctus
2019 1375 2385 1437 sanctificavit,

1315 1455 1369 1494 et
1382 1444 1564 1510 sigillo
1594 1456 1790 1497 sanctae
1821 1446 2107 1498 Trinitatis
2136 1447 2213 1498 sic
2251 1463 2387 1498 con-

1314 1518 1477 1569 clusit
1519 1529 1572 1570 et
1624 1520 1874 1586 signavit,
1934 1521 2082 1587 quod
2152 1520 2209 1570 in
2268 1536 2386 1572 eam

1316 1605 1599 1655 nunquam
1688 1591 1895 1657 aliquid
1973 1590 2386 1656 coinquinatum

1316 1659 1577 1713 introivit.
1631 1663 1757 1714 Haec
1827 1663 1987 1714 etiam
2048 1662 2387 1729 praefigurata

1314 1730 1419 1782 fuit
1460 1748 1555 1798 per
1593 1735 1804 1784 stellam
1849 1735 2081 1794 Balaam,
2127 1735 2221 1800 qui
2255 1750 2386 1800 pro-

1315 1802 1467 1853 misit
1489 1804 1636 1870 quod
1664 1805 1730 1855 de
1757 1805 1918 1854 Jacob
1943 1804 2174 1854 oriretur
2203 1805 2383 1869 stella3

1315 1888 1411 1939 per
1449 1890 1614 1942 quam
1672 1875 2003 1942 figurabatur
2055 1877 2223 1927 Maria
2276 1876 2387 1927 flu-

1313 1945 1613 1996 ctuantium
1653 1946 1862 1997 ductrix
1899 1957 1951 1997 et
1990 1948 2224 2012 adjutrix
2264 1948 2387 1998 sin-

1313 2015 1517 2083 gularis
1585 2025 1639 2067 et
1716 2016 2012 2083 praecipua3
2086 2017 2205 2068 sine
2279 2032 2388 2084 qua

1314 2086 1468 2137 stella
1510 2102 1621 2137 non
1653 2097 1962 2153 poteramus
1987 2088 2090 2138 hoc
2118 2087 2387 2138 fervidum

1315 2172 1464 2208 mare
1517 2159 1858 2223 pertransire,
1904 2174 2002 2209 nec
2056 2160 2121 2209 ad
2170 2169 2385 2225 portum

1315 2230 1546 2282 coelestis
1632 2231 1817 2296 patriae
1893 2232 2187 2296 pervenire.
2269 2232 2388 2296 Ipsa

1314 2301 1478 2351 etiam
1534 2300 1685 2351 beata
1755 2300 1942 2365 Virg0,
2001 2300 2179 2365 quoad
2231 2316 2386 2351 suam

1315 2371 1648 2422 nativitatem
1667 2409 1680 2431 ,
1737 2369 2073 2435 praefigurata
2127 2369 2229 2419 fuit
2294 2385 2388 2436 per

1312 2441 1521 2508 virgam
1565 2440 1632 2491 de
1684 2440 1861 2490 radice
1900 2449 1952 2490 et
2021 2440 2188 2507 stirpe
2240 2441 2389 2493 Jesse

1316 2512 1485 2578 patris
1555 2511 1724 2562 David
1791 2525 2063 2577 egressam
2084 2550 2097 2572 ,
2143 2511 2209 2561 de
2281 2526 2388 2579 qua

1313 2583 1416 2634 flos
1443 2582 1866 2641 amoenissimus,
1899 2582 2100 2633 scilicet
2130 2582 2385 2634 Christus

1314 2653 1585 2716 Dominus
1649 2652 1918 2715 ascendit3
1990 2667 2152 2717 super
2220 2668 2385 2719 quam

1313 2723 1649 2790 septiformis
1691 2723 1861 2789 gratia
1915 2722 2149 2789 Spiritus
2206 2725 2386 2775 Sancti

1314 2795 1597 2861 requievit.
1642 2793 1928 2853 Quomodo
1973 2803 2151 2844 autem
2195 2793 2420 2845 florem⁴

1315 2864 1597 2930 producit,
1670 2863 2075 2929 praefiguratum
2147 2864 2250 2915 fuit
2325 2865 2385 2916 in

1314 2947 1468 3005 porta
1505 2938 1683 2988 clausa
1718 2952 1882 3002 quam
1940 2937 2209 2987 Dominus
2251 2937 2386 2989 Eze-

1313 3009 1475 3060 chieli
1528 3007 1866 3068 monstravit,
1924 3009 2046 3073 quae
2104 3024 2387 3075 nunquam

1313 3080 1509 3147 aperiri
1552 3078 1796 3138 debebat,
1845 3078 1936 3128 sed
1991 3079 2261 3130 Dominus
2291 3096 2388 3131 so-

1313 3153 1400 3201 lus
1442 3161 1538 3216 per
1577 3163 1695 3199 eam
1738 3148 1972 3197 clausam
2017 3149 2246 3199 transire
2285 3165 2388 3200 vo-

1313 3219 1473 3270 lebat.
1517 3217 1637 3283 Ipsa
1689 3215 1852 3267 etiam
1908 3215 2243 3281 praefigurata
2285 3218 2389 3269 fuit

1314 3304 1410 3355 per
1450 3288 1734 3354 templum,
1780 3286 1925 3352 quod
1974 3287 2230 3336 Salomon
2273 3288 2387 3337 Do-

1313 3359 1468 3409 mino
1533 3356 1830 3409 aedificavit.
1918 3356 2035 3405 Hoc
2124 3359 2386 3422 templum

1312 3441 1425 3482 erat
1479 3438 1847 3481 constructum
1918 3444 2188 3480 marmore
2257 3443 2387 3478 can-

1312 3501 1618 3563 didissime,
1674 3509 1726 3551 et
1766 3509 2018 3550 ornatum
2062 3499 2389 3549 intrinsecus

1312 3575 1445 3624 auro
1492 3570 1890 3633 mundissim03
1939 3571 2016 3620 sic
2070 3569 2237 3619 Maria
2276 3578 2389 3618 erat

1311 3643 1593 3695 albissima
1645 3641 1875 3693 candore
1938 3641 2241 3708 purissimae
2295 3654 2387 3691 ca-

1311 3714 1613 3774 stitatis,‘et
1654 3721 1841 3763 ornata
1889 3712 2214 3763 intrinsecus
2255 3725 2387 3762 auro

1313 3783 1715 3854 perfectissimae
1804 3783 2095 3834 charitatis.
2167 3783 2386 3834 Oblatio

1312 3871 1440 3908 vero
1510 3854 1690 3905 Mariae
1730 3854 1789 3904 in
1837 3853 2039 3917 templo
2090 3851 2194 3902 fuit
2244 3867 2386 3920 prae-

1313 3935 1610 3979 monstrata
1665 3941 1760 3992 per
1815 3938 2061 3973 mensam
2118 3924 2259 3975 Solis
2325 3924 2384 3974 in

1312 3999 1520 4059 sabu10,
1564 3995 1630 4047 de
1671 4009 1778 4062 qua
1833 4009 2020 4045 mensa
2071 3994 2270 4046 dicitur
2325 3994 2384 4043 in
