2784 4452
313 276 420 329 360

308 392 463 444 sione
517 389 790 457 indigeas;
853 388 997 440 Deus
1052 403 1195 448 νει-ο,
1251 403 1374 438 cum

308 463 515 515 nullius
537 477 781 528 unquam
813 461 1069 527 indigeat,
1107 460 1371 525 ignoscit-3

306 546 368 588 tu
410 549 666 586 conservo
712 533 960 593 remittiS,
1000 533 1143 582 Deus
1188 547 1371 595 servo;

309 616 363 658 et
416 614 476 655 tu
536 604 759 671 quidem
823 602 972 653 mille
1038 612 1374 667 peccatorum

310 690 454 737 reus,
502 677 647 726 Deus
695 690 820 725 vero
866 674 932 724 ab
979 672 1130 722 omni
1162 681 1373 738 peccato

312 758 617 801 extraneus.
668 748 734 797 Et
796 757 974 797 tamen
1027 745 1105 795 sic
1158 761 1375 811 quoque

312 818 696 869 abundantiam
733 816 963 882 propriae
1010 814 1374 866 miserationis

310 891 561 952 ostendit,
593 905 703 956 quo
733 905 844 939 non
872 889 1037 954 igitur
1066 887 1217 953 digni
1242 903 1374 953 sup-

315 962 478 1029 plicio
506 977 715 1022 sumus,
746 976 867 1010 cum
910 959 999 1009 tali
1032 959 1176 1009 enim
1203 974 1234 1008 a
1262 960 1374 1009 Deo

312 1044 572 1102 potestate
595 1035 808 1093 donata,
835 1032 935 1098 ipsi
963 1032 1149 1083 salutis
1177 1042 1373 1083 nostrae

312 1106 576 1158 efficimur
630 1103 956 1170 proditores?
1007 1103 1375 1164 Quemadmo-

312 1180 445 1230 dum
483 1194 607 1230 vero
646 1178 703 1228 in
727 1177 849 1228 aliis
873 1177 1046 1228 causis
1082 1186 1144 1227 ut
1184 1177 1375 1227 audia-

311 1267 437 1302 mur
487 1266 757 1317 rogamus,
804 1250 898 1316 qui
943 1249 1102 1300 nobis
1144 1263 1205 1299 ea
1259 1248 1375 1313 ipsa

313 1339 547 1391 quorum
607 1323 816 1374 domini
872 1338 1062 1373 sumus
1108 1338 1218 1372 non
1268 1321 1375 1372 im-

311 1394 624 1461 pendimus3
664 1393 802 1452 nihil
849 1404 929 1444 est
969 1393 1116 1459 quod
1154 1392 1231 1443 sic
1278 1391 1374 1442 Dei

311 1465 517 1517 similes
564 1465 740 1526 faciat,
806 1475 866 1515 ut
910 1464 1160 1530 malignis
1215 1474 1374 1531 atque

311 1536 631 1588 laedentibus
689 1552 805 1589 esse
865 1537 1197 1602 placabilem.
1241 1537 1374 1586 Pro-

312 1616 490 1674 pterea
512 1617 564 1658 et
592 1624 686 1673 per
717 1607 931 1672 singula
955 1622 1183 1673 quaeque
1215 1606 1376 1658 verba

313 1692 415 1728 nos
442 1693 758 1728 communes
777 1677 890 1727 fieri
910 1678 1178 1728 orationes
1201 1677 1373 1735 docet,

314 1747 582 1798 dicende.
608 1747 779 1798 Patet·
806 1754 1002 1809 noster,
1032 1756 1128 1797 etc.
1179 1746 1374 1797 Plurali

315 1816 519 1883 ubique
556 1831 780 1866 numero
823 1832 921 1867 nos
965 1816 1042 1866 uti
1073 1817 1285 1877 docens,
1316 1826 1375 1866 ut

314 1885 577 1951 proximis
601 1902 695 1951 per
723 1894 907 1936 cuncta
928 1884 1138 1951 placati,
1168 1900 1233 1935 ne
1262 1899 1360 1935 ve-

316 1955 540 2021 stigium
568 1955 828 2023 quidem
814 1972 872 2006 in
903 1955 1061 2006 nobis
1091 1954 1375 2005 iracundiae

312 2025 701 2092 relinquamus.
754 2025 916 2087 Quod
973 2026 1021 2077 si
1062 2024 1225 2076 unius
1268 2025 1374 2075 diei

314 2096 503 2147 saltem
540 2097 801 2147 vellemus
843 2105 1025 2147 nostra
1054 2106 1264 2162 peccata
1290 2096 1377 2147 di-

314 2183 616 2229 numerare,
651 2177 780 2219 tunc
810 2168 1013 2234 optime
1052 2168 1377 2218 disceremus

313 2250 643 2306 quantorum
671 2240 745 2291 rei
797 2256 1037 2291 essemus
1086 2241 1373 2291 malorum.

315 2310 455 2371 Quis
482 2309 648 2377 igitur
664 2320 901 2361 vestrum
932 2311 986 2360 in
1008 2310 1249 2362 oratione
1269 2326 1375 2360 non

314 2381 477 2432 habet
521 2382 815 2433 desidiam?
852 2382 991 2443 Quis
1019 2398 1130 2432 non
1184 2397 1377 2449 super-

314 2453 419 2504 biae
445 2463 526 2504 est
552 2454 769 2505 inflatus
807 2454 1051 2506 tumore?
1082 2455 1219 2516 Quis
1267 2470 1376 2505 non

315 2522 491 2574 inanis
557 2524 739 2589 gloriae
800 2525 987 2575 aurula
1057 2524 1379 2576 ventilatus?

317 2592 458 2654 Quis
503 2608 609 2642 non
637 2595 702 2644 de
748 2594 906 2645 fratre
950 2594 1209 2647 detraxit?
1241 2595 1378 2656 Quis

317 2678 430 2714 non
478 2663 961 2729 concupiscentiam
1008 2665 1229 2716 admisit
1264 2680 1379 2715 ma-

314 2732 539 2798 lignam,
558 2735 640 2784 vel
687 2734 975 2801 impudicis
1020 2734 1191 2785 oculis
1238 2749 1383 2800 aspe-

316 2804 428 2855 xit?
488 2805 626 2865 Quis
668 2821 777 2855 non
828 2804 1035 2856 inimici
1082 2821 1206 2855 cum
1254 2821 1381 2870 pas-

318 2873 473 2925 sione
517 2875 686 2925 animi
737 2875 1041 2926 recordatus
1085 2875 1198 2926 est?
1244 2874 1381 2937 Quis

319 2960 430 2997 non
471 2945 653 2995 aemuli
707 2946 790 2997 sui
844 2956 936 2996 aut
975 2946 1239 3001 cruciatus
1301 2957 1382 2997 est

320 3019 612 3085 prosperis,
642 3030 735 3070 aut
778 3021 1068 3071 delectatus
1111 3021 1378 3072 adversis?

319 3093 701 3144 Verumtamen
733 3102 812 3144 tot
836 3109 894 3144 ac
916 3093 1106 3144 talium
1136 3104 1381 3160 peccato-

319 3178 443 3214 rum
465 3163 901 3229 compendiosam
918 3164 1076 3215 nobis
1095 3180 1154 3216 ac
1173 3164 1380 3215 facilem

317 3232 464 3284 Deus
509 3233 654 3284 viam
700 3232 1033 3285 liberationis
1092 3230 1255 3296 dedit',
1292 3243 1381 3285 to-

318 3302 538 3370 tiusque
566 3303 764 3355 laboris
792 3304 1041 3356 alienam.
1067 3305 1205 3367 Quis
1232 3305 1379 3356 enim

317 3373 473 3425 labor
500 3385 582 3425 est
608 3374 755 3425 fratri
786 3374 1063 3441 indulgere
1099 3375 1381 3427 moerenti?

319 3445 496 3498 Labor
512 3447 732 3512 quidem
752 3445 808 3496 in
834 3447 1154 3498 remittendo
1178 3448 1377 3510 nullus,

316 3516 375 3567 in
405 3516 687 3567 retinendo
717 3533 842 3568 vero
871 3516 1181 3568 inimicitias
1210 3517 1382 3568 maxi-

321 3604 463 3640 mus.
508 3589 786 3656 Siquidem
847 3589 1116 3641 iracundia
1168 3590 1380 3641 liberari

319 3674 569 3725 magnam
615 3660 784 3710 menti
818 3660 992 3711 reddit
1033 3660 1289 3727 quietem,
1329 3671 1381 3712 et

318 3729 471 3780 valde
499 3729 601 3781 hoc
629 3741 710 3781 est
733 3730 889 3782 facile
916 3731 1135 3784 volenti.
1171 3731 1384 3783 Sufficit

901 273 1138 326 PRIMAE
1174 273 1421 325 PARTIS
1451 272 1685 326 CAPUT
1713 276 1970 329 XXXVII.

1482 389 1617 441 velle
1642 393 2037 454 tantummodo,
2076 402 2130 444 et
2156 392 2340 443 omnia
2366 392 2557 443 conti-

1484 474 1594 509 nuo
1639 472 1846 526 peccata
1897 462 2068 514 delata
2125 472 2252 513 sunt
2299 480 2314 513 ι
2367 482 2394 510 »
2433 462 2554 513 haec

1485 530 1921 597 chrysostomus.
1955 533 2141 599 Igitur,
2173 545 2234 584 ut
2252 533 2326 583 ait
2355 537 2556 600 Augu-

1482 601 1671 665 stinuS,
1688 604 2058 669 amplectenda
2081 614 2161 655 est
2191 604 2405 655 homini
2434 614 2552 655 tam

1482 673 1711 741 benigna
1738 678 1994 738 conditio,
2017 687 2077 728 ut
2103 678 2428 728 dimittendo
2462 678 2556 728 de·

1481 742 1601 794 licta
1641 745 1831 805 aliena,
1866 747 2037 797 diluat
2081 762 2194 798 sua.
2247 748 2404 807 Nam,
2457 761 2553 797 se·-

1481 815 1718 866 cundum
1747 818 2018 879 eumdem,
2050 820 2220 869 multa
2247 829 2373 869 sunt
2401 819 2554 870 elee-

1482 901 1830 952 mosynarum
1903 903 2097 954 genera
2116 927 2130 949 ,
2210 904 2344 954 quas
2421 904 2556 939 cum

1480 957 1709 1008 facimus
1745 959 2059 1025 adjuvamur
2101 969 2162 1010 ut
2205 960 2555 1010 dimittantur

1481 1028 1637 1079 nobis
1683 1039 1922 1093 peccata3
1953 1030 2047 1082 sed
2088 1045 2148 1080 ea
2192 1029 2332 1080 nihil
2377 1028 2557 1094 majus

1481 1109 1561 1151 est
1589 1116 1752 1167 quarn
1786 1117 1910 1152 cum
1937 1118 2002 1153 ex
2030 1103 2187 1153 corde
2218 1101 2556 1153 dimittimus

1480 1174 1624 1239 quod
1680 1173 1735 1224 in
1784 1174 1944 1226 nobis
2008 1175 2240 1242 quisque
2293 1173 2553 1240 peccavit,

1482 1259 1579 1294 nec
1628 1243 1800 1295 simus
1848 1244 1986 1311 pigri
2035 1246 2099 1296 ad
2163 1244 2556 1295 dimittendum

1480 1316 1600 1367 aliis
1633 1318 1766 1384 :qui
1798 1318 1963 1379 enim,
2001 1328 2061 1369 ut
2107 1318 2182 1369 ait
2215 1319 2558 1386 Chrysosto—

1481 1401 1613 1449 mus·‚
1674 1387 1883 1438 remisit
1927 1388 2201 1453 proxim0,
2279 1403 2334 1437 se
2388 1387 2553 1452 prius

1479 1472 1645 1522 quam
1691 1456 1846 1507 illum
1891 1457 1958 1507 de
1998 1457 2234 1508 reatibus
2280 1457 2551 1508 liberavit.

1482 1529 1638 1580 Unde
1670 1539 1723 1580 et
1755 1530 2158 1596 Gregorius«
2189 1528 2244 1580 Si
2273 1529 2554 1595 cogitave—

1481 1600 1653 1651 rimus
1694 1600 1954 1666 quoniam
1985 1616 2094 1651 non
2125 1600 2173 1651 ei
2214 1599 2309 1666 qui
2339 1599 2556 1650 contri-

1482 1671 1640 1723 stavit
1669 1688 1787 1733 n05,
1816 1674 1910 1723 sed
1942 1672 2238 1738 nobisipsis
2269 1672 2563 1753 largimur,

1482 1743 1588 1792 cito
1645 1743 2042 1794 dimitteremus
2100 1758 2368 1793 venenum
2433 1742 2554 1793 inea

1481 1814 1564 1865 Ad
1610 1814 1994 1865 dimittendum
2049 1823 2228 1865 autem
2275 1814 2398 1864 aliis
2451 1827 2561 1864 ne—

1483 1903 1626 1938 cesse
1673 1897 1753 1938 est
1795 1887 2000 1939 frenare
2056 1887 2210 1947 iram,
2267 1902 2389 1953 quae
2438 1886 2560 1937 fre-

1483 1966 1708 2023 quenter
1725 1973 1823 2008 nos
1841 1957 2082 2009 stimulat
2100 1958 2164 2007 ad
2186 1956 2502 2008 vindictam.
2524 1975 2557 2004 n

1484 2028 1640 2079 Unde
1685 2028 2027 2095 Augustinus
2061 2044 2078 2079 .·
2112 2046 2139 2075 «
2171 2028 2380 2077 Fratres
2420 2026 2558 2090 mei,

1482 2109 1715 2151 exercete
1758 2115 1854 2150 vos
1902 2109 2165 2165 quantum
2217 2097 2438 2164 potestis
2487 2099 2558 2148 ad

1483 2170 1838 2221 exhibendam
1865 2170 2354 2229 mansuetudinem,
2382 2167 2554 2219 etiam

1485 2260 1606 2310 erga
1639 2243 1888 2295 inimicos
1914 2253 2120 2294 vestros
2138 2281 2152 2306 ,
2183 2241 2388 2292 frenate
2416 2242 2559 2292 iram

1483 2329 1605 2380 quae
1632 2330 1729 2364 vos
1772 2314 2014 2364 stimulat
2053 2315 2118 2363 ad
2154 2313 2478 2376 vindictam3
2508 2311 2559 2362 si

1483 2384 1755 2435 vindicare
1800 2392 1852 2434 te
1880 2383 1961 2435 vis
1994 2383 2061 2434 de
2091 2383 2313 2433 inimico
2341 2396 2456 2442 tu0,
2489 2382 2559 2432 ad

1486 2455 1659 2521 ipsam
1690 2455 1824 2505 iram
1867 2464 1920 2504 te
1957 2464 2221 2513 converte,
2253 2452 2382 2519 quia
2425 2452 2548 2518 ipsa

1485 2535 1565 2576 est
1593 2525 1816 2576 inimica
1833 2533 1943 2584 tua,
1968 2539 2089 2590 quae
2107 2523 2300 2574 occidit
2318 2523 2559 2573 animam

1485 2607 1651 2648 tuam.
1665 2596 1929 2647 Oraturus
1956 2611 2012 2646 es
2029 2597 2218 2656 Deum,
2237 2604 2455 2646 ventura
2477 2604 2560 2647 est

1486 2669 1621 2719 hora
1646 2677 1708 2718 ut
1740 2667 1886 2718 dicas
1915 2683 1929 2717 ε
1965 2667 2136 2717 Pater
2171 2673 2350 2716 noster
2377 2665 2470 2731 qui
2497 2678 2557 2716 es

1488 2738 1541 2789 in
1566 2737 1744 2798 coelis;
1773 2747 2030 2787 venturus
2061 2752 2118 2787 es
2147 2737 2211 2786 ad
2241 2736 2398 2786 illum
2427 2751 2556 2786 ver-

1489 2824 1610 2859 sum
1645 2825 1660 2859 :
1688 2808 1911 2858 Dimitte
1946 2807 2097 2858 nobis
2125 2806 2302 2857 debita
2344 2812 2550 2869 nostra,

1487 2879 1619 2946 quid
1649 2878 1922 2945 sequitur?
1952 2878 2106 2929 Sicut
2146 2884 2197 2928 et
2237 2893 2334 2928 nos
2362 2877 2555 2928 dimit-

1490 2951 1650 3001 timus
1701 2949 2026 3001 debitoribus
2071 2948 2287 3011 nostriS‚
2344 2949 2420 2999 ibi
2459 2949 2554 3000 illa

1491 3020 1710 3071 inimica
1738 3029 1842 3081 stat
1881 3028 2065 3070 contra
2093 3029 2176 3082 te;
2229 3019 2368 3084 sepit
2406 3020 2554 3070 viam

1489 3090 1746 3152 orationis
1772 3101 1905 3153 tuae3
1940 3105 2156 3140 murum
2178 3089 2352 3155 erigit,
2375 3099 2428 3140 et
2444 3105 2555 3140 non

1489 3171 1569 3212 est
1613 3177 1719 3228 qua
1747 3171 1998 3212 transeas,
2036 3161 2155 3211 Non
2187 3176 2314 3226 ergo
2364 3160 2556 3212 saevias

1489 3244 1671 3286 contra
1713 3234 1994 3285 inimicum
2036 3242 2211 3293 tuum,
2274 3232 2332 3284 in
2395 3233 2555 3285 istam

1490 3305 1698 3368 saevias3
1736 3304 1928 3355 melior
1967 3313 2046 3355 est
2090 3303 2185 3369 qui
2218 3302 2387 3354 vincit
2415 3304 2554 3355 iram

1489 3391 1653 3442 quam
1680 3375 1775 3441 qui
1802 3374 1941 3441 capit
1973 3374 2261 3425 civitatem.
2298 3376 2421 3425 Non
2453 3392 2556 3441 po-

1488 3456 1568 3497 tes
1619 3445 1766 3496 illam
1818 3445 2145 3506 interimere,
2206 3455 2357 3513 potes
2395 3445 2555 3498 istam

1489 3516 1796 3583 reprimere.
1829 3515 1886 3566 Si
1915 3515 2070 3566 fortis
2110 3531 2185 3579 es,
2217 3517 2353 3566 iram
2378 3515 2552 3579 vince,

1489 3598 1540 3639 et
1582 3586 1782 3639 civitati
1819 3601 1972 3653 parce
2005 3603 2020 3636 ε
2065 3606 2093 3635 »
2135 3587 2250 3638 haec
2280 3588 2555 3653 Augusti-

1489 3673 1605 3712 nuS.
