2784 4452
762 351 857 401 DE
889 351 1107 402 PRIMA
1137 352 1659 404 DISCIPULORUM
1692 353 2129 405 VOCATIONE.

329 494 593 546 visionem
623 492 775 543 faciei
805 494 918 559 ejus
957 508 1234 558 nunquam
1261 509 1387 560 per-

332 567 566 632 tingens,
598 581 773 649 neque
800 567 865 616 ad
890 566 1114 616 domum
1138 566 1252 631 ejus
1290 581 1395 671 po-

332 637 461 687 teris
485 636 840 702 pervenire.»

399 707 426 757 3
455 708 565 757 ILLI
610 723 983 757 mannos-mr
1015 723 1126 757 mm
1154 723 1221 757 οε
1258 722 1392 757 Loco

335 794 720 828 nami-ArtoMS.
765 807 824 815 —
857 778 966 838 Qui
1003 778 1262 828 dixerunt
1307 777 1391 840 ei,

335 848 529 910 Rabbi,
565 848 619 897 id
656 858 752 907 est,
787 848 1082 915 Magister,
1120 846 1208 899 ubi
1237 847 1397 899 habi-

338 918 468 969 tas?
516 918 669 986 quasi
711 918 949 968 dicerent
979 935 991 969 :
1026 918 1395 985 Magisterium

336 1001 489 1040 tuum
516 1000 566 1040 et
589 989 883 1039 doctrinam
909 994 1055 1039 tuam
1081 989 1396 1056 quaerimuS.

336 1060 475 1111 Ecce
521 1059 702 1124 paucis
736 1061 1063 1110 voluntatem
1111 1075 1296 1121 suam,
1345 1069 1398 1110 et

336 1146 428 1181 cur
457 1145 581 1180 eum
613 1141 961 1195 sequerentur
986 1129 1291 1193 insinuant;
1320 1145 1397 1180 sa-

335 1200 500 1266 pienti
527 1199 668 1250 enim
700 1201 869 1250 multa
905 1215 968 1249 ex
1007 1200 1189 1265 paucis
1230 1200 1396 1250 inno-

333 1283 558 1325 tescunt.
618 1274 720 1324 Ubi
768 1272 1028 1323 habitas?
1068 1274 1222 1340 quasi
1247 1274 1396 1325 dice-

337 1355 455 1397 rent
483 1363 496 1395 z
529 1346 634 1397 Ubi
669 1357 745 1395 est
773 1345 1069 1410 hospitium
1104 1355 1279 1406 tuum,
1301 1346 1395 1396 ubi

335 1429 591 1484 tanquam
614 1418 708 1483 qui
737 1427 1015 1467 transeunt
1033 1418 1396 1468 conversaris?

334 1489 413 1540 De
459 1488 750 1553 hospitiolo
779 1497 1046 1555 quaerunt,
1078 1504 1188 1538 non
1211 1489 1280 1538 de
1307 1489 1398 1537 do-

334 1578 424 1611 mo
453 1563 594 1627 ejuS,
633 1577 796 1628 quam
828 1577 937 1610 non
977 1560 1236 1620 habebat,
1269 1561 1398 1628 quia

334 1633 507 1683 Filius
560 1631 803 1682 hominis
856 1647 966 1680 non
1018 1631 1250 1681 habebat
1301 1630 1396 1681 ubi

335 1715 494 1770 caput
523 1721 685 1755 suum
706 1705 996 1755 reclinaret.
1024 1703 1175 1754 Nihil
1206 1704 1398 1754 habuit

337 1777 609 1829 Dominus
653 1778 709 1827 in
751 1788 922 1837 terra,
965 1786 1152 1842 praeter
1176 1776 1399 1826 unicum

340 1849 558 1899 titulum
583 1848 734 1899 Pilati
757 1864 771 1911 ;
799 1861 852 1900 et
879 1848 1035 1898 nobis
1059 1849 1239 1914 plures
1256 1848 1398 1898 tituli

340 1939 450 1973 non
479 1922 775 1973 sufficiunt!
809 1921 1095 1983 Moraliter,
1118 1922 1398 1972 Christum

339 1992 672 2059 interrogant
718 2010 731 2042 z
785 1993 888 2042 Ubi
933 1991 1194 2042 habitas?
1247 1993 1399 2060 quasi

335 2065 535 2114 vellent
583 2063 717 2114 scire
735 2101 748 2122 ,
805 2063 990 2129 quales
1042 2063 1237 2113 debent
1284 2079 1403 2113 esse

338 2134 611 2191 homineS,
644 2133 738 2199 qui
769 2132 920 2198 digni
952 2142 1110 2191 sunt,
1148 2143 1208 2182 ut
1237 2132 1402 2183 Chri-

335 2215 452 2257 stus
476 2205 533 2256 in
562 2205 639 2256 eis
665 2204 867 2256 habitet
893 2222 905 2255 :
938 2214 997 2255 ut
1038 2204 1283 2270 exemplo
1303 2219 1402 2255 eo-

336 2293 478 2337 rum,
510 2293 568 2328 se
595 2277 727 2327 tales
758 2276 1078 2340 exhibeant,
1115 2276 1172 2325 in
1198 2276 1401 2344 quibus

334 2348 576 2399 habitare
598 2348 740 2397 velit.
781 2347 1003 2412 Mystice
1030 2357 1212 2397 autem
1250 2347 1402 2397 dele-

334 2419 543 2470 ctabilis
575 2428 654 2468 est
678 2417 777 2468 ista
798 2417 1022 2483 quaestio
1037 2417 1403 2482 contemplan-

335 2493 473 2544 tium
515 2492 724 2550 lucem,
771 2489 827 2539 in
860 2505 967 2556 qua
1006 2490 1149 2540 Deus
1174 2489 1399 2539 habitat.

336 2563 493 2614 Unde
538 2561 816 2612 Psalmista
868 2577 881 2609 ε
927 2560 1173 2621 Domine,
1220 2558 1400 2609 dilexi

338 2635 578 2686 decorem
603 2632 792 2683 domus
821 2638 945 2695 tuce,
977 2637 1028 2682 et
1052 2631 1222 2681 locum
1255 2629 1399 2680 habi-

340 2707 558 2758 tationis
571 2705 772 2772 gloriae
788 2710 911 2755 tuae.
930 2704 1255 2764 Quaerebant
1272 2718 1400 2769 ergo

338 2776 723 2829 habitationem
748 2776 880 2839 ejuS,
910 2774 1048 2825 sicut
1071 2773 1300 2824 studiosi
1325 2772 1404 2823 di·

338 2849 552 2916 scipuli,
572 2860 632 2899 ut
663 2857 885 2914 possent
911 2848 976 2897 ad
1005 2847 1401 2912 eum'frequen-

338 2936 419 2976 ter
445 2926 657 2984 venire,
701 2933 751 2973 et
800 2938 925 2972 cum
971 2937 1033 2972 eo
1086 2921 1401 2988 frequenter

339 2996 510 3061 loqui,
536 3005 588 3045 et
615 2995 682 3043 ab
706 3009 769 3043 eo
790 2991 1004 3042 instrui.
1032 2992 1184 3043 Unde
1209 2992 1360 3042 Beda
1383 3009 1402 3043 .·

341 3084 369 3112 α
417 3065 682 3115 Nolebant
731 3062 1036 3113 transitorie
1087 3061 1399 3128 magisterio

338 3135 578 3188 veritatis
634 3132 864 3200 perfrui,
917 3134 1009 3183 sed
1062 3132 1401 3183 mansionem

338 3209 674 3276 quaerebant‚
718 3216 778 3256 ut
819 3205 1032 3271 plenius
1081 3205 1150 3255 ab
1177 3219 1239 3255 eo
1272 3220 1403 3270 pos-

339 3291 456 3333 sent
484 3278 696 3343 instrui;
730 3279 823 3330 sed
847 3294 947 3328 nos
973 3277 1187 3345 quoties
1217 3278 1400 3328 Incar-

341 3352 577 3404 nationis
610 3350 812 3402 Christi
837 3350 1123 3400 transitum
1152 3349 1219 3399 ad
1240 3364 1401 3399 men-

338 3433 446 3474 tem
478 3422 803 3481 reducimuS‚
833 3420 1062 3471 sollicito
1095 3419 1252 3470 corde
1274 3434 1400 3470 eum

338 3508 609 3561 rogemu5‚
640 3501 701 3542 ut
733 3491 1030 3542 mansionis
1057 3500 1266 3541 aeternae
1299 3491 1403 3542 ha-

338 3564 657 3614 bitationem
683 3562 842 3612 nobis
866 3561 1119 3627 dignetur
1150 3562 1402 3611 ostende-

338 3649 415 3685 re.
444 3635 563 3699 Ipse
586 3649 730 3691 vero,
747 3631 1049 3682 ‘liberaliter
1079 3630 1404 3681 condescen-

337 3706 472 3756 dens
549 3720 737 3755 eorum
794 3702 1069 3768 petitioni,
1127 3702 1404 3767 respondit

341 3776 421 3827 eis
445 3793 459 3826 ε
500 3775 700 3836 Venite,
727 3779 779 3824 et
806 3772 1001 3834 videte,
1022 3772 1211 3837 venite,
1242 3772 1402 3823 testi-

342 3847 531 3897 monio
557 3845 781 3898 Jotnnis
803 3883 817 3905 ,
860 3844 926 3894 ab
968 3858 1131 3893 onere
1150 3843 1308 3908 Legis
1335 3845 1402 3893 ad

344 3920 548 3971 fontem
583 3916 795 3984 gratiae3
851 3927 903 3967 et
952 3916 1148 3977 videte,
1177 3916 1404 3966 revelata

343 3992 479 4053 fide,
528 3989 745 4041 tandem
784 3987 952 4039 visuri
995 3987 1202 4052 specie3
1246 3987 1401 4054 quasi

2460 370 2565 422 249

1501 494 1660 554 dicat,
1689 495 1986 546 secundum
2011 491 2297 547 Alcuinum
2320 512 2338 546 .·
2363 514 2391 543 «
2408 497 2572 547 Habi-

1502 567 1739 616 taculum
1764 583 1947 617 meum
1972 566 2222 633 explicari
2249 583 2357 617 non
2388 578 2566 634 potest

1501 651 1779 701 sermone,
1825 638 1918 688 sed
1948 653 2108 702 opere
2135 638 2561 701 demonstratum

1502 707 1671 758 venite
1709 724 1835 773 ergo
1884 709 2148 759 credendo
2179 718 2231 758 et
2265 708 2400 758 bene
2439 724 2570 773 ope-

1502 779 1687 840 rando,
1717 790 1768 830 et
1786 780 1960 830 videte
1988 778 2360 844 intelligendo,
2392 798 2418 825 n
2448 779 2566 837 Vel,

1502 850 1797 900 secundum
1827 850 2133 917 Origneem,
2166 865 2259 915 per
2292 849 2393 899 hoc
2421 851 2568 915 quod

1503 919 1650 978 dicit,
1681 920 1876 982 venite,
1929 921 1994 970 ad
2046 920 2309 970 actionem
2341 919 2566 981 invitat;

1504 1004 1598 1054 per
1617 990 1720 1040 hoc
1743 1001 1919 1041 autern
1941 991 2087 1057 quod
2116 990 2265 1050 dicit,
2290 989 2480 1050 videte,
2499 990 2565 1039 ad

1503 1061 2027 1126 contemplationem.
2058 1061 2176 1110 Non
2206 1059 2370 1118 dixit,
2398 1059 2452 1109 in
2473 1059 2571 1110 illo

1502 1132 1583 1181 vel
1611 1130 1668 1180 in
1699 1131 1792 1180 illo
1818 1132 1933 1181 loco
1959 1131 2166 1194 habit03
2219 1131 2364 1197 quod
2407 1129 2452 1180 si
2476 1130 2570 1179 di·-

1494 1200 1685 1269 xisset,
1705 1201 1885 1265 potius
1899 1203 2076 1251 locum
2094 1201 2390 1261 ostendere,
2401 1215 2567 1267 quam

1502 1288 1593 1323 eos
1615 1272 1838 1323 invitare
1866 1273 2150 1323 videretur.

1564 1358 1600 1408 4
1635 1344 1901 1394 Cnmsrus
1938 1360 2034 1394 sos
2085 1359 2245 1393 nucu·
2284 1358 2338 1392 m
2359 1358 2568 1403 nouum,

1505 1428 1593 1462 um
1621 1429 1680 1463 sn
1713 1429 1851 1463 Tunc
1876 1428 2202 1462 REDUCEBAT.
2227 1441 2287 1450 —
2318 1414 2383 1462 Et
2415 1412 2570 1463 duxit

1504 1499 1595 1534 eos
1639 1483 1694 1533 in
1723 1485 1947 1534 domum
1967 1523 1980 1543 ,
2016 1484 2071 1533 in
2115 1500 2278 1550 quam
2327 1493 2454 1534 tunc
2508 1484 2565 1534 in

1505 1553 1745 1619 partibus
1769 1553 1875 1604 illis
1902 1569 1959 1604 se
1974 1553 2274 1615 reducebat,
2301 1554 2428 1619 quia
2450 1569 2566 1620 pro-

1505 1621 1684 1688 prium
1709 1623 2075 1673 habitaculum
2101 1638 2211 1672 non
2246 1622 2492 1683 habebat,
2518 1629 2572 1674 et

1505 1702 1816 1746 manserunt
1842 1696 1916 1746 ibi
1933 1696 2079 1761 apud
2106 1710 2238 1756 eum,
2265 1696 2352 1746 die
2375 1696 2489 1758 illo,
2512 1696 2566 1746 id

1505 1776 1602 1826 est,
1629 1766 1734 1816 diei
1758 1765 1902 1816 illius
1926 1765 2167 1830 residue,
2210 1776 2262 1816 et
2291 1766 2567 1832 sequentis

1505 1852 1615 1886 suae
1643 1837 1814 1888 noctis
1863 1838 2035 1902 spatio
2059 1876 2071 1896 ,
2102 1837 2380 1888 audientes
2402 1838 2569 1888 verba

1505 1907 1624 1957 vitae
1668 1908 1735 1958 ab
1764 1924 1847 1958 e0.
1881 1908 2022 1959 Dicit
2063 1919 2241 1958 autem
2282 1908 2396 1970 die,
2442 1907 2571 1974 quia

1504 1978 1598 2028 ubi
1619 1989 1699 2029 est
1722 1978 1972 2029 Christus
1993 1980 2084 2028 lux
2116 1977 2378 2028 virtutum
2407 1988 2458 2028 et
2487 1980 2567 2030 sol

1504 2049 1739 2114 justitiae,
1771 2049 1874 2099 ubi*
1897 2049 2057 2098 nullae
2084 2048 2315 2098 tenebrae
2341 2059 2571 2113 possunt

1504 2137 1637 2171 esse.
1668 2122 1717 2172 O
1729 2137 1898 2201 quam
1927 2120 2134 2170 beatam
2154 2120 2316 2179 diem,
2335 2131 2386 2170 et
2404 2135 2567 2185 quam

1508 2186 1742 2243 beatam
1747 2202 1956 2242 noctem
1982 2191 2269 2250 duxerunt,
2291 2190 2567 2241 audientes

1505 2272 1557 2313 et
1581 2263 1821 2313 videntes
1850 2277 2011 2313 eum:
2039 2277 2202 2327 quem
2224 2261 2379 2320 multi
2412 2261 2565 2312 vide-

1506 2349 1562 2384 re
1592 2344 1643 2383 et
1674 2333 1858 2383 audire
1892 2333 2154 2391 volentes,
2185 2347 2296 2380 non
2317 2331 2571 2381 viderunt

1509 2419 1684 2471 neque
1722 2401 2031 2453 audierunt!
2065 2401 2200 2461 Quis
2229 2411 2308 2451 est
2342 2400 2435 2467 qui
2465 2416 2569 2453 no-

1507 2477 1591 2527 bis
1624 2476 1838 2527 nuntiet
1861 2492 1983 2542 quae
2010 2474 2297 2525 audierunt
2326 2490 2356 2524 a
2383 2474 2566 2524 Domi-

1507 2548 1604 2598 no?
1634 2546 1984 2597 AEdificemus
2000 2561 2125 2612 ergo
2141 2555 2192 2595 et
2207 2560 2307 2595 nos
2334 2545 2388 2595 in
2409 2546 2566 2596 corde

1508 2632 1709 2685 nostr0,
1744 2620 1837 2671 ubi
1867 2620 2087 2683 habitet,
2113 2629 2164 2669 et
2189 2617 2572 2683 inlnobismet-

1507 2694 1641 2760 ipsis
1681 2692 1942 2743 faciamus
1970 2691 2194 2741 domum
2223 2707 2334 2758 quo
2364 2690 2564 2754 veniat,

1463 2797 1466 2800 -
1507 2776 1558 2816 et
1587 2764 1745 2815 nobis
1773 2764 2107 2830 colloquatur
2135 2772 2188 2812 et
2232 2778 2332 2812 nos
2360 2762 2564 2812 doceat.

1506 2838 1668 2888 Hora
1709 2841 1885 2885 autem
1913 2839 2033 2884 erat
2059 2833 2218 2898 quasi
2254 2833 2476 2893 decima,
2511 2831 2565 2882 id
2611 2831 2624 2846 ⁸

1508 2920 1605 2969 est,
1633 2924 1796 2975 prope
1824 2922 2095 2972 vesperam
2127 2945 2141 2966 ‚
2193 2906 2287 2956 ubi
2335 2905 2575 2956 insinuat

1507 2978 2029 3030 commendationem
2076 2976 2296 3036 Christi,
2322 2985 2373 3026 et
2403 2975 2577 3026 disci-

1509 3050 1780 3116 pulorum.
1810 3049 1953 3097 Hora
1989 3047 2134 3097 enim
2164 3047 2370 3097 decima
2407 3056 2487 3097 est
2515 3045 2571 3096 in

1508 3136 1697 3170 occasu
1750 3117 1894 3178 diei,
1949 3134 2013 3168 ex
2054 3134 2164 3184 quo
2209 3127 2261 3168 et
2316 3117 2573 3168 Christus

1507 3192 1915 3243 commendatur
1936 3207 1966 3241 a
1987 3190 2282 3257 diligentia,
2299 3190 2445 3257 quod
2460 3199 2570 3239 tam

1507 3264 1782 3315 studiosus
1809 3263 1874 3313 ad
1923 3263 2225 3313 docendum
2255 3261 2382 3324 fuit,
2425 3262 2571 3327 quod

1508 3350 1604 3385 nec
1646 3343 1862 3400 propter
1903 3332 2162 3398 tempor-is
2217 3331 2523 3383 tarditatem
2553 3369 2568 3388 .

1507 3419 1599 3455 eos
1642 3405 1833 3454 docere
1892 3403 2130 3465 distulit;
2192 3412 2246 3451 et
2318 3400 2569 3466 discipuli

1506 3478 1955 3529 commendantur
1996 3492 2026 3527 a
2067 3475 2272 3525 fervore
2317 3474 2570 3524 audiendi

1507 3550 1805 3615 Christum,
1826 3550 1954 3618 quia
1972 3547 2220 3614 quamvis
2245 3547 2391 3597 tarde
2415 3556 2571 3605 esset,

1508 3634 1560 3674 et
1587 3625 1764 3675 adhuc
1809 3622 1943 3673 forte
1995 3621 2308 3686 jejunarent,
2342 3635 2452 3669 non
2487 3629 2572 3670 ta-

1509 3714 1634 3749 men
1650 3697 2048 3749 retardabantur
2065 3711 2096 3745 a
2120 3694 2392 3760 sequendo
2418 3709 2570 3756 eum;

1509 3782 1562 3822 et
1587 3787 1709 3822 cum
1738 3770 1874 3820 hora
1911 3767 2213 3833 vespertina
2237 3767 2442 3817 soleant
2466 3766 2572 3816 ho-

1509 3843 1685 3893 mines
1716 3841 1907 3894 reverti
1931 3841 1996 3891 ad
2041 3839 2313 3890 domicilia
2340 3839 2573 3905 propria,

1510 3926 1700 3967 tamen·
1741 3914 1996 3964 omnibus
2044 3911 2316 3975 dimissiS,
2358 3926 2574 3961 manse-

1509 3996 1638 4037 runt
1681 4000 1805 4035 cum
1856 3999 1920 4034 eo
1953 3999 2129 4051 usque
2157 3983 2214 4033 in
2257 3982 2575 4041 crastinum,
