2784 4452
350 281 456 347 430

348 410 562 462 propria
633 395 867 449 utilitate
891 435 913 457 ,
972 409 1026 450 et
1093 401 1221 451 dant
1290 399 1421 452 aliis

347 468 656 533 exemplum
706 470 1145 522 conservationis.
1207 472 1416 522 Secun-

347 538 481 588 dum
542 540 783 605 Rectam,
847 540 1008 594 etiam
1075 558 1300 593 manum
1347 545 1417 594 ad

348 619 583 660 aratrum
641 610 846 672 mittit,
905 612 1001 678 qui
1057 614 1211 680 quasi
1271 630 1419 680 quo-

345 680 474 730 dam
538 680 900 735 instrumento
951 685 1380 750 compunctionis
1399 724 1421 747 ,

348 750 549 801 scilicet
601 752 753 819 ligno
807 763 862 805 et
922 752 1066 804 ferro
1119 754 1421 806 Dominicae

352 823 642 888 Passionis,
661 825 917 877 duritiam
939 825 1226 877 cordis-sui
1255 828 1422 878 emol-

297 920 307 927 ·
350 895 415 946 lit
497 906 552 947 et
612 898 804 949 evertit
877 899 945 948 ad
1010 900 1417 964 poenitentiam,
1399 917 1413 928 ·

348 966 537 1033 sicque
582 969 652 1017 ad
697 969 870 1018 bonos
915 968 1120 1020 fructus
1168 969 1419 1022 ferendos

352 1048 551 1090 terram
605 1041 783 1091 cordis
825 1056 1043 1093 vomere
1087 1042 1420 1109 poenitentiae

349 1111 538 1176 aperit,
569 1112 808 1162 recolens
831 1112 1170 1164 Dominicam
1201 1114 1421 1165 Passio-

353 1199 502 1234 nem.
530 1184 634 1244 Qui
661 1185 707 1235 si
737 1185 803 1235 ad
830 1185 1016 1237 relicta
1040 1186 1172 1238 vitia
1200 1186 1420 1238 deside-

352 1254 436 1304 rio
462 1254 688 1320 rapitur,
720 1270 752 1306 a
780 1272 948 1322 regno
973 1257 1072 1308 Dei
1099 1273 1223 1308 cum
1249 1274 1419 1310 uxore

349 1324 496 1375 Loth
517 1326 833 1377 excluditur.
858 1328 1038 1379 Sancti
1065 1328 1213 1378 enim
1237 1337 1421 1394 poste-

351 1393 561 1445 riorum
605 1396 760 1446 obliti
794 1412 1006 1463 semper
1048 1398 1106 1448 in
1148 1400 1420 1450 anteriora

352 1478 412 1515 se
459 1467 809 1518 extendunt:
850 1468 1005 1534 juges
1046 1484 1193 1530 suos,
1238 1468 1296 1519 id
1335 1479 1420 1520 est

352 1550 549 1602 corpus
573 1548 625 1587 et
642 1538 897 1600 animam,
923 1540 1078 1605 quasi
1107 1540 1303 1592 boves'
1288 1557 1417 1606 jugo

351 1604 452 1658 Dei
501 1608 835 1672 conjunctos,
877 1623 910 1660 a
961 1609 1089 1676 jugo
1139 1611 1255 1675 ejus
1302 1627 1419 1662 non

351 1680 674 1740 relaxantes,
719 1682 812 1731 sed
849 1697 1060 1748 semper
1102 1684 1239 1734 colla
1280 1684 1419 1734 sub—

350 1750 555 1810 dentes,
604 1761 668 1801 ut
720 1752 954 1803 fructum
1009 1754 1134 1819 plus
1177 1755 1419 1807 afferant.

938 283 1180 335 PRIMAE
1211 284 1460 336 PAR'rls
1491 285 1730 339 CAPUT
1750 287 1917 341 XLV.

1523 400 1736 461 amicis,
1767 417 1862 468 per
1883 417 1939 454 se
1958 418 2073 454 non
2095 404 2397 470 impediant
2417 397 2603 457 homi‘

1526 486 1651 522 nem
1697 487 1728 523 a
1776 471 2099 538 pei-flectione
2140 483 2194 524 et
2236 491 2403 541 regno
2452 477 2594 539 Dei;

1525 558 1621 608 per
1669 543 1915 593 accidens
1944 553 2122 595 tamen
2156 553 2210 595 et
2245 556 2465 625 propter
2486 548 2603 598 ali-

1523 627 1631 678 qua
1656 614 2087 679 supervenientia
2108 615 2361 667 imminet
2386 618 2603 698 pericu-

1523 684 1639 733 lum
1690 684 2037 735 retrocedenti
2085 701 2118 736 a
2161 686 2248 737 via
2292 686 2412 747 Dei,
2464 688 2603 754 quia

1523 757 1655 807 dum
1703 756 1899 809 differt
1931 758 2158 838 implere
2209 761 2597 825 propositum

1522 836 1699 892 potest
1725 826 1987 878 faciliter·
1974 829 2253 879 immutari
2269 830 2339 879 ab
2356 846 2423 880 eo
2443 834 2595 897 quod

1522 898 1805 964 proposuit
1842 909 2061 965 propter
2102 899 2366 951 intuitum
2404 917 2599 952 earum

1523 983 1645 1034 quae
1680 968 1907 1030 dimisit,
1933 970 2019 1020 vel
2056 970 2289 1020 revocari
2330 986 2361 1021 a
2387 987 2599 1041 propo-

1523 1037 1627 1088 sito
1671 1048 1890 1104 propter
1915 1054 2135 1089 suasum
2163 1050 2465 1104 parentum,
2496 1057 2597 1092 seu

1523 1110 1752 1162 aliorum
1780 1127 1922 1177 quos
1947 1111 2187 1179 reliquit.
2212 1112 2285 1163 Ut
2303 1122 2487 1164 autem
2512 1114 2599 1164 di·-

1524 1181 1598 1231 cit
1630 1181 1986 1247 Augustinus,
2027 1182 2086 1232 in
2122 1182 2224 1232 hoc
2264 1182 2498 1248 capitulo
2540 1195 2600 1234 et

1522 1267 1624 1302 nos
1657 1251 1909 1312 dicimus,
1943 1252 2073 1318 quia
2104 1268 2243 1318 quos
2278 1252 2452 1303 voluit
2477 1254 2596 1305 Do·

1524 1322 1725 1384 minuS,
1756 1322 1859 1373 hos
1895 1323 2056 1388 elegit
2084 1340 2099 1373 ι
2129 1322 2326 1372 obtulit
2362 1338 2418 1374 se
2445 1340 2607 1375 unus

1521 1405 1586 1445 ut
1628 1410 1752 1445 eum
1801 1405 2133 1462 sequeretur,
2177 1406 2230 1445 et
2271 1396 2595 1460 reprobatus

1523 1475 1632 1529 est;
1662 1466 1802 1516 alius
1830 1482 1939 1516 non
1976 1466 2219 1523 audebat,
2252 1465 2448 1516 citatus
2481 1477 2603 1529 est;-

1522 1538 1712 1589 tertius
1733 1538 2027 1600 differebat,
2056 1539 2301 1604 culpatus
2328 1549 2408 1590 est
2433 1556 2448 1589 :
2479 1555 2595 1589 non

1522 1610 1598 1660 sis
1614 1626 1741 1676 ergo
1758 1610 1976 1661 dolosus
2001 1619 2057 1660 et
2074 1610 2355 1674 superbus,
2377 1626 2444 1660 ne
2465 1626 2593 1661 cum

1523 1681 1699 1748 primo
1755 1680 2052 1746 reproberis
2069 1719 2084 1740 ‚
2139 1681 2233 1731 sed
2284 1681 2459 1747 magis
2515 1682 2607 1732 sis

1523 1752 1754 1817 simplex
1785 1762 1838 1803 et
1864 1752 2111 1812 devotus,
2136 1761 2199 1801 ut
2220 1766 2346 1803 cum
2373 1752 2609 1805 duobus

352 1821 426 1872 Et
461 1821 740 1873 sciendum
785 1824 934 1890 quod
972 1825 1224 1906 quamvis
1258 1842 1419 1892 sepe-
1522 1823 1643 1875 aliis
1667 1822 1792 1889 eligi
1822 1821 2097 1873 merearis.

352 1891 455 1943 lire
477 1902 701 1959 patrem,
730 1903 786 1946 et
823 1894 1130 1948 renuntiare
1152 1896 1316 1949 bonis
1332 1898 1421 1950 vel

1352 2093 1625 2147 ORATIO

415 2268 655 2319 Domine
676 2269 804 2321 Jesu
827 2270 1062 2332 Christe,
1088 2272 1342 2338 Magister
1359 2274 1519 2334 bone,
1552 2273 1823 2338 inspector
1848 2270 2108 2330 cordium,
2137 2281 2191 2322 et
2222 2271 2471 2337 cognitor
2498 2287 2601 2324 se-

352 2347 646 2399 cretorum,
676 2340 898 2391 exclude
931 2351 986 2392 et
1009 2357 1226 2393 remove
1254 2359 1288 2394 a
1319 2359 1411 2394 me
1435 2359 1655 2394 omnem
1689 2341 2030 2393 dolositatem
2067 2351 2121 2392 et
2157 2341 2586 2403 simulationem,

356 2418 410 2460 et
437 2409 519 2460 fac
549 2426 639 2460 me
660 2426 850 2461 verum
876 2421 930 2462 et
956 2411 1171 2464 fidelem
1195 2424 1352 2465 tuum
1390 2415 1746 2482 discipulum;
1771 2423 1823 2465 et
1848 2413 1965 2464 sine
1992 2412 2209 2463 fictione
2236 2412 2390 2479 sequi
2417 2424 2471 2464 te
2492 2429 2595 2464 ve-

357 2498 533 2534 racem
581 2485 916 2568 Magistrum.
953 2486 1035 2537 Da
1066 2488 1229 2538 etiam
1270 2488 1412 2539 mihi
1457 2500 1517 2540 ut
1559 2499 1774 2555 propter
1816 2488 2080 2538 carnalem
2132 2503 2596 2555 quorumcunque

357 2554 606 2605 affectum
644 2567 698 2605 te
735 2557 889 2623 sequi
931 2573 1043 2609 non
1079 2558 1347 2620 differam,
1366 2569 1420 2610 et
1452 2560 1633 2611 minus
1674 2561 1875 2611 bonum
1922 2558 2109 2622 majori
2142 2575 2252 2608 non
2289 2559 2594 2625 praeferam.

358 2624 556 2676 Praesta
583 2626 743 2691 mihi,
773 2628 1002 2678 Domine
1026 2629 1173 2680 Deus
1193 2646 1365 2694 meus,
1392 2646 1460 2681 ne
1482 2630 1548 2681 ad
1578 2641 1812 2681 aratrum
1841 2630 2167 2697 poenitentiae
2206 2645 2429 2680 manum
2456 2632 2601 2681 mit-

357 2706 493 2757 tens,
518 2709 570 2749 et
597 2708 649 2749 te
680 2700 832 2766 sequi
856 2715 952 2766 per
974 2701 1218 2751 melioris
1237 2701 1363 2752 vitae
1385 2711 1583 2753 statum
1612 2716 1935 2768 proponens,
1958 2701 2238 2767 respiciam
2261 2711 2423 2763 retro,
2450 2702 2595 2752 facto

354 2769 441 2820 vel
469 2770 762 2835 proposito,
789 2773 856 2821 ad
880 2781 1078 2822 statum
1099 2773 1390 2839 pristinum
1420 2774 1710 2836 redeunde,
1730 2783 1792 2826 ut
1820 2789 1931 2825 non
1960 2771 2196 2824 efficiar
2182 2783 2400 2839 ineptus
2421 2789 2609 2839 regno·

357 2840 454 2892 Dei
485 2842 880 2907 consequendo·
910 2844 1101 2895 Amen.

1272 3332 1653 3462 w
