2784 4452
281 411 376 462 DE
407 412 687 462 SALUTE
718 414 1021 466 GENERIS
1054 414 1356 479 HUMANI,
1394 417 1485 469 ET
1519 419 1955 474 NATIVITATE
1988 427 2251 481 MARIAE.
2331 429 2397 482 23

167 529 402 589 Domine,
454 539 508 579 et
551 530 775 596 antiqua
806 547 955 582 mors
1007 532 1063 581 in
1100 548 1226 582 om-

166 619 276 654 nem
352 618 574 653 carnem
647 604 900 671 iniquum
959 616 1226 657 exerceret

162 673 479 733 dominium,
531 675 617 724 cui
646 691 809 726 omne
838 692 1024 727 semen
1052 677 1224 729 Adam

160 745 263 811 lege
295 744 672 811 primordialis
713 746 883 811 culpae
923 747 1224 799 obnoxium

161 825 274 875 erat,
305 816 621 865 recordatus
662 831 720 866 es
769 817 1058 869 uberrimae
1110 818 1222 868 mi-

160 885 448 937 sericordiae
498 896 626 945 mae,
676 896 728 937 et
777 887 1099 954 prospexisti
1156 888 1224 940 de

159 955 364 1006 sublimi
417 956 761 1008 habitatione
816 968 923 1018 tua,
980 958 1038 1008 in
1081 958 1223 1010 hanc

160 1025 328 1083 vallem
371 1027 703 1091 plorationis
742 1037 794 1078 et
823 1028 1076 1080 miseriae.
1117 1029 1220 1079 Vi·-

161 1094 285 1157 disti,
326 1097 590 1157 Domine,
633 1098 983 1149 afflictionem
1030 1100 1217 1166 populi

160 1166 240 1227 tui,
279 1176 330 1217 et
357 1177 540 1217 tactus
590 1168 776 1218 dolore
820 1170 1095 1220 charitatis
1124 1171 1219 1221 in-

156 1236 416 1299 trinsecuS,
451 1239 764 1304 apposuisti
789 1241 1021 1307 cogitare
1056 1257 1218 1308 super

157 1325 240 1361 nos
286 1311 651 1378 cogitationes
708 1313 852 1378 pacis
895 1323 948 1363 et
1000 1314 1218 1365 redem-

154 1380 333 1445 ptionis
363 1398 378 1432 ε
408 1400 437 1428 ³>
476 1382 604 1432 haec
629 1383 936 1435 AnselmuS.

205 1471 233 1519 7
263 1455 392 1507 Esus
412 1470 610 1505 s‘rrRPs
625 1472 694 1505 ET
706 1472 990 1509 PARENTES.
1012 1487 1075 1498 —
1098 1459 1212 1511 Ta-

153 1526 255 1578 citis
279 1538 459 1578 autem
490 1527 611 1577 illis
641 1543 764 1593 quae
793 1528 860 1578 ab
891 1529 1051 1581 initio
1083 1547 1211 1583 om-

155 1596 226 1649 nis
248 1608 501 1649 creaturae
536 1613 719 1665 usque
760 1600 825 1650 ad
868 1602 1035 1654 sancti
1086 1603 1215 1655 Filii

155 1670 225 1722 sui
249 1672 562 1731 adventum,
593 1672 661 1721 de
685 1671 784 1721 hac
808 1673 959 1724 beata
986 1674 1215 1742 Virgine

155 1742 443 1807 prophetata
497 1752 656 1803 sunt,
704 1754 812 1793 tam
844 1760 938 1810 per
993 1761 1086 1796 eos
1114 1747 1211 1814 qui

155 1823 261 1866 ante
281 1816 496 1882 Legem,
532 1830 707 1882 quam
739 1833 833 1883 per
857 1833 949 1869 eos
983 1819 1079 1887 qui
1109 1821 1212 1872 sub

158 1883 274 1951 Lege
318 1887 445 1951 justi
523 1886 784 1950 fuerunt3
828 1889 894 1939 de
938 1889 1213 1942 nativitate

154 1955 298 2021 ipsius
322 1975 492 2026 quam
521 1959 758 2026 quidem
786 1976 850 2011 ex
890 1961 1031 2014 linea
1058 1979 1214 2029 gene-

154 2027 347 2082 rationis
396 2031 673 2082 humanae
715 2032 1053 2084 descendisse
1099 2033 1211 2086 sci-

153 2112 272 2160 mus,
296 2111 347 2153 et
390 2117 605 2170 magna
629 2103 881 2168 quaedam
910 2113 1070 2171 atque
1097 2105 1210 2156 mi-

150 2172 291 2225 randa
314 2173 614 2243 signorum
643 2173 842 2224 indicia
870 2176 1213 2242 praecurrisse

151 2244 404 2306 credimus,
435 2251 861 2311 {consequenter
901 2247 1082 2313 aliqua
1119 2248 1209 2300 vi-

150 2311 357 2367 deamus.
401 2317 586 2383 Virgo
640 2316 821 2382 itaque
862 2317 1097 2383 gloriosa
1143 2334 1208 2370 ex

149 2395 236 2448 qua
268 2386 578 2438 Incarnatio
617 2386 745 2437 Filii
786 2387 883 2437 Dei
924 2399 1006 2439 est
1050 2388 1205 2452 facta,

150 2456 202 2507 de
231 2459 368 2511 tribu
409 2463 579 2522 Juda,
630 2470 685 2510 et
726 2461 891 2527 stirpe
921 2462 1089 2512 David
1126 2474 1207 2515 est

149 2537 259 2580 orta.
284 2531 438 2592 Nam,
471 2543 539 2583 ut
583 2531 662 2582 ait
704 2533 1065 2598 Augustinu8‚
1113 2535 1205 2587 di-

148 2610 289 2661 gnum
313 2611 478 2669 atque
504 2601 846 2653 conveniens
867 2615 977 2655 erat
1001 2605 1205 2658 coelesti

149 2671 391 2732 mysteri0‚
463 2683 529 2723 ut
590 2671 776 2722 eadem
837 2673 1024 2735 Maria,
1081 2691 1204 2742 quae

148 2748 291 2790 mater
322 2742 422 2793 Dei
466 2744 782 2795 secundum
827 2760 1043 2796 carnem
1088 2762 1206 2799 esse

148 2812 333 2874 meruit,
357 2825 413 2865 et
454 2831 527 2864 ex
573 2814 742 2879 regali
795 2831 1008 2880 genere,
1049 2826 1102 2869 et
1140 2833 1206 2869 ex

146 2883 425 2936 sacerdotali
478 2885 707 2952 origine
761 2898 1083 2950 nasceretur,
1137 2890 1204 2942 de

146 2962 233 3015 qua
254 2954 423 3006 Filius
452 2956 586 3016 Dei,
629 2955 723 3022 qui
767 2958 879 3007 Rex
905 2968 986 3010 est
1010 2969 1062 3010 et
1089 2960 1205 3011 Sa-

147 3022 308 3074 cerdos
340 3025 395 3077 in
437 3032 729 3088 aeternum,
770 3042 965 3093 corpus
1003 3028 1204 3080 huma-

147 3103 213 3140 nae
235 3094 403 3145 carnis
431 3095 762 3160 assumpsit.
813 3097 977 3148 Anno
1023 3108 1203 3150 autem

145 3156 329 3227 imperii
355 3165 609 3232 Augusti
652 3165 862 3217 circiter
888 3183 1050 3230 xxvn,
1078 3178 1204 3221 nata

146 3240 209 3280 est
238 3234 470 3299 gloriosa
512 3235 692 3302 Virgo
723 3237 907 3300 Maria,
939 3254 1004 3290 ex
1050 3250 1204 3306 patre

146 3296 360 3354 Joachim
388 3307 457 3357 de
512 3307 803 3369 Nazareth,
837 3318 888 3359 et
924 3325 989 3360 ex
1031 3321 1201 3363 matre

147 3368 277 3424 Anna
327 3375 395 3426 de
430 3376 658 3442 Sephor
710 3377 911 3443 oppido
969 3380 1203 3433 distante

146 3437 338 3494 adduas
364 3446 557 3495 leucas
589 3445 657 3495 de
686 3446 966 3511 Nazareth,
1005 3451 1199 3502 ambo-

148 3504 231 3560 bus
261 3511 414 3575 iustis
444 3525 582 3566 ante
612 3516 804 3567 Deum.
837 3517 943 3577 Qui
970 3535 1064 3586 per
1096 3536 1200 3572 an-

147 3590 230 3628 nos
252 3582 443 3650 viginti
485 3585 643 3651 prole
672 3597 928 3650 carentes,
967 3605 1066 3656 pro
1096 3590 1200 3641 ha-

144 3643 293 3701 benda
330 3655 526 3704 sobole
590 3667 892 3717 oraverunt,
945 3670 1200 3711 voventes

144 3717 359 3773 seillam
408 3723 662 3773 Domino
716 3724 1008 3779 oblaturos,
1058 3730 1237 3781 Cum‘

143 3795 297 3839 autem
346 3791 563 3842 videret
638 3794 878 3846 Issachar
931 3798 1195 3860 sacerdOS,

142 3851 360 3911 Joachim
404 3861 557 3911 inter
609 3862 853 3914 concives
895 3881 1024 3918 suos
1074 3883 1198 3920 cum

144 3922 390 4001 oblatione
442 3931 730 3994 assistere,
782 3935 982 3999 sprevit
1039 3935 1195 3988 illum
1234 3945 1239 3950 '

145 4007 496 4067 unproperans
528 4002 882 4057 sterilitatem.
927 4006 1034 4066 Qui
1085 4007 1196 4059 im-
1230 4003 1235 4072 J

1330 535 1565 601 properii
1594 540 1798 604 pudore
1850 542 1915 590 ad
1958 553 2197 608 pastores
2279 562 2404 597 eco-

1329 622 1453 656 rum
1508 622 1732 660 suorum
1792 627 1848 661 se
1902 613 2160 674 contulit,
2218 563 2408 682 ibique

1326 677 1574 742 apparuit
1607 678 1654 729 ei
1680 681 1920 746 Angelus
1949 683 2171 736 Domini
2199 685 2408 738 confor-

1326 755 1448 797 tans
1484 763 1628 810 eum,
1660 759 1713 800 et
1741 751 1927 801 dicens
1979 752 2248 805 orationes
2286 756 2404 821 ejus

1327 819 1620 882 exauditas,
1679 830 1730 871 et
1784 822 2152 889 eleemosynas
2212 839 2405 877 ascen-

1324 888 1472 939 disse
1527 889 1586 940 in
1642 902 1931 957 conspectu
1986 892 2102 944 Dei.
2161 894 2410 951 Tertiam

1325 959 1473 1008 enim
1503 971 1709 1026 partem
1743 963 2061 1014 substantiae
2088 979 2198 1015 suae
2239 963 2402 1018 dabat

1326 1031 1686 1095 pauperibuS,
1722 1043 1775 1083 et
1822 1034 2038 1084 tertiam
2092 1037 2294 1101 templo
2350 1045 2409 1092 et

1325 1100 1512 1166 templi
1544 1100 1845 1167 ministris3
1903 1103 1968 1153 de
2008 1104 2111 1153 alia
2145 1105 2300 1158 tertia
2327 1120 2404 1158 vt·

1321 1170 1481 1220 vebat
1509 1187 1631 1222 cum
1663 1172 1826 1222 domo
1854 1189 1967 1224 sua.
2010 1174 2076 1225 Et
2099 1174 2175 1225 ait
2202 1175 2253 1226 ei
2281 1176 2404 1229 An-

1323 1241 1518 1305 gelus:
1553 1242 1684 1293 Ecce
1741 1258 1877 1293 uxor
1942 1253 2035 1294 tua
2079 1244 2250 1311 pariet
2299 1245 2406 1301 tibi

1321 1311 1508 1373 filiam,
1539 1313 1865 1383 vocabisque
1900 1330 2098 1364 nomen
2131 1316 2247 1380 ejus
2279 1317 2404 1369 Ma-

1321 1382 1477 1434 riam.
1526 1384 1845 1436 Consecrata
1904 1385 2007 1436 erit
2057 1386 2315 1448 Domin0,
2340 1395 2406 1442 ut

1320 1453 1534 1517 vovisti,
1580 1464 1631 1505 et
1663 1455 1875 1522 Spiritu
1923 1458 2118 1506 Sancto
2162 1458 2407 1525 replebi-

1320 1535 1410 1576 tur
1463 1542 1529 1579 ex
1584 1537 1737 1578 utero
1806 1529 1994 1579 matris
2046 1545 2176 1591 suae,
2233 1540 2288 1581 et
2339 1531 2401 1585 in

1319 1599 1523 1665 templo
1592 1598 1819 1649 Domini
1891 1599 1994 1650 erit
2067 1601 2402 1653 conversatio

1319 1672 1452 1735 ejus.
1485 1672 1798 1738 Eademque
1847 1674 2088 1740 Angelus
2132 1675 2405 1729 nuntiavit

1317 1742 1522 1806 Annae3
1564 1743 1896 1811 monituque
1948 1745 2192 1811 angelico
2237 1746 2400 1817 ambo

1316 1815 1675 1887 ascenderunt
1704 1815 1761 1864 in
1794 1816 2110 1877 Jerusalem,
2147 1827 2200 1867 et
2236 1817 2399 1868 debi-

1316 1894 1399 1936 tas
1424 1886 1620 1953 gratias
1650 1887 1890 1937 Domino
1936 1890 2298 1953 persolventes
2337 1888 2397 1943 in

1315 1957 1538 2021 temp10,
1569 1958 1797 2024 regressi
1852 1969 1981 2008 sunt
2032 1959 2098 2008 ad
2153 1958 2388 2025 propria.

1315 2026 1684 2094 Concepitque
1712 2027 1870 2077 Anna
1893 2037 1945 2078 et
1965 2028 2172 2095 peperit
2199 2026 2390 2091 filiam,

1314 2115 1481 2165 quam
1509 2100 1715 2151 vocavit
1745 2101 1992 2152 Mariam.

1377 2169 1412 2220 8
1449 2171 1810 2221 PRAEsEnvA‘rA
1854 2187 1984 2220 FUIT
2020 2188 2087 2221 AB
2120 2184 2399 2223 ommium:

1312 2258 1502 2293 cunm.
1520 2271 1580 2281 —
1608 2242 1691 2291 Ab
1732 2242 1984 2308 originali
2015 2252 2195 2292 autem
2220 2244 2395 2309 culpa,

1312 2313 1549 2379 quodam
1580 2312 1867 2378 privilegio
1892 2312 2154 2378 singulari
2186 2312 2244 2362 in
2274 2327 2396 2363 ma-

1312 2383 1411 2435 tris
1439 2393 1591 2433 utero
1621 2393 1844 2449 purgata
1889 2381 2011 2433 fuit.
2046 2383 2203 2433 Unde
2246 2383 2394 2433 Ber·-

1312 2456 1520 2507 nardus
1561 2473 1578 2506 .·
1619 2473 1646 2502 «
1677 2456 1773 2508 Est
1826 2455 2006 2522 itaque
2029 2454 2197 2522 Virgo
2227 2454 2397 2505 Maria

1313 2526 1583 2576 bonorum
1657 2523 1835 2574 titulis
1907 2525 2208 2586 cumulata,
2270 2538 2395 2592 quae

1312 2595 1498 2661 procul
1525 2594 1693 2645 dubio
1727 2603 1855 2644 ante
1887 2593 1992 2644 fuit
2019 2604 2201 2644 sancta
2228 2609 2395 2661 quam

1312 2676 1453 2717 nata.
1523 2666 1635 2731 Ego
1698 2674 1829 2731 puto
1913 2665 2060 2731 quod
2122 2663 2395 2729 copiosior

1309 2734 1751 2785 sanctificationis
1786 2733 2109 2793 benedicti0,
2140 2748 2307 2799 quam
2330 2732 2390 2782 in

1306 2804 1432 2855 aliis
1469 2803 1814 2855 sanctificatis
1856 2803 1924 2852 ab
1967 2813 2139 2862 utere,
2168 2801 2227 2852 in
2269 2817 2389 2856 eam

1306 2874 1675 2939 descenderit3
1708 2890 1831 2995 ἕαδε
1862 2891 1975 2925 non
2011 2876 2189 2926 solum
2216 2873 2390 2941 ipsius

1309 2957 1492 2997 ortum
1535 2945 1702 2997 sancti
1749 2955 1905 3005 caret,
1938 2944 2031 2994 sed
2075 2943 2241 2994 vitam
2273 2944 2389 3010 ejus

1309 3015 1562 3081 deinceps
1591 3015 1659 3066 ab
1701 3015 1852 3065 omni
1907 3024 2122 3081 peccato
2164 3028 2388 3064 conser-

1307 3097 1455 3138 varet
1503 3087 1830 3138 immunem.
1861 3086 2054 3136 Decuit
2102 3084 2386 3147 nimirum,

1307 3167 1369 3209 ut
1396 3157 1658 3224 singulari
1680 3156 1970 3224 privilegio
1989 3156 2156 3207 vitam
2182 3156 2389 3222 absque

1308 3237 1520 3294 peccato
1572 3227 1804 3288 duceret,
1849 3241 1971 3291 quae
2011 3226 2144 3275 dum
2184 3224 2385 3290 peccati

1308 3299 1609 3367 mortisque
1676 3308 2074 3367 peremptorem
2142 3305 2384 3364 pareret,

1303 3370 1429 3421 vitae
1453 3369 1782 3436 justitiaeque
1810 3383 2017 3419 munus
2046 3369 2169 3435 plus
2195 3365 2383 3419 omni-

1306 3442 1410 3491 bus
1454 3440 1727 3492 obtineret
1772 3456 1786 3490 t
1830 3459 1858 3487 n
1889 3440 2008 3490 haec
2047 3436 2382 3490 Ber-nardus.

1305 3512 1462 3564 Unde
1489 3511 1621 3563 dicit
1663 3510 2028 3578 AugustinuS,
2052 3509 2199 3576 quod
2230 3509 2384 3559 beata

1303 3583 1473 3649 Virgo
1500 3591 1624 3632 ante
1665 3581 2074 3648 conceptionem
2115 3577 2240 3628 Filii
2283 3576 2385 3629 Dei

1305 3651 1630 3705 sanctificata
1676 3651 1798 3712 fuit,
1843 3652 1990 3718 quod
2045 3662 2257 3716 peccare
2299 3661 2385 3697 ve-

1305 3723 1521 3774 nialiter
1559 3723 1767 3789 potuit;
1797 3723 1892 3773 sed
1922 3730 2043 3788 post
2070 3718 2384 3786 conceptio-

1306 3812 1434 3847 nem
1474 3795 1600 3847 Filii
1643 3796 1739 3847 Dei
1789 3810 1887 3845 nec
1928 3791 2227 3844 mortaliter
2283 3797 2409 3843 net>

1303 3867 1584 3918 venialiter
1607 3880 1822 3933 peccare
1852 3863 2048 3931 potuit.

1368 3954 1404 4007 9
1439 3938 1571 3990 Esus
1592 3950 1965 3986 emesan-rano
1991 3949 2045 3983 m
2073 3949 2378 3985 ranno,—

1294 4011 1428 4074 'Ipsa
1477 4016 1656 4059 autem
1703 4004 1937 4072 gloriosa
1971 4003 2141 4070 Virgo
2188 4002 2374 4061 Maria,
