2784 4452
970 398 1062 450 ET
1096 397 1578 451 NUMERORUM.
2287 398 2395 466 469

215 524 325 565 tur.
1110 526 1173 576 41
1186 510 1214 561 3
1381 513 1722 579 significatio.
2283 529 2346 578 41
2357 512 2390 564 6

181 600 219 649 4
244 583 617 635 Daemoniacus
643 598 673 634 a
700 582 914 633 diabolo
937 598 1062 634 eum
1352 584 1386 635 8
1419 584 1670 647 Christus
1722 584 1892 634 multa
1948 583 2232 646 miracula,

214 657 548 723 discerpente
579 657 852 708 liberatur.
1110 669 1219 721 414
1382 657 1446 706 ad
1472 654 1954 706 manifestationem
1979 654 2233 705 divinita-

187 730 216 780 5
265 730 516 781 Christus
553 732 776 780 domum
819 728 1063 781 Simonis
1382 725 1454 776 tis
1491 737 1543 777 et
1577 726 1833 777 doctrinae
1860 723 2228 776 confirmatio-

153 852 172 867 ‚
218 802 376 863 Petri,
448 803 513 852 ad
562 801 908 853 refectionem
967 816 1063 852 su·
1384 812 1528 857 nem,
1555 808 1820 864 operatur.
2277 810 2384 863 417

213 873 484 932 mendam,
509 872 690 923 intrat.
1110 871 1212 936 415
1352 885 1386 937 9
1422 870 1617 921 Iterum
1661 870 1911 921 Christus
1951 869 2005 920 in
2043 870 2229 920 deser-

183 942 216 993 6
243 943 484 994 Simonis
508 959 693 994 socrus
709 954 892 996 sanata
910 943 1062 994 Chri·
1382 952 1501 993 tum
1521 944 1700 994 locum
1729 943 1942 1004 secedit,
1972 943 2037 993 ad
2065 942 2230 994 vitan·

213 1026 296 1066 sto
331 1015 619 1066 ministrat.
1109 1014 1211 1079 415
1382 1014 1482 1064 dos
1531 1016 1820 1082 applausus
1853 1026 1907 1067 et
1951 1016 2016 1066 ad
2063 1029 2230 1066 oran-

187 1104 218 1153 7
253 1089 426 1152 Hujus
456 1087 758 1138 sanationis
802 1098 855 1140 et
885 1087 1059 1137 mini·
1382 1085 1533 1137 dum.
2269 1082 2384 1168 ‚418

212 1159 484 1209 strationis
533 1158 592 1209 in
652 1174 815 1211 sensu
866 1157 1058 1209 morali

475 1365 703 1416 CAPUT
734 1365 918 1416 XLIV.
953 1393 1013 1403 —
1049 1364 1131 1415 De
1158 1365 1510 1416 suscitatione
1521 1365 1639 1431 filii
1666 1366 1843 1417 viduae
1871 1340 2057 1418 Naisn.

187 1549 203 1582 1
247 1532 608 1583 Misericordia
635 1532 854 1584 Domini
876 1532 1050 1583 filium
1379 1541 1581 1583 catores
1622 1533 2026 1584 resuscitantur.
2278 1550 2383 1599 422

207 1603 380 1654 viduae
408 1604 733 1656 suscitantiS.
1100 1620 1208 1672 4¹9
1350 1603 1377 1654 5
1416 1606 1658 1656 Mortuos
1691 1617 1799 1658 tres
1827 1605 2101 1657 suscitavit
2127 1604 2228 1656 Do-

180 1691 209 1724 2
244 1676 389 1735 Quid
457 1677 681 1743 mystice
749 1675 1052 1743 significent
1378 1678 1580 1742 minuS‚
1622 1689 1674 1730 et
1705 1679 1837 1746 quid
1868 1694 1961 1745 per
1993 1680 2096 1730 hoc
2143 1678 2224 1729 si-

207 1745 507 1808 defunctus,
552 1749 666 1813 ejus
700 1758 885 1808 mater,
921 1764 1051 1814 por-
1265 1777 1270 1781 ·
1376 1750 1686 1816 gnificetur?
2273 1767 2377 1818 422

206 1815 394 1873 titores
421 1829 472 1868 et
509 1817 749 1869 loculus?
1100 1819 1206 1882 420
1346 1820 1379 1871 6
1416 1822 1679 1890 Quisquis
1706 1823 1777 1874 sit
1805 1824 1998 1874 animae
2030 1832 2220 1883 status,

179 1886 207 1936 3
243 1887 372 1939 Tria
395 1889 548 1956 signa
578 1890 766 1941 mortis
802 1901 854 1941 et
884 1892 1052 1941 resur·
1376 1911 1658 1957 nunquam
1685 1897 2079 1962 desperandum
2108 1907 2206 1947 est.
2271 1896 2376 1962 423

205 1958 457 2009 rectionis
485 1959 800 2025 spiritualis.
1097 1976 1198 2026 421
1347 1983 1379 2032 7
1415 1969 1560 2019 Mors
1588 1969 1783 2020 animae
1822 1984 1930 2035 prae
1963 1968 2222 2020 omnibus

174 2046 210 2094 4
243 2032 436 2082 Modus
467 2033 763 2099 spiritualis
789 2049 899 2100 quo
924 2049 1051 2099 pec-
1375 2037 1636 2089 deflenda.
2270 2037 2374 2104 423

309 2243 540 2293 CAPUT
568 2243 730 2294 XLV.
766 2272 825 2281 —
857 2244 942 2295 De
975 2244 1170 2295 Scriba
1198 2243 1405 2306 dolos-0,
1439 2252 1490 2295 et
1526 2246 1731 2298 duobus
1759 2248 1890 2300 aliis
1929 2248 2207 2299 Christum

1009 2333 1166 2419 3<sequi
1194 2333 1511 2385 volentibus.
1752 2327 1759 2334 ’

181 2517 200 2549 ι
242 2500 399 2552 Curae
428 2501 763 2568 praedicatori
787 2501 1033 2553 vitandae.
1099 2502 1202 2567 425
1379 2504 1493 2554 vult
1542 2505 1799 2571 sepelire,
1851 2515 1901 2556 et
1957 2505 2108 2572 cujus
2154 2506 2224 2556 sit

172 2589 202 2621 2
239 2573 316 2623 De
351 2574 537 2625 Scriba
564 2575 752 2625 doloso
777 2575 844 2625 ad
886 2574 1051 2624 Chri·
1378 2573 1578 2638 figura?
2270 2573 2376 2640 426

204 2652 350 2692 stum
378 2645 675 2695 accedente.
1100 2643 1203 2709 425
1350 2644 1377 2695 5
1415 2647 1491 2697 De
1513 2646 1669 2697 tertio
1696 2647 1990 2699 renuntiari
2011 2647 2099 2697 his
2125 2645 2221 2713 qui

171 2712 199 2763 3
235 2714 340 2772 Qui
362 2714 472 2764 sint
488 2714 614 2765 huic
629 2715 826 2766 Scribae
843 2713 1077 2767 similes?
1099 2713 1207 2781 426
1378 2718 1526 2768 domi
1542 2730 1689 2770 erant
1700 2719 1919 2780 volenti,
1933 2728 2221 2784 antequam

171 2800 210 2848 4
241 2784 318 2834 De
366 2786 559 2848 altero,
615 2786 710 2853 qui
765 2797 1052 2853 antequam
1380 2790 1659 2841 Christum
1689 2800 1961 2856 sequatur,
1991 2798 2042 2839 et
2070 2788 2221 2852 cujus

204 2854 484 2905 Christum
527 2866 798 2922 sequatur,
845 2868 1050 2923 patrem
1378 2862 1451 2913 sit
1478 2862 1677 2930 figura?
2248 2859 2374 2924 ,428

322 3065 555 3116 CAPUT
595 3065 778 3117 XLVI.
812 3095 872 3104 —
904 3067 989 3119 De
1018 3083 1080 3121 eo
1110 3073 1254 3137 quod
1282 3074 1548 3125 Dominus
1580 3073 1854 3125 excitatus
1902 3071 2189 3139 imperavit

1035 3161 1205 3212 ventis
1237 3168 1290 3213 et
1321 3165 1478 3215 mari.

177 3355 195 3388 1
238 3338 488 3391 Christus
506 3342 707 3393 dormit
725 3342 855 3393 dum
873 3343 1049 3395 ventis
1346 3352 1374 3402 5
1411 3351 1708 3418 Allegorice
1734 3362 1896 3420 typus
1930 3359 2009 3400 est
2046 3348 2220 3400 crucis

202 3420 254 3460 et
283 3410 540 3461 fluctibus
567 3414 803 3479 quatitur
836 3416 1048 3467 navicu·
1374 3422 1690 3474 Dominicae.
2267 3419 2378 3485 434

202 3483 269 3533 la·
1094 3488 1194 3553 431
1342 3491 1376 3542 6
1412 3492 1768 3559 Tropologice
1812 3500 1973 3557 typus
1999 3500 2080 3541 est
2118 3505 2223 3556 poe·

171 3569 202 3602 2
238 3552 429 3603 Timor
455 3553 843 3621 discipulorum
870 3575 1047 3625 repre·
1373 3563 1630 3615 nitentiae.
2269 3560 2377 3626 434

201 3626 477 3680 henditur.
674 3678 687 3686 ,
1092 3630 1197 3698 432
1344 3651 1375 3702 7
1412 3636 1683 3687 Mox-aliter
1724 3645 1883 3701 typus
1910 3644 1991 3685 est
2026 3634 2220 3685 animae

172 3700 201 3750 3
238 3702 627 3767 Tranquillitas
655 3703 791 3754 mari
820 3720 850 3755 a
878 3706 1045 3757 Chri-
1369 3707 1560 3758 fidelis.
2265 3705 2369 3771 435

200 3783 284 3823 sto
312 3775 531 3827 reddita.
1092 3780 1195 3845 432
1338 3779 1371 3830 8
1409 3780 1551 3839 Quid
1606 3778 1677 3829 sit
1723 3777 1780 3828 in
1829 3776 2219 3829 tentationibus

168 3863 205 3911 4
238 3846 460 3912 Mystice
487 3848 589 3899 ista
615 3849 856 3901 navicula
883 3861 1042 3918 typus
1368 3846 1706 3901 faciendum?
2262 3847 2371 3913 436

202 3927 281 3968 est
310 3918 578 3971 Ecclesiae.
1088 3923 1191 3989 433
2210 3908 2229 3939 ⁰
