2784 4452
257 304 366 374 298

258 421 344 471 vel
368 420 463 487 qui
493 420 708 486 publica
732 420 1011 487 vectigalia
1031 437 1129 472 seu
1157 421 1326 472 tribu·

260 500 314 541 ta
366 490 587 557 exigunt
597 506 615 554 5
674 492 759 541 vel
816 491 912 558 qui
975 492 1323 543 conductores

249 571 389 612 sunt
419 561 762 627 vectigalium
796 578 891 612 seu
928 561 1066 623 fisci,
1105 572 1197 612 aut
1228 578 1323 614 re-

258 650 383 684 rum
415 634 749 700 publicarum
767 650 783 698 3
813 636 897 686 vel
931 635 1024 702 qui
1065 635 1189 686 aliis
1211 652 1322 702 pu-

261 709 419 760 blicis
445 709 678 776 negotiis
711 720 765 761 et
803 709 1008 761 actibus
1038 710 1324 777 implican-

261 789 376 840 tur,
432 789 488 830 et
543 781 708 830 seculi
763 781 909 831 lucra
958 797 1055 847 per
1107 782 1323 848 negotia

259 860 542 914 sectantur,
571 860 633 901 ut
659 851 1017 902 communiter
1039 862 1164 903 sunt
1185 868 1325 903 cam·

253 935 467 986 ,psores‚
507 930 560 971 et
619 920 959 986 pecuniarum
1009 932 1324 973 numerato-

258 1007 364 1052 res,
405 1007 466 1042 ac
510 991 602 1042 alii
639 993 956 1057 hujusmodi
999 1004 1053 1045 et
1097 994 1320 1046 similes.

263 1061 628 1127 Principaliter
672 1072 850 1113 tamen
897 1064 996 1131 qui
1045 1065 1326 1131 vectigalia

259 1147 356 1184 seu
393 1132 595 1183 tributa
630 1134 881 1199 exigunt,
925 1135 1179 1186 dicuntur
1221 1151 1324 1201 pu·-

252 1201 477 1264 blicani,
500 1219 531 1253 a
555 1204 752 1255 Publio
774 1221 899 1272 rege
930 1208 1198 1267 Romanu,
1219 1207 1322 1272 qui

257 1294 353 1329 eos
397 1279 578 1345 primo
627 1281 913 1342 ordinavit,
959 1282 1039 1333 sic
1080 1282 1228 1333 dicti.
1257 1283 1325 1334 Et

247 1352 406 1418 quia,
450 1354 749 1404 secundum
797 1355 1156 1423 Gregorium,
1201 1356 1327 1407 talia

258 1424 471 1488 negotia
492 1425 582 1475 vix
605 1435 695 1476 aut
730 1442 1011 1492 nunquam
1048 1427 1165 1477 sine
1195 1442 1326 1493 pec-

251 1505 379 1544 cato
410 1495 640 1545 exerceri
680 1509 934 1579 possunt,
963 1497 1087 1548 ideo
1126 1497 1185 1547 in
1222 1498 1326 1546 hoc

261 1581 470 1632 magna
479 1568 579 1617 Dei
607 1569 774 1634 gratia
803 1579 961 1635 petet,
993 1586 1115 1636 quae
1146 1585 1210 1620 ex
1239 1579 1327 1619 ta·—

260 1637 407 1688 libus
432 1640 747 1689 Matthaemn
780 1641 845 1691 ad
874 1651 1074 1691 statum
1103 1650 1326 1706 aposto-

263 1709 429 1760 licum
466 1711 747 1763 revocavit.
783 1713 1104 1764 ostenditur
1144 1723 1325 1764 autem

260 1780 394 1830 hic
380 1796 438 1830 in
463 1781 642 1832 verbis
670 1793 722 1832 et
743 1782 901 1833 fectis
923 1783 1148 1843 Christi,
1178 1785 1327 1849 quod

261 1861 566 1915 peccatores
607 1853 892 1904 redeuntes
935 1864 1060 1904 sunt
1097 1854 1326 1904 dulciter

261 1919 584 1985 recipiendi,
653 1923 783 1989 quia
823 1923 1076 1976 Christus
1112 1925 1326 1975 duloem

258 2005 318 2042 se
358 1991 604 2042 exhibuit
646 1992 702 2043 in
740 1995 1039 2059 receptione
1084 1996 1326 2046 Matthaei

258 2061 556 2127 publicani.
592 2063 761 2123 Unde,
793 2066 1091 2116 secundum
1116 2066 1327 2117 Hiero-

259 2148 501 2199 nymum,
532 2134 690 2185 ceteri
717 2135 1078 2202 Evangelistae
1111 2147 1328 2203 propter

259 2206 632 2257 verecundiam
672 2218 725 2259 et
761 2209 1027 2260 honorem
1061 2210 1326 2271 Matthaei,

262 2279 555 2330 noluerunt
591 2296 730 2331 eum
790 2283 1057 2348 appellare
1107 2282 1329 2334 nomine

260 2350 495 2416 vulgatO,
515 2353 610 2402 sed
639 2353 891 2405 dixerunt
914 2355 1064 2405 Leni.
1089 2356 1207 2420 Ipse
1229 2370 1328 2405 au-

255 2433 371 2473 tem
397 2426 708 2487 Matthaeus,
744 2428 1036 2478 secundum
1066 2429 1202 2478 illud
1219 2429 1330 2478 Sa·

260 2495 494 2545 Iomanis
518 2498 744 2548 :Iustus
763 2500 921 2563 prior
937 2506 1024 2550 est
1045 2506 1329 2552 accusator

262 2566 365 2628 sui,
409 2567 729 2619 mttkaeum
774 2584 833 2620 se
875 2580 928 2621 et
975 2572 1328 2622 Publicanum

262 2636 511 2687 nominat
555 2654 572 2687 :
617 2649 681 2689 ut
723 2641 972 2690 ostendat
1015 2641 1329 2706 lugentibus

263 2708 478 2759 nullum
514 2710 714 2763 debere
751 2713 982 2763 salutem
1025 2714 1325 2793 desperare,

257 2777 308 2827 si
345 2779 421 2827 ad
463 2781 687 2833 meliora
732 2798 1020 2834 conversus
1066 2783 1157 2847 sit,
1201 2799 1326 2834 cum

261 2850 381 2916 ipse
409 2851 478 2901 de
504 2854 831 2917 publicano
816 2872 876 2906 ιιι
903 2858 1222 2922 Apostolum
1256 2857 1329 2907 sit

259 2931 480 2986 repente
516 2935 771 2976 mutatus.
801 2928 861 2977 In
889 2928 998 2977 hoc
1035 2927 1198 2978 etiam
1234 2928 1325 2978 in-

259 2993 552 3055 struimur,
582 2996 728 3061 quod
766 3008 977 3063 peccata
1009 3008 1061 3049 et
1085 2999 1326 3050 defectus

249 3063 494 3114 ,aliorum
522 3065 576 3115 in
605 3078 869 3132 quantum
907 3085 1198 3136 possumus
1231 3085 1326 3120 ce-

262 3136 373 3185 lare
411 3145 464 3186 et
498 3138 762 3187 occultare
803 3140 1092 3201 debemus,
1129 3150 1192 3191 ut
1221 3156 1325 3191 nec

260 3206 448 3270 verbo,
463 3222 564 3257 nec
589 3216 730 3257 nutu
752 3210 970 3262 venient
991 3212 1049 3262 in
1069 3211 1324 3271 aliorum,

264 3291 378 3327 non
419 3287 634 3328 tantum
667 3279 1058 3344 cognitionem,
1093 3283 1186 3333 sed
1228 3298 1328 3333 nec

250 3347 651 3413 suspicionem3
677 3364 742 3400 ac
779 3352 1136 3418 nosmetipsos
1162 3368 1327 3404 accu-

262 3430 491 3487 sata-et,
525 3422 672 3486 quod
702 3423 914 3488 turpius
937 3435 1036 3487 est,
1063 3425 1120 3475 in
1154 3441 1328 3490 pecca-

251 3490 334 3542 tis
365 3493 566 3542 nostris
599 3495 846 3560 exemplo
879 3495 1123 3546 Matthaei
1152 3495 1327 3547 confi-

255 3563 384 3614 teri.

326 3650 362 3701 9
386 3634 625 3685 Vocano
655 3637 926 3688 Martum
954 3653 1008 3688 ιιι
1039 3652 1205 3689 seusu
1242 3653 1328 3688 121-

269 3720 498 3755 ουιυιτο.
526 3733 587 3743 -
621 3708 720 3756 Per
746 3708 984 3760 Matthaei
1012 3708 1328 3760 electionem

264 3785 319 3826 et
339 3777 749 3840 publicanorum
773 3782 1130 3845 vocationem,
1147 3796 1329 3832 secun-

251 3843 396 3894 ¹>dum
424 3847 648 3910 Bedam,
681 3847 821 3900 fides
847 3852 1105 3902 Gentium
1139 3851 1328 3917 expri-

265 3913 480 3967 mitur:
508 3916 605 3982 qui
636 3919 787 3983 prius
809 3921 979 3973 lucris
1017 3922 1207 3980 munda
1244 3921 1330 3973 h·-

1383 1519 1384 1522 =
1429 1494 1495 1542 ad
1568 1494 1850 1560 religionis

894 306 1134 356 PRIMAE
1174 305 1427 356 PARTls
1456 305 1690 357 CAPUT
1719 307 1911 358 XXXI.

1427 421 1682 482 hiabant,
1742 431 1800 473 et
1846 439 1990 473 nunc
2042 424 2401 490 spirituali—tet
2460 442 2499 479 ι

1426 491 1663 542 Domino
1688 492 2022 558 reficiuntur3
2048 495 2147 544 sed
2179 511 2272 561 per
2300 511 2497 562 super*

1428 562 1572 614 biam
1605 562 2001 616 Pharisaeorum
2042 565 2242 621 invidia
2278 566 2499 618 Judaeo—

1425 649 1550 684 rum
1621 634 1948 697 insinuatur,
2018 637 2113 704 qui
2190 639 2260 689 de
2326 640 2500 691 salute

1429 705 1690 758 Gentium
1714 717 2050 774 torquentur.
2080 709 2177 760 Vel
2215 712 2501 764 Matthaeus

1426 778 1698 844 significat
1738 779 2019 831 bominem
2070 782 2293 833 terrenis
2335 783 2502 836 lucris

1427 848 1756 913 inhiantem3
1813 866 1977 916 quem
2001 851 2156 902 Jesus
2177 852 2341 914 videt,
2365 853 2501 904 dum

1427 922 1599 971 oculis
1626 922 2010 973 misericordiae
2036 924 2257 989 respicit
2276 961 2293 984 ,
2321 934 2376 975 et
2397 940 2501 975 vo-

1426 1005 1509 1044 cat
1557 1010 1715 1056 eum,
1763 996 1848 1046 vel
1904 1011 1998 1061 per
2034 995 2501 1062 praedicationem,

1425 1066 1509 1116 vel
1556 1081 1652 1131 per
1699 1067 1986 1133 Scripturas
2032 1067 2501 1133 admonitionem,

1425 1136 1509 1187 vel
1536 1152 1630 1202 per
1655 1136 1920 1189 internam
1949 1137 2389 1203 inspirationem„
2416 1140 2504 1191 vel

1430 1223 1523 1273 per
1547 1207 1967 1272 tribulationem,
1984 1211 2067 1259 vel
2088 1224 2185 1274 per
2210 1225 2505 1275 quamcun-

1429 1294 1535 1345 que
1561 1278 1705 1329 viam
1739 1280 1920 1330 aliam.
1948 1281 2124 1330 Potest
2155 1280 2314 1331 etiam
2342 1295 2504 1332 voca-

1429 1350 1506 1399 tio
1535 1351 1773 1402 Matthaei
1805 1352 1871 1402 ad
1904 1352 2280 1418 Apostolatum
2321 1352 2504 1419 signi-

1429 1419 1587 1471 ficare
1613 1421 1947 1472 vocationem
1974 1422 2222 1473 hominis
2241 1422 2504 1474 senueris

1928 1505 2165 1557 statum·,
2247 1494 2503 1545 Pharisaei

1429 1580 1557 1615 vero
1589 1577 2018 1627 murmurantes,
2049 1566 2297 1617 homines
2336 1565 2505 1617 mali-

1431 1635 1545 1700 gni,
1598 1636 1877 1703 religionis
1920 1637 2080 1688 statui
2131 1637 2500 1697 detrahentes,

1431 1706 1634 1772 quibus
1660 1709 1798 1760 bene
1819 1709 2016 1760 dicitur
2039 1726 2052 1760 :
2084 1710 2291 1759 Euntes
2309 1709 2505 1759 discite

1431 1779 1562 1844 quid
1615 1786 1713 1842 est,
1766 1780 2209 1832 misericordiam
2258 1779 2398 1842 volo,
2448 1784 2506 1829 et

1433 1864 1537 1900 non
1565 1851 1924 1917 εαενιζρεἰιιυις
1948 1866 2085 1917 opus
2114 1850 2264 1901 enim
2292 1864 2504 1916 magnae

1432 1922 1810 1974 misericordiae
1838 1933 1920 1982 est
1944 1932 2245 1989 peccatores
2278 1923 2343 1972 ad
2380 1937 2502 1988 ρω-

1434 1993 1716 2045 nitentiam
1748 2010 1954 2045 vocare.

1502 2082 1564 2116 ιο
1577 2067 1830 2117 ,insumunt
1847 2068 2256 2117 Ρωιειεοιιιιιι.
2268 2095 2330 2105 -
2346 2065 2503 2117 Tunc

1431 2139 1738 2190 accedentes
1808 2138 2061 2189 Pharisaei
2120 2148 2178 2188 et
2244 2137 2503 2204 discipuli

1430 2210 1664 2262 Joannis
1687 2209 2001 2276 quaerebant
2027 2225 2059 2260 a
2084 2209 2323 2261 Domino
2348 2209 2501 2270 Jesu,

1426 2298 1599 2349 quare
1628 2282 1732 2347 ipsi
1770 2282 2102 2347 frequenter,
2132 2281 2228 2331 sed
2262 2296 2376 2330 non
2410 2279 2501 2330 sui

1432 2355 1681 2420 discipuli
1706 2356 2019 2420 jejunarent.
2063 2353 2316 2404 Pharisaei
2351 2353 2500 2404 enim

1433 2426 1740 2494 frequenter
1777 2428 2099 2493 jejunabant,
2128 2442 2253 2476 cum
2297 2425 2503 2491 quibus

1432 2498 1655 2549 ,loannis
1680 2497 1931 2562 discipuli
1964 2497 2143 2551 adhuc
2180 2495 2237 2545 in
2280 2509 2505 2546 consuo-

1433 2569 1548 2619 tucli
1555 2568 1715 2619 nibus
1726 2569 1753 2618 J
1758 2567 1961 2618 udaieis
1976 2566 2379 2634 permanebant.
2389 2565 2505 2616 Sic-

1433 2650 1493 2691 ut
1536 2651 1722 2691 autem
1774 2640 1925 2705 prius
1978 2637 2235 2689 Pharisaei
2285 2637 2350 2688 ad
2406 2636 2504 2688 di-

1434 2712 1670 2777 scipulos
1709 2720 2051 2770 accesserant,
2101 2718 2162 2759 ut
2212 2707 2359 2773 apud
2406 2721 2503 2759 eon

1433 2782 1753 2862 Magistrum
1772 2782 1837 2831 de
1856 2779 2121 2831 consortio
2141 2788 2502 2845 peccatorum,

1433 2852 1491 2901 in
1524 2852 1855 2903 convivendo
1884 2859 2199 2917 arguerentg
2232 2849 2310 2898 sic
2332 2849 2502 2899 modo

1430 2924 1498 2974 ad
1552 2922 1867 2988 Magistrum
1922 2922 2197 2981 accedunt,
2245 2929 2306 2970 ut
2352 2919 2502 2985 apud

1434 3010 1560 3045 eum
1655 2993 1953 3059 discipulos
2022 2994 2090 3043 de
2170 2991 2503 3057 jejuniorum

1431 3067 1726 3118 omissione
1747 3075 1994 3132 arguant,
2032 3076 2094 3115 ut
2122 3065 2198 3115 sic
2239 3064 2378 3113 inter
2400 3076 2504 3114 eos

1432 3137 1652 3188 materia
1680 3135 1897 3187 dissidii
1925 3136 2092 3201 possit
2129 3133 2280 3186 oriri
2309 3133 2404 3183 Isti
2439 3131 2503 3182 in

1429 3208 1643 3258 duobus
1660 3206 2023 3256 deficiebant:
2057 3205 2252 3270 prim0,
2279 3203 2408 3269 quia
2430 3202 2506 3254 de

1430 3294 1528 3329 sua
1572 3277 1898 3328 abstinentia
1934 3292 1999 3327 se
2040 3276 2328 3341 jactabant,
2374 3289 2503 3325 cum

1430 3348 1558 3400 talia
1592 3348 1650 3398 in
1689 3357 1890 3398 secreto
1926 3346 2041 3397 fieri
2082 3346 2374 3409 debebant;
2405 3359 2503 3395 se-

1431 3422 1639 3480 cundO,
1683 3419 1812 3485 quia
1863 3419 2141 3470 Christum
2207 3418 2506 3485 arguebant

1432 3508 1497 3543 ex
1516 3489 1727 3542 defectu
1746 3489 2080 3541 abstinentiae
2111 3488 2170 3539 in
2197 3487 2505 3553 discipulis,

1433 3565 1700 3616 deflectum
1737 3573 1790 3615 et
1828 3578 2061 3613 errorem
2106 3561 2504 3628 discipulorum

1435 3645 1803 3702 retorquentes
1885 3634 1942 3683 in
2008 3632 2344 3699 Magistrum,
2396 3632 2506 3681 Per

1435 3708 1565 3758 istos
1595 3706 1690 3773 qui
1720 3707 1786 3757 de
1814 3703 2077 3772 frequenti
2107 3703 2308 3768 jejunio
2337 3718 2395 3754 se
2416 3702 2506 3767 ja·-

1387 3824 1388 3827 ,
1435 3779 1666 3840 orabant,
1688 3787 1749 3828 et
1768 3788 1987 3843 propter
2011 3774 2148 3825 illud
2170 3790 2231 3825 se
2253 3773 2507 3839 discipuq

1435 3851 1502 3901 lis
1526 3849 1728 3901 Christi
1743 3844 2104 3915 praeferebant,
2124 3845 2507 3911 significantur

1386 3970 1391 3981 ,
1435 3920 1745 3988 hypocritae,
1764 3927 1980 3986 propter
1996 3917 2358 3983 apparentiam
2385 3930 2504 3968 suae

2043 4086 2070 4127 θ
