<?xml version="1.0" encoding="UTF-8"?>
<!DOCTYPE html PUBLIC "-//W3C//DTD XHTML 1.0 Transitional//EN"
    "http://www.w3.org/TR/xhtml1/DTD/xhtml1-transitional.dtd">
<html xmlns="http://www.w3.org/1999/xhtml" xml:lang="en" lang="en">
 <head>
  <title>
</title>
<meta http-equiv="Content-Type" content="text/html;charset=utf-8" />
  <meta name='ocr-system' content='tesseract 3.04.00' />
  <meta name='ocr-capabilities' content='ocr_page ocr_carea ocr_par ocr_line ocrx_word'/>
</head>
<body>
  <div class='ocr_page' id='page_1' title='image "./vitajesuchristi00sachgoog_0284.png"; bbox 0 0 2784 4452; ppageno 0'>
   <div class='ocr_carea' id='block_1_1' title="bbox 188 326 293 379">
    <p class='ocr_par' dir='ltr' id='par_1_1' title="bbox 188 326 293 379">
     <span class='ocr_line' id='line_1_1' title="bbox 188 326 293 379; baseline 0.01 -1"><span class='ocrx_word' id='word_1_1' title='bbox 188 326 293 379; x_wconf 85' lang='lat'>268</span> 
     </span>
    </p>
   </div>
   <div class='ocr_carea' id='block_1_2' title="bbox 128 434 1252 4014">
    <p class='ocr_par' dir='ltr' id='par_1_2' title="bbox 180 434 1251 2145">
     <span class='ocr_line' id='line_1_2' title="bbox 185 434 1243 506; baseline -0.007 -10"><span class='ocrx_word' id='word_1_2' title='bbox 185 459 311 496; x_wconf 85' lang='lat' dir='ltr'>cum</span> <span class='ocrx_word' id='word_1_3' title='bbox 338 443 632 494; x_wconf 86' lang='lat' dir='ltr'>sacerdotes</span> <span class='ocrx_word' id='word_1_4' title='bbox 656 451 831 492; x_wconf 88' lang='lat' dir='ltr'>essent</span> <span class='ocrx_word' id='word_1_5' title='bbox 856 434 1160 506; x_wconf 82' lang='lat' dir='ltr'>superiores</span> <span class='ocrx_word' id='word_1_6' title='bbox 1188 439 1243 489; x_wconf 91' lang='lat' dir='ltr'>in</span> 
     </span>
     <span class='ocr_line' id='line_1_3' title="bbox 184 511 1246 582; baseline -0.006 -16"><span class='ocrx_word' id='word_1_7' title='bbox 184 515 386 582; x_wconf 91' lang='lat' dir='ltr'>populo</span> <span class='ocrx_word' id='word_1_8' title='bbox 416 514 541 577; x_wconf 88' lang='lat' dir='ltr'>illo;</span> <span class='ocrx_word' id='word_1_9' title='bbox 583 513 675 563; x_wconf 92' lang='lat' dir='ltr'>sed</span> <span class='ocrx_word' id='word_1_10' title='bbox 709 512 988 578; x_wconf 85' lang='lat' dir='ltr'>Prophetae</span> <span class='ocrx_word' id='word_1_11' title='bbox 1010 511 1246 579; x_wconf 88' lang='lat' dir='ltr'>quando-</span> 
     </span>
     <span class='ocr_line' id='line_1_4' title="bbox 186 584 1245 656; baseline -0.005 -17"><span class='ocrx_word' id='word_1_12' title='bbox 186 604 294 656; x_wconf 87' lang='lat' dir='ltr'>que</span> <span class='ocrx_word' id='word_1_13' title='bbox 322 587 665 638; x_wconf 87' lang='lat' dir='ltr'><strong>mittebantur</strong></span> <span class='ocrx_word' id='word_1_14' title='bbox 707 586 773 637; x_wconf 90' lang='lat' dir='ltr'>ad</span> <span class='ocrx_word' id='word_1_15' title='bbox 816 587 918 636; x_wconf 85' lang='lat' dir='ltr'>hoc</span> <span class='ocrx_word' id='word_1_16' title='bbox 951 584 1245 652; x_wconf 84' lang='lat' dir='ltr'>specialiter</span> 
     </span>
     <span class='ocr_line' id='line_1_5' title="bbox 184 657 1246 725; baseline -0.004 -14"><span class='ocrx_word' id='word_1_17' title='bbox 184 676 217 711; x_wconf 90' lang='lat' dir='ltr'>a</span> <span class='ocrx_word' id='word_1_18' title='bbox 244 661 373 711; x_wconf 92' lang='lat' dir='ltr'>Deo.</span> <span class='ocrx_word' id='word_1_19' title='bbox 405 661 544 711; x_wconf 91' lang='lat' dir='ltr'>Cum</span> <span class='ocrx_word' id='word_1_20' title='bbox 581 674 708 725; x_wconf 88' lang='lat' dir='ltr'>ergo</span> <span class='ocrx_word' id='word_1_21' title='bbox 737 657 988 709; x_wconf 90' lang='lat' dir='ltr'>Christus</span> <span class='ocrx_word' id='word_1_22' title='bbox 1024 673 1132 708; x_wconf 90' lang='lat' dir='ltr'>non</span> <span class='ocrx_word' id='word_1_23' title='bbox 1159 672 1246 708; x_wconf 89' lang='lat' dir='ltr'>es-</span> 
     </span>
     <span class='ocr_line' id='line_1_6' title="bbox 184 731 1246 794; baseline -0.004 -12"><span class='ocrx_word' id='word_1_24' title='bbox 184 741 267 781; x_wconf 91' lang='lat' dir='ltr'>set</span> <span class='ocrx_word' id='word_1_25' title='bbox 292 731 438 782; x_wconf 87' lang='lat' dir='ltr'>filius</span> <span class='ocrx_word' id='word_1_26' title='bbox 459 732 633 780; x_wconf 85' lang='lat' dir='ltr'>Aaron</span> <span class='ocrx_word' id='word_1_27' title='bbox 653 768 668 794; x_wconf 90' lang='lat'>,</span> <span class='ocrx_word' id='word_1_28' title='bbox 703 738 756 779; x_wconf 89' lang='lat' dir='ltr'>et</span> <span class='ocrx_word' id='word_1_29' title='bbox 798 743 893 794; x_wconf 91' lang='lat' dir='ltr'>per</span> <span class='ocrx_word' id='word_1_30' title='bbox 915 742 1246 793; x_wconf 89' lang='lat' dir='ltr'>consequens</span> 
     </span>
     <span class='ocr_line' id='line_1_7' title="bbox 186 799 1248 863; baseline -0.004 -11"><span class='ocrx_word' id='word_1_31' title='bbox 186 816 283 853; x_wconf 86' lang='lat' dir='ltr'>nec</span> <span class='ocrx_word' id='word_1_32' title='bbox 312 800 552 852; x_wconf 84' lang='lat' dir='ltr'>Pontifex</span> <span class='ocrx_word' id='word_1_33' title='bbox 578 799 874 850; x_wconf 89' lang='lat' dir='ltr'>secundum</span> <span class='ocrx_word' id='word_1_34' title='bbox 907 799 1123 863; x_wconf 88' lang='lat' dir='ltr'>Legem,</span> <span class='ocrx_word' id='word_1_35' title='bbox 1152 812 1248 848; x_wconf 91' lang='lat' dir='ltr'>nec</span> 
     </span>
     <span class='ocr_line' id='line_1_8' title="bbox 183 868 1247 936; baseline -0.007 -12"><span class='ocrx_word' id='word_1_36' title='bbox 183 883 324 924; x_wconf 90' lang='lat' dir='ltr'>esset</span> <span class='ocrx_word' id='word_1_37' title='bbox 352 873 465 923; x_wconf 87' lang='lat' dir='ltr'>Rex</span> <span class='ocrx_word' id='word_1_38' title='bbox 493 872 548 922; x_wconf 89' lang='lat' dir='ltr'>in</span> <span class='ocrx_word' id='word_1_39' title='bbox 574 879 864 936; x_wconf 89' lang='lat' dir='ltr'>conspectu</span> <span class='ocrx_word' id='word_1_40' title='bbox 892 868 1076 934; x_wconf 91' lang='lat' dir='ltr'>populi</span> <span class='ocrx_word' id='word_1_41' title='bbox 1099 906 1114 930; x_wconf 88' lang='lat'>‚</span> <span class='ocrx_word' id='word_1_42' title='bbox 1141 884 1247 919; x_wconf 88' lang='lat' dir='ltr'>non</span> 
     </span>
     <span class='ocr_line' id='line_1_9' title="bbox 184 942 1248 1012; baseline -0.003 -16"><span class='ocrx_word' id='word_1_43' title='bbox 184 946 470 1012; x_wconf 86' lang='lat' dir='ltr'>apparebat</span> <span class='ocrx_word' id='word_1_44' title='bbox 496 945 573 995; x_wconf 90' lang='lat' dir='ltr'>eis</span> <span class='ocrx_word' id='word_1_45' title='bbox 591 959 757 1011; x_wconf 91' lang='lat' dir='ltr'>quare</span> <span class='ocrx_word' id='word_1_46' title='bbox 781 942 859 994; x_wconf 88' lang='lat' dir='ltr'>sic</span> <span class='ocrx_word' id='word_1_47' title='bbox 884 942 1248 994; x_wconf 82' lang='lat' dir='ltr'>auctoritative</span> 
     </span>
     <span class='ocr_line' id='line_1_10' title="bbox 184 1014 1247 1083; baseline -0.004 -15"><span class='ocrx_word' id='word_1_48' title='bbox 184 1018 397 1083; x_wconf 88' lang='lat' dir='ltr'>ejiceret</span> <span class='ocrx_word' id='word_1_49' title='bbox 443 1032 561 1080; x_wconf 90' lang='lat' dir='ltr'>eos,</span> <span class='ocrx_word' id='word_1_50' title='bbox 608 1029 931 1081; x_wconf 86' lang='lat' dir='ltr'>mensasque</span> <span class='ocrx_word' id='word_1_51' title='bbox 966 1014 1247 1065; x_wconf 88' lang='lat' dir='ltr'>subverte-</span> 
     </span>
     <span class='ocr_line' id='line_1_11' title="bbox 184 1088 1248 1154; baseline -0.003 -13"><span class='ocrx_word' id='word_1_52' title='bbox 184 1102 285 1154; x_wconf 90' lang='lat' dir='ltr'>ret,</span> <span class='ocrx_word' id='word_1_53' title='bbox 313 1091 417 1142; x_wconf 89' lang='lat' dir='ltr'>nisi</span> <span class='ocrx_word' id='word_1_54' title='bbox 446 1089 623 1141; x_wconf 89' lang='lat' dir='ltr'>divina</span> <span class='ocrx_word' id='word_1_55' title='bbox 653 1088 960 1139; x_wconf 90' lang='lat' dir='ltr'>auctoritate</span> <span class='ocrx_word' id='word_1_56' title='bbox 980 1089 1248 1154; x_wconf 86' lang='lat' dir='ltr'>Propheta</span> 
     </span>
     <span class='ocr_line' id='line_1_12' title="bbox 185 1158 1247 1229; baseline -0.004 -17"><span class='ocrx_word' id='word_1_57' title='bbox 185 1177 413 1229; x_wconf 88' lang='lat' dir='ltr'>magnus</span> <span class='ocrx_word' id='word_1_58' title='bbox 458 1160 658 1211; x_wconf 88' lang='lat' dir='ltr'>missus</span> <span class='ocrx_word' id='word_1_59' title='bbox 698 1169 871 1223; x_wconf 89' lang='lat' dir='ltr'>esset;</span> <span class='ocrx_word' id='word_1_60' title='bbox 908 1168 961 1209; x_wconf 91' lang='lat' dir='ltr'>et</span> <span class='ocrx_word' id='word_1_61' title='bbox 1001 1158 1122 1209; x_wconf 92' lang='lat' dir='ltr'>ideo</span> <span class='ocrx_word' id='word_1_62' title='bbox 1151 1173 1247 1224; x_wconf 88' lang='lat' dir='ltr'>pe-</span> 
     </span>
     <span class='ocr_line' id='line_1_13' title="bbox 183 1231 1244 1299; baseline -0.004 -14"><span class='ocrx_word' id='word_1_63' title='bbox 183 1235 385 1285; x_wconf 89' lang='lat' dir='ltr'>tierunt</span> <span class='ocrx_word' id='word_1_64' title='bbox 410 1233 626 1299; x_wconf 87' lang='lat' dir='ltr'>signum</span> <span class='ocrx_word' id='word_1_65' title='bbox 655 1231 934 1282; x_wconf 87' lang='lat' dir='ltr'>missionis</span> <span class='ocrx_word' id='word_1_66' title='bbox 967 1247 1105 1292; x_wconf 89' lang='lat' dir='ltr'>suae,</span> <span class='ocrx_word' id='word_1_67' title='bbox 1135 1247 1244 1281; x_wconf 90' lang='lat' dir='ltr'>non</span> 
     </span>
     <span class='ocr_line' id='line_1_14' title="bbox 184 1302 1244 1368; baseline -0.007 -10"><span class='ocrx_word' id='word_1_68' title='bbox 184 1307 300 1358; x_wconf 90' lang='lat' dir='ltr'>ausi</span> <span class='ocrx_word' id='word_1_69' title='bbox 331 1320 523 1356; x_wconf 89' lang='lat' dir='ltr'>manus</span> <span class='ocrx_word' id='word_1_70' title='bbox 552 1304 608 1354; x_wconf 91' lang='lat' dir='ltr'>in</span> <span class='ocrx_word' id='word_1_71' title='bbox 626 1319 752 1354; x_wconf 89' lang='lat' dir='ltr'>eum</span> <span class='ocrx_word' id='word_1_72' title='bbox 770 1303 1001 1368; x_wconf 85' lang='lat' dir='ltr'>injicere.</span> <span class='ocrx_word' id='word_1_73' title='bbox 1020 1302 1244 1367; x_wconf 87' lang='lat' dir='ltr'>Signum</span> 
     </span>
     <span class='ocr_line' id='line_1_15' title="bbox 183 1374 1245 1445; baseline -0.005 -16"><span class='ocrx_word' id='word_1_74' title='bbox 183 1387 401 1445; x_wconf 90' lang='lat' dir='ltr'>petunt,</span> <span class='ocrx_word' id='word_1_75' title='bbox 437 1386 498 1428; x_wconf 92' lang='lat' dir='ltr'>ut</span> <span class='ocrx_word' id='word_1_76' title='bbox 539 1391 651 1426; x_wconf 84' lang='lat' dir='ltr'>suae</span> <span class='ocrx_word' id='word_1_77' title='bbox 688 1375 936 1441; x_wconf 88' lang='lat' dir='ltr'>potentiae</span> <span class='ocrx_word' id='word_1_78' title='bbox 965 1374 1126 1425; x_wconf 86' lang='lat' dir='ltr'>fidem</span> <span class='ocrx_word' id='word_1_79' title='bbox 1152 1390 1245 1424; x_wconf 91' lang='lat' dir='ltr'>ca-</span> 
     </span>
     <span class='ocr_line' id='line_1_16' title="bbox 180 1447 1243 1518; baseline -0.004 -17"><span class='ocrx_word' id='word_1_80' title='bbox 180 1451 361 1518; x_wconf 90' lang='lat' dir='ltr'>piant;</span> <span class='ocrx_word' id='word_1_81' title='bbox 415 1449 674 1503; x_wconf 82' lang='lat' dir='ltr'>familiare</span> <span class='ocrx_word' id='word_1_82' title='bbox 714 1448 859 1498; x_wconf 89' lang='lat' dir='ltr'>enim</span> <span class='ocrx_word' id='word_1_83' title='bbox 888 1456 999 1499; x_wconf 90' lang='lat' dir='ltr'>erat</span> <span class='ocrx_word' id='word_1_84' title='bbox 1039 1447 1243 1498; x_wconf 86' lang='lat' dir='ltr'>Judaeis</span> 
     </span>
     <span class='ocr_line' id='line_1_17' title="bbox 183 1520 1245 1590; baseline -0.005 -16"><span class='ocrx_word' id='word_1_85' title='bbox 183 1524 340 1590; x_wconf 88' lang='lat' dir='ltr'>signa</span> <span class='ocrx_word' id='word_1_86' title='bbox 378 1537 645 1589; x_wconf 82' lang='lat' dir='ltr'>quaerere,</span> <span class='ocrx_word' id='word_1_87' title='bbox 694 1529 879 1586; x_wconf 90' lang='lat' dir='ltr'>utpote</span> <span class='ocrx_word' id='word_1_88' title='bbox 925 1535 1022 1586; x_wconf 88' lang='lat' dir='ltr'>per</span> <span class='ocrx_word' id='word_1_89' title='bbox 1069 1534 1130 1570; x_wconf 89' lang='lat' dir='ltr'>ea</span> <span class='ocrx_word' id='word_1_90' title='bbox 1180 1520 1245 1570; x_wconf 92' lang='lat' dir='ltr'>ad</span> 
     </span>
     <span class='ocr_line' id='line_1_18' title="bbox 185 1592 1248 1662; baseline -0.006 -16"><span class='ocrx_word' id='word_1_91' title='bbox 185 1597 381 1662; x_wconf 83' lang='lat' dir='ltr'>Legem</span> <span class='ocrx_word' id='word_1_92' title='bbox 423 1604 474 1645; x_wconf 93' lang='lat' dir='ltr'>et</span> <span class='ocrx_word' id='word_1_93' title='bbox 515 1593 677 1644; x_wconf 89' lang='lat' dir='ltr'>fidem</span> <span class='ocrx_word' id='word_1_94' title='bbox 714 1592 902 1643; x_wconf 88' lang='lat' dir='ltr'>vocati.</span> <span class='ocrx_word' id='word_1_95' title='bbox 930 1592 1248 1653; x_wconf 90' lang='lat' dir='ltr'>Quaerebant</span> 
     </span>
     <span class='ocr_line' id='line_1_19' title="bbox 184 1665 1247 1732; baseline -0.005 -13"><span class='ocrx_word' id='word_1_96' title='bbox 184 1678 361 1719; x_wconf 89' lang='lat' dir='ltr'>autem</span> <span class='ocrx_word' id='word_1_97' title='bbox 388 1681 528 1716; x_wconf 89' lang='lat' dir='ltr'>nunc</span> <span class='ocrx_word' id='word_1_98' title='bbox 555 1665 771 1732; x_wconf 90' lang='lat' dir='ltr'>signum</span> <span class='ocrx_word' id='word_1_99' title='bbox 794 1703 808 1726; x_wconf 92' lang='lat'>,</span> <span class='ocrx_word' id='word_1_100' title='bbox 834 1680 941 1714; x_wconf 89' lang='lat' dir='ltr'>non</span> <span class='ocrx_word' id='word_1_101' title='bbox 970 1672 1031 1714; x_wconf 92' lang='lat' dir='ltr'>ut</span> <span class='ocrx_word' id='word_1_102' title='bbox 1058 1665 1247 1714; x_wconf 89' lang='lat' dir='ltr'>crede-</span> 
     </span>
     <span class='ocr_line' id='line_1_20' title="bbox 182 1734 1248 1800; baseline -0.004 -11"><span class='ocrx_word' id='word_1_103' title='bbox 182 1748 303 1789; x_wconf 88' lang='lat' dir='ltr'>rent</span> <span class='ocrx_word' id='word_1_104' title='bbox 329 1748 382 1788; x_wconf 91' lang='lat' dir='ltr'>et</span> <span class='ocrx_word' id='word_1_105' title='bbox 405 1745 811 1798; x_wconf 89' lang='lat' dir='ltr'>venerarentur,</span> <span class='ocrx_word' id='word_1_106' title='bbox 848 1734 941 1784; x_wconf 90' lang='lat' dir='ltr'>sed</span> <span class='ocrx_word' id='word_1_107' title='bbox 969 1734 1124 1800; x_wconf 87' lang='lat' dir='ltr'>quasi</span> <span class='ocrx_word' id='word_1_108' title='bbox 1152 1736 1248 1785; x_wconf 90' lang='lat' dir='ltr'>de-</span> 
     </span>
     <span class='ocr_line' id='line_1_21' title="bbox 185 1806 1247 1876; baseline -0.003 -14"><span class='ocrx_word' id='word_1_109' title='bbox 185 1820 458 1876; x_wconf 84' lang='lat' dir='ltr'>sperantes</span> <span class='ocrx_word' id='word_1_110' title='bbox 498 1808 644 1874; x_wconf 92' lang='lat' dir='ltr'>quod</span> <span class='ocrx_word' id='word_1_111' title='bbox 699 1806 913 1872; x_wconf 88' lang='lat' dir='ltr'>signum</span> <span class='ocrx_word' id='word_1_112' title='bbox 969 1809 1247 1859; x_wconf 88' lang='lat' dir='ltr'>ostendere</span> 
     </span>
     <span class='ocr_line' id='line_1_22' title="bbox 182 1877 1250 1947; baseline -0.004 -15"><span class='ocrx_word' id='word_1_113' title='bbox 182 1897 293 1932; x_wconf 89' lang='lat' dir='ltr'>non</span> <span class='ocrx_word' id='word_1_114' title='bbox 319 1889 517 1947; x_wconf 89' lang='lat' dir='ltr'>posset,</span> <span class='ocrx_word' id='word_1_115' title='bbox 546 1888 598 1930; x_wconf 89' lang='lat' dir='ltr'>et</span> <span class='ocrx_word' id='word_1_116' title='bbox 616 1877 694 1928; x_wconf 90' lang='lat' dir='ltr'>sic</span> <span class='ocrx_word' id='word_1_117' title='bbox 721 1892 844 1927; x_wconf 92' lang='lat' dir='ltr'>eum</span> <span class='ocrx_word' id='word_1_118' title='bbox 871 1877 1172 1929; x_wconf 74' lang='lat' dir='ltr'>deriderent</span> <span class='ocrx_word' id='word_1_119' title='bbox 1197 1888 1250 1930; x_wconf 92' lang='lat' dir='ltr'>et</span> 
     </span>
     <span class='ocr_line' id='line_1_23' title="bbox 184 1947 1245 2017; baseline -0.002 -16"><span class='ocrx_word' id='word_1_120' title='bbox 184 1951 560 2017; x_wconf 87' lang='lat' dir='ltr'>impugnarent</span> <span class='ocrx_word' id='word_1_121' title='bbox 598 1965 612 1997; x_wconf 73' lang='grc' dir='ltr'>ε</span> <span class='ocrx_word' id='word_1_122' title='bbox 643 1947 791 2013; x_wconf 88' lang='lat' dir='ltr'>quod</span> <span class='ocrx_word' id='word_1_123' title='bbox 829 1963 894 1998; x_wconf 89' lang='lat' dir='ltr'>ex</span> <span class='ocrx_word' id='word_1_124' title='bbox 931 1947 1035 1997; x_wconf 88' lang='lat' dir='ltr'>hoc</span> <span class='ocrx_word' id='word_1_125' title='bbox 1076 1957 1245 2014; x_wconf 91' lang='lat' dir='ltr'>patet,</span> 
     </span>
     <span class='ocr_line' id='line_1_24' title="bbox 185 2018 1251 2087; baseline -0.004 -15"><span class='ocrx_word' id='word_1_126' title='bbox 185 2022 314 2087; x_wconf 92' lang='lat' dir='ltr'>quia</span> <span class='ocrx_word' id='word_1_127' title='bbox 340 2020 520 2072; x_wconf 90' lang='lat' dir='ltr'>statim</span> <span class='ocrx_word' id='word_1_128' title='bbox 548 2019 754 2070; x_wconf 84' lang='lat' dir='ltr'>dictum</span> <span class='ocrx_word' id='word_1_129' title='bbox 781 2033 942 2069; x_wconf 91' lang='lat' dir='ltr'>suum</span> <span class='ocrx_word' id='word_1_130' title='bbox 973 2018 1251 2085; x_wconf 90' lang='lat' dir='ltr'>impugna-</span> 
     </span>
     <span class='ocr_line' id='line_1_25' title="bbox 185 2095 1031 2145; baseline -0.001 -1"><span class='ocrx_word' id='word_1_131' title='bbox 185 2103 395 2145; x_wconf 85' lang='lat' dir='ltr'>verunt.</span> <span class='ocrx_word' id='word_1_132' title='bbox 1025 2095 1031 2100; x_wconf 85' lang='lat'>&#39;</span> 
     </span>
    </p>

    <p class='ocr_par' dir='ltr' id='par_1_3' title="bbox 128 2161 1252 4014">
     <span class='ocr_line' id='line_1_26' title="bbox 248 2161 1248 2216; baseline -0.003 -1"><span class='ocrx_word' id='word_1_133' title='bbox 248 2163 282 2215; x_wconf 89' lang='grc'>6</span> <span class='ocrx_word' id='word_1_134' title='bbox 315 2166 447 2216; x_wconf 68' lang='lat' dir='ltr'>Ipsis</span> <span class='ocrx_word' id='word_1_135' title='bbox 477 2180 531 2215; x_wconf 77' lang='lat' dir='ltr'>m</span> <span class='ocrx_word' id='word_1_136' title='bbox 558 2178 758 2213; x_wconf 66' lang='lat' dir='ltr'>meum</span> <span class='ocrx_word' id='word_1_137' title='bbox 791 2161 1059 2213; x_wconf 78' lang='lat' dir='ltr'>Cmusrus</span> <span class='ocrx_word' id='word_1_138' title='bbox 1100 2178 1248 2212; x_wconf 74' lang='lat' dir='ltr'>PRAE-</span> 
     </span>
     <span class='ocr_line' id='line_1_27' title="bbox 184 2249 1246 2288; baseline -0.004 0"><span class='ocrx_word' id='word_1_139' title='bbox 184 2252 325 2288; x_wconf 85' lang='lat' dir='ltr'>mcrr</span> <span class='ocrx_word' id='word_1_140' title='bbox 355 2253 440 2288; x_wconf 83' lang='lat' dir='ltr'>sm</span> <span class='ocrx_word' id='word_1_141' title='bbox 472 2250 726 2287; x_wconf 73' lang='lat' dir='ltr'>conroxus</span> <span class='ocrx_word' id='word_1_142' title='bbox 759 2249 1246 2285; x_wconf 63' lang='lat' dir='ltr'>usuariam-mmm,</span> 
     </span>
     <span class='ocr_line' id='line_1_28' title="bbox 185 2304 1252 2374; baseline -0.005 -14"><span class='ocrx_word' id='word_1_143' title='bbox 185 2337 247 2348; x_wconf 90' lang='lat'>-—</span> <span class='ocrx_word' id='word_1_144' title='bbox 270 2309 429 2360; x_wconf 89' lang='lat' dir='ltr'>Dedit</span> <span class='ocrx_word' id='word_1_145' title='bbox 455 2323 582 2374; x_wconf 87' lang='lat' dir='ltr'>ergo</span> <span class='ocrx_word' id='word_1_146' title='bbox 612 2306 688 2357; x_wconf 89' lang='lat' dir='ltr'>eis</span> <span class='ocrx_word' id='word_1_147' title='bbox 736 2304 952 2371; x_wconf 87' lang='lat' dir='ltr'>signum</span> <span class='ocrx_word' id='word_1_148' title='bbox 981 2305 1252 2371; x_wconf 89' lang='lat' dir='ltr'>potestatis</span> 
     </span>
     <span class='ocr_line' id='line_1_29' title="bbox 184 2376 1248 2444; baseline -0.002 -14"><span class='ocrx_word' id='word_1_149' title='bbox 184 2380 396 2441; x_wconf 89' lang='lat' dir='ltr'>divinae,</span> <span class='ocrx_word' id='word_1_150' title='bbox 426 2380 483 2429; x_wconf 91' lang='lat' dir='ltr'>in</span> <span class='ocrx_word' id='word_1_151' title='bbox 505 2376 846 2429; x_wconf 87' lang='lat' dir='ltr'>suscitatione</span> <span class='ocrx_word' id='word_1_152' title='bbox 874 2378 1114 2444; x_wconf 88' lang='lat' dir='ltr'>corporis</span> <span class='ocrx_word' id='word_1_153' title='bbox 1143 2378 1248 2438; x_wconf 91' lang='lat' dir='ltr'>sui,</span> 
     </span>
     <span class='ocr_line' id='line_1_30' title="bbox 182 2446 1249 2517; baseline -0.002 -17"><span class='ocrx_word' id='word_1_154' title='bbox 182 2451 397 2517; x_wconf 88' lang='lat' dir='ltr'>propria</span> <span class='ocrx_word' id='word_1_155' title='bbox 420 2451 640 2511; x_wconf 81' lang='lat' dir='ltr'>virtute3</span> <span class='ocrx_word' id='word_1_156' title='bbox 676 2457 730 2497; x_wconf 91' lang='lat' dir='ltr'>et</span> <span class='ocrx_word' id='word_1_157' title='bbox 756 2446 886 2512; x_wconf 90' lang='lat' dir='ltr'>quia</span> <span class='ocrx_word' id='word_1_158' title='bbox 908 2463 1068 2514; x_wconf 90' lang='lat' dir='ltr'>prave</span> <span class='ocrx_word' id='word_1_159' title='bbox 1098 2463 1249 2514; x_wconf 87' lang='lat' dir='ltr'>quae-</span> 
     </span>
     <span class='ocr_line' id='line_1_31' title="bbox 185 2520 1248 2588; baseline -0.002 -14"><span class='ocrx_word' id='word_1_160' title='bbox 185 2524 395 2588; x_wconf 90' lang='lat' dir='ltr'>rebant,</span> <span class='ocrx_word' id='word_1_161' title='bbox 435 2538 545 2573; x_wconf 92' lang='lat' dir='ltr'>non</span> <span class='ocrx_word' id='word_1_162' title='bbox 573 2520 719 2571; x_wconf 90' lang='lat' dir='ltr'>dedit</span> <span class='ocrx_word' id='word_1_163' title='bbox 749 2520 826 2570; x_wconf 91' lang='lat' dir='ltr'>eis</span> <span class='ocrx_word' id='word_1_164' title='bbox 848 2521 1062 2587; x_wconf 91' lang='lat' dir='ltr'>signum</span> <span class='ocrx_word' id='word_1_165' title='bbox 1091 2537 1248 2587; x_wconf 89' lang='lat' dir='ltr'>aper-</span> 
     </span>
     <span class='ocr_line' id='line_1_32' title="bbox 186 2592 1251 2658; baseline -0.004 -11"><span class='ocrx_word' id='word_1_166' title='bbox 186 2605 334 2656; x_wconf 84' lang='lat' dir='ltr'>tum,</span> <span class='ocrx_word' id='word_1_167' title='bbox 364 2595 457 2644; x_wconf 90' lang='lat' dir='ltr'>sed</span> <span class='ocrx_word' id='word_1_168' title='bbox 487 2593 784 2652; x_wconf 91' lang='lat' dir='ltr'>occultum,</span> <span class='ocrx_word' id='word_1_169' title='bbox 815 2602 867 2642; x_wconf 91' lang='lat' dir='ltr'>et</span> <span class='ocrx_word' id='word_1_170' title='bbox 895 2592 949 2642; x_wconf 91' lang='lat' dir='ltr'>in</span> <span class='ocrx_word' id='word_1_171' title='bbox 978 2592 1149 2658; x_wconf 89' lang='lat' dir='ltr'>figura</span> <span class='ocrx_word' id='word_1_172' title='bbox 1185 2595 1251 2643; x_wconf 90' lang='lat' dir='ltr'>de</span> 
     </span>
     <span class='ocr_line' id='line_1_33' title="bbox 184 2664 1248 2731; baseline -0.004 -12"><span class='ocrx_word' id='word_1_173' title='bbox 184 2683 282 2719; x_wconf 85' lang='lat' dir='ltr'>sua</span> <span class='ocrx_word' id='word_1_174' title='bbox 319 2666 705 2718; x_wconf 87' lang='lat' dir='ltr'>resurrectione</span> <span class='ocrx_word' id='word_1_175' title='bbox 735 2682 750 2716; x_wconf 72' lang='grc' dir='ltr'>ι</span> <span class='ocrx_word' id='word_1_176' title='bbox 781 2664 908 2731; x_wconf 92' lang='lat' dir='ltr'>quia</span> <span class='ocrx_word' id='word_1_177' title='bbox 944 2665 1092 2731; x_wconf 89' lang='lat' dir='ltr'>digni</span> <span class='ocrx_word' id='word_1_178' title='bbox 1141 2682 1248 2715; x_wconf 89' lang='lat' dir='ltr'>non</span> 
     </span>
     <span class='ocr_line' id='line_1_34' title="bbox 185 2736 1250 2803; baseline -0.004 -14"><span class='ocrx_word' id='word_1_179' title='bbox 185 2747 351 2799; x_wconf 85' lang='lat' dir='ltr'>erant,</span> <span class='ocrx_word' id='word_1_180' title='bbox 382 2747 443 2788; x_wconf 92' lang='lat' dir='ltr'>ut</span> <span class='ocrx_word' id='word_1_181' title='bbox 469 2737 776 2803; x_wconf 84' lang='lat' dir='ltr'>praediceret</span> <span class='ocrx_word' id='word_1_182' title='bbox 804 2736 882 2786; x_wconf 89' lang='lat' dir='ltr'>eis</span> <span class='ocrx_word' id='word_1_183' title='bbox 911 2736 1250 2785; x_wconf 88' lang='lat' dir='ltr'>resurrectio-</span> 
     </span>
     <span class='ocr_line' id='line_1_35' title="bbox 128 2805 1248 2872; baseline -0.002 -14"><span class='ocrx_word' id='word_1_184' title='bbox 128 2837 129 2840; x_wconf 64' lang='lat'><em>=</em></span> <span class='ocrx_word' id='word_1_185' title='bbox 185 2823 309 2858; x_wconf 90' lang='lat' dir='ltr'>nem</span> <span class='ocrx_word' id='word_1_186' title='bbox 352 2807 436 2858; x_wconf 88' lang='lat' dir='ltr'>sui</span> <span class='ocrx_word' id='word_1_187' title='bbox 468 2806 704 2872; x_wconf 91' lang='lat' dir='ltr'>corporis</span> <span class='ocrx_word' id='word_1_188' title='bbox 754 2805 1050 2857; x_wconf 90' lang='lat' dir='ltr'>manifeste.</span> <span class='ocrx_word' id='word_1_189' title='bbox 1096 2807 1248 2858; x_wconf 89' lang='lat' dir='ltr'>Unde</span> 
     </span>
     <span class='ocr_line' id='line_1_36' title="bbox 185 2876 1248 2944; baseline -0.003 -14"><span class='ocrx_word' id='word_1_190' title='bbox 185 2879 464 2944; x_wconf 78' lang='lat' dir='ltr'>respondit</span> <span class='ocrx_word' id='word_1_191' title='bbox 487 2884 539 2928; x_wconf 88' lang='lat' dir='ltr'>et</span> <span class='ocrx_word' id='word_1_192' title='bbox 567 2878 716 2928; x_wconf 83' lang='lat' dir='ltr'>dixit</span> <span class='ocrx_word' id='word_1_193' title='bbox 742 2878 822 2929; x_wconf 81' lang='lat' dir='ltr'>eis</span> <span class='ocrx_word' id='word_1_194' title='bbox 842 2893 860 2928; x_wconf 91' lang='lat'>.·</span> <span class='ocrx_word' id='word_1_195' title='bbox 889 2876 1094 2928; x_wconf 82' lang='lat' dir='ltr'>Solvite</span> <span class='ocrx_word' id='word_1_196' title='bbox 1119 2884 1248 2928; x_wconf 85' lang='lat' dir='ltr'>tem-</span> 
     </span>
     <span class='ocr_line' id='line_1_37' title="bbox 175 2947 1246 3016; baseline -0.002 -17"><span class='ocrx_word' id='word_1_197' title='bbox 175 2948 328 3016; x_wconf 79' lang='lat' dir='ltr'>plum</span> <span class='ocrx_word' id='word_1_198' title='bbox 353 2947 466 3010; x_wconf 84' lang='lat' dir='ltr'>hoc,</span> <span class='ocrx_word' id='word_1_199' title='bbox 489 2954 540 2997; x_wconf 88' lang='lat' dir='ltr'>et</span> <span class='ocrx_word' id='word_1_200' title='bbox 558 2947 611 2997; x_wconf 83' lang='lat' dir='ltr'>in</span> <span class='ocrx_word' id='word_1_201' title='bbox 637 2948 808 2999; x_wconf 83' lang='lat' dir='ltr'>tribus</span> <span class='ocrx_word' id='word_1_202' title='bbox 832 2948 1016 2998; x_wconf 82' lang='lat' dir='ltr'>diebus</span> <span class='ocrx_word' id='word_1_203' title='bbox 1040 2948 1246 2999; x_wconf 83' lang='lat' dir='ltr'>excita·-</span> 
     </span>
     <span class='ocr_line' id='line_1_38' title="bbox 186 3020 1246 3087; baseline -0.002 -14"><span class='ocrx_word' id='word_1_204' title='bbox 186 3023 250 3074; x_wconf 80' lang='lat' dir='ltr'>bo</span> <span class='ocrx_word' id='word_1_205' title='bbox 270 3021 421 3072; x_wconf 79' lang='lat' dir='ltr'>illud.</span> <span class='ocrx_word' id='word_1_206' title='bbox 445 3021 562 3071; x_wconf 89' lang='lat' dir='ltr'>Hoc</span> <span class='ocrx_word' id='word_1_207' title='bbox 581 3030 758 3071; x_wconf 89' lang='lat' dir='ltr'>autem</span> <span class='ocrx_word' id='word_1_208' title='bbox 782 3020 986 3072; x_wconf 90' lang='lat' dir='ltr'>dicebat</span> <span class='ocrx_word' id='word_1_209' title='bbox 1005 3021 1246 3087; x_wconf 90' lang='lat' dir='ltr'>spiritua-</span> 
     </span>
     <span class='ocr_line' id='line_1_39' title="bbox 180 3092 1244 3159; baseline -0.001 -15"><span class='ocrx_word' id='word_1_210' title='bbox 180 3094 305 3144; x_wconf 91' lang='lat' dir='ltr'>liter</span> <span class='ocrx_word' id='word_1_211' title='bbox 330 3094 397 3144; x_wconf 89' lang='lat' dir='ltr'>de</span> <span class='ocrx_word' id='word_1_212' title='bbox 424 3092 628 3159; x_wconf 92' lang='lat' dir='ltr'>templo</span> <span class='ocrx_word' id='word_1_213' title='bbox 657 3093 892 3158; x_wconf 88' lang='lat' dir='ltr'>corporis</span> <span class='ocrx_word' id='word_1_214' title='bbox 917 3093 1022 3154; x_wconf 85' lang='lat' dir='ltr'>sui,</span> <span class='ocrx_word' id='word_1_215' title='bbox 1042 3093 1244 3144; x_wconf 90' lang='lat' dir='ltr'>scilicet</span> 
     </span>
     <span class='ocr_line' id='line_1_40' title="bbox 181 3165 1240 3234; baseline 0 -16"><span class='ocrx_word' id='word_1_216' title='bbox 181 3165 528 3232; x_wconf 85' lang='lat' dir='ltr'>intransitive,</span> <span class='ocrx_word' id='word_1_217' title='bbox 558 3166 662 3217; x_wconf 88' lang='lat' dir='ltr'>hoc</span> <span class='ocrx_word' id='word_1_218' title='bbox 681 3177 762 3217; x_wconf 88' lang='lat' dir='ltr'>est</span> <span class='ocrx_word' id='word_1_219' title='bbox 783 3168 847 3217; x_wconf 85' lang='lat' dir='ltr'>de</span> <span class='ocrx_word' id='word_1_220' title='bbox 867 3170 1068 3234; x_wconf 88' lang='lat' dir='ltr'>templo</span> <span class='ocrx_word' id='word_1_221' title='bbox 1097 3168 1240 3234; x_wconf 92' lang='lat' dir='ltr'>quod</span> 
     </span>
     <span class='ocr_line' id='line_1_41' title="bbox 136 3239 1242 3307; baseline -0.003 -16"><span class='ocrx_word' id='word_1_222' title='bbox 136 3269 144 3279; x_wconf 89' lang='lat'><strong>·</strong></span> <span class='ocrx_word' id='word_1_223' title='bbox 182 3250 263 3291; x_wconf 88' lang='lat' dir='ltr'>est</span> <span class='ocrx_word' id='word_1_224' title='bbox 290 3256 486 3307; x_wconf 90' lang='lat' dir='ltr'>corpus</span> <span class='ocrx_word' id='word_1_225' title='bbox 511 3254 673 3289; x_wconf 91' lang='lat' dir='ltr'>suum</span> <span class='ocrx_word' id='word_1_226' title='bbox 690 3276 704 3302; x_wconf 91' lang='lat'>,</span> <span class='ocrx_word' id='word_1_227' title='bbox 734 3239 1002 3305; x_wconf 91' lang='lat' dir='ltr'>loquendo</span> <span class='ocrx_word' id='word_1_228' title='bbox 1032 3240 1098 3290; x_wconf 90' lang='lat' dir='ltr'>de</span> <span class='ocrx_word' id='word_1_229' title='bbox 1123 3255 1242 3289; x_wconf 91' lang='lat' dir='ltr'>cor-</span> 
     </span>
     <span class='ocr_line' id='line_1_42' title="bbox 181 3310 1240 3380; baseline -0.002 -17"><span class='ocrx_word' id='word_1_230' title='bbox 181 3327 312 3380; x_wconf 92' lang='lat' dir='ltr'>pore</span> <span class='ocrx_word' id='word_1_231' title='bbox 339 3328 438 3363; x_wconf 92' lang='lat' dir='ltr'>suo</span> <span class='ocrx_word' id='word_1_232' title='bbox 466 3312 568 3362; x_wconf 91' lang='lat' dir='ltr'>sub</span> <span class='ocrx_word' id='word_1_233' title='bbox 600 3310 820 3362; x_wconf 89' lang='lat' dir='ltr'>nomine</span> <span class='ocrx_word' id='word_1_234' title='bbox 857 3310 1039 3376; x_wconf 89' lang='lat' dir='ltr'>templi</span> <span class='ocrx_word' id='word_1_235' title='bbox 1057 3326 1072 3375; x_wconf 78' lang='lat'><em>3</em></span> <span class='ocrx_word' id='word_1_236' title='bbox 1115 3312 1240 3377; x_wconf 90' lang='lat' dir='ltr'>quia</span> 
     </span>
     <span class='ocr_line' id='line_1_43' title="bbox 180 3380 1244 3447; baseline -0.002 -13"><span class='ocrx_word' id='word_1_237' title='bbox 180 3383 492 3434; x_wconf 83' lang='lat' dir='ltr'>humanitas</span> <span class='ocrx_word' id='word_1_238' title='bbox 571 3380 772 3433; x_wconf 87' lang='lat' dir='ltr'>Christi</span> <span class='ocrx_word' id='word_1_239' title='bbox 847 3389 957 3432; x_wconf 92' lang='lat' dir='ltr'>erat</span> <span class='ocrx_word' id='word_1_240' title='bbox 1015 3382 1244 3447; x_wconf 84' lang='lat' dir='ltr'>speciale</span> 
     </span>
     <span class='ocr_line' id='line_1_44' title="bbox 179 3451 1240 3520; baseline -0.002 -15"><span class='ocrx_word' id='word_1_241' title='bbox 179 3452 546 3505; x_wconf 88' lang='lat' dir='ltr'>habitaculum</span> <span class='ocrx_word' id='word_1_242' title='bbox 587 3453 758 3520; x_wconf 84' lang='lat' dir='ltr'>ipsius</span> <span class='ocrx_word' id='word_1_243' title='bbox 797 3451 914 3503; x_wconf 90' lang='lat' dir='ltr'>Dei.</span> <span class='ocrx_word' id='word_1_244' title='bbox 952 3453 1240 3519; x_wconf 88' lang='lat' dir='ltr'>Templum</span> 
     </span>
     <span class='ocr_line' id='line_1_45' title="bbox 179 3522 1239 3591; baseline -0.004 -15"><span class='ocrx_word' id='word_1_245' title='bbox 179 3524 324 3576; x_wconf 87' lang='lat' dir='ltr'>enim</span> <span class='ocrx_word' id='word_1_246' title='bbox 353 3524 578 3589; x_wconf 91' lang='lat' dir='ltr'>dicitur,</span> <span class='ocrx_word' id='word_1_247' title='bbox 622 3524 680 3574; x_wconf 91' lang='lat' dir='ltr'>in</span> <span class='ocrx_word' id='word_1_248' title='bbox 709 3540 818 3591; x_wconf 91' lang='lat' dir='ltr'>quo</span> <span class='ocrx_word' id='word_1_249' title='bbox 845 3523 989 3573; x_wconf 90' lang='lat' dir='ltr'>Deus</span> <span class='ocrx_word' id='word_1_250' title='bbox 1016 3522 1239 3574; x_wconf 88' lang='lat' dir='ltr'>inhabi-</span> 
     </span>
     <span class='ocr_line' id='line_1_46' title="bbox 180 3593 1241 3662; baseline -0.004 -15"><span class='ocrx_word' id='word_1_251' title='bbox 180 3604 257 3647; x_wconf 85' lang='lat' dir='ltr'>tat</span> <span class='ocrx_word' id='word_1_252' title='bbox 284 3612 298 3645; x_wconf 89' lang='lat'>:</span> <span class='ocrx_word' id='word_1_253' title='bbox 329 3606 382 3647; x_wconf 88' lang='lat' dir='ltr'>et</span> <span class='ocrx_word' id='word_1_254' title='bbox 421 3595 549 3662; x_wconf 92' lang='lat' dir='ltr'>quia</span> <span class='ocrx_word' id='word_1_255' title='bbox 587 3596 641 3646; x_wconf 90' lang='lat' dir='ltr'>in</span> <span class='ocrx_word' id='word_1_256' title='bbox 671 3609 893 3661; x_wconf 90' lang='lat' dir='ltr'>corpore</span> <span class='ocrx_word' id='word_1_257' title='bbox 921 3593 1120 3645; x_wconf 90' lang='lat' dir='ltr'>Christi</span> <span class='ocrx_word' id='word_1_258' title='bbox 1150 3593 1241 3643; x_wconf 89' lang='lat' dir='ltr'>di-</span> 
     </span>
     <span class='ocr_line' id='line_1_47' title="bbox 178 3664 1242 3731; baseline -0.003 -14"><span class='ocrx_word' id='word_1_259' title='bbox 178 3666 368 3718; x_wconf 78' lang='lat' dir='ltr'>vinitas</span> <span class='ocrx_word' id='word_1_260' title='bbox 395 3666 674 3731; x_wconf 86' lang='lat' dir='ltr'>inhabitat,</span> <span class='ocrx_word' id='word_1_261' title='bbox 693 3667 812 3718; x_wconf 91' lang='lat' dir='ltr'>ideo</span> <span class='ocrx_word' id='word_1_262' title='bbox 831 3681 1024 3731; x_wconf 89' lang='lat' dir='ltr'>corpus</span> <span class='ocrx_word' id='word_1_263' title='bbox 1043 3664 1242 3717; x_wconf 85' lang='lat' dir='ltr'>Christi</span> 
     </span>
     <span class='ocr_line' id='line_1_48' title="bbox 177 3732 1241 3803; baseline -0.003 -15"><span class='ocrx_word' id='word_1_264' title='bbox 177 3738 442 3803; x_wconf 87' lang='lat' dir='ltr'>templum</span> <span class='ocrx_word' id='word_1_265' title='bbox 467 3737 584 3801; x_wconf 90' lang='lat' dir='ltr'>Dei,</span> <span class='ocrx_word' id='word_1_266' title='bbox 605 3754 710 3788; x_wconf 92' lang='lat' dir='ltr'>non</span> <span class='ocrx_word' id='word_1_267' title='bbox 741 3732 919 3788; x_wconf 77' lang='lat' dir='ltr'>solum</span> <span class='ocrx_word' id='word_1_268' title='bbox 946 3735 1241 3787; x_wconf 87' lang='lat' dir='ltr'>secundum</span> 
     </span>
     <span class='ocr_line' id='line_1_49' title="bbox 179 3807 1241 3868; baseline -0.001 -11"><span class='ocrx_word' id='word_1_269' title='bbox 179 3807 417 3858; x_wconf 87' lang='lat' dir='ltr'>animam</span> <span class='ocrx_word' id='word_1_270' title='bbox 435 3846 448 3868; x_wconf 91' lang='lat'>,</span> <span class='ocrx_word' id='word_1_271' title='bbox 480 3808 572 3858; x_wconf 91' lang='lat' dir='ltr'>sed</span> <span class='ocrx_word' id='word_1_272' title='bbox 602 3809 761 3860; x_wconf 91' lang='lat' dir='ltr'>etiam</span> <span class='ocrx_word' id='word_1_273' title='bbox 795 3808 1089 3859; x_wconf 90' lang='lat' dir='ltr'>secundum</span> <span class='ocrx_word' id='word_1_274' title='bbox 1118 3822 1241 3857; x_wconf 92' lang='lat' dir='ltr'>cor-</span> 
     </span>
     <span class='ocr_line' id='line_1_50' title="bbox 180 3880 1242 3945; baseline 0 -16"><span class='ocrx_word' id='word_1_275' title='bbox 180 3894 303 3945; x_wconf 88' lang='lat' dir='ltr'>pus,</span> <span class='ocrx_word' id='word_1_276' title='bbox 330 3880 544 3932; x_wconf 90' lang='lat' dir='ltr'>dicitur.</span> <span class='ocrx_word' id='word_1_277' title='bbox 568 3882 675 3932; x_wconf 91' lang='lat' dir='ltr'>Nec</span> <span class='ocrx_word' id='word_1_278' title='bbox 705 3882 910 3933; x_wconf 91' lang='lat' dir='ltr'>dicebat</span> <span class='ocrx_word' id='word_1_279' title='bbox 931 3880 1242 3945; x_wconf 88' lang='lat' dir='ltr'>hoc‚impe-</span> 
     </span>
     <span class='ocr_line' id='line_1_51' title="bbox 180 3950 1239 4014; baseline 0.001 -13"><span class='ocrx_word' id='word_1_280' title='bbox 180 3950 365 4011; x_wconf 84' lang='lat' dir='ltr'>raudo,</span> <span class='ocrx_word' id='word_1_281' title='bbox 387 3951 471 4002; x_wconf 84' lang='lat' dir='ltr'>vel</span> <span class='ocrx_word' id='word_1_282' title='bbox 487 3952 832 4013; x_wconf 81' lang='lat' dir='ltr'>consulendO,</span> <span class='ocrx_word' id='word_1_283' title='bbox 851 3953 935 4004; x_wconf 87' lang='lat' dir='ltr'>vel</span> <span class='ocrx_word' id='word_1_284' title='bbox 953 3952 1239 4014; x_wconf 82' lang='lat' dir='ltr'>hortand03</span> 
     </span>
    </p>
   </div>
   <div class='ocr_carea' id='block_1_3' title="bbox 763 323 1770 379">
    <p class='ocr_par' dir='ltr' id='par_1_4' title="bbox 763 323 1770 379">
     <span class='ocr_line' id='line_1_52' title="bbox 763 323 1770 379; baseline 0.003 -3"><span class='ocrx_word' id='word_1_285' title='bbox 763 324 1002 376; x_wconf 84' lang='lat' dir='ltr'>PRIMAE</span> <span class='ocrx_word' id='word_1_286' title='bbox 1039 323 1288 375; x_wconf 87' lang='lat' dir='ltr'>PARTIS</span> <span class='ocrx_word' id='word_1_287' title='bbox 1320 324 1556 376; x_wconf 84' lang='lat' dir='ltr'>CAPUT</span> <span class='ocrx_word' id='word_1_288' title='bbox 1583 325 1770 379; x_wconf 83' lang='lat' dir='ltr'>XXVI.</span> 
     </span>
    </p>
   </div>
   <div class='ocr_carea' id='block_1_4' title="bbox 1347 439 2421 4013">
    <p class='ocr_par' dir='ltr' id='par_1_5' title="bbox 1347 439 2421 4013">
     <span class='ocr_line' id='line_1_53' title="bbox 1352 439 2413 509; baseline 0.003 -18"><span class='ocrx_word' id='word_1_289' title='bbox 1352 441 1445 491; x_wconf 90' lang='lat' dir='ltr'>sed</span> <span class='ocrx_word' id='word_1_290' title='bbox 1491 439 1545 492; x_wconf 90' lang='lat' dir='ltr'>id</span> <span class='ocrx_word' id='word_1_291' title='bbox 1584 443 1733 509; x_wconf 91' lang='lat' dir='ltr'>quod</span> <span class='ocrx_word' id='word_1_292' title='bbox 1782 442 1969 493; x_wconf 87' lang='lat' dir='ltr'>facturi</span> <span class='ocrx_word' id='word_1_293' title='bbox 2017 452 2167 495; x_wconf 89' lang='lat' dir='ltr'>erant</span> <span class='ocrx_word' id='word_1_294' title='bbox 2214 444 2413 509; x_wconf 85' lang='lat' dir='ltr'>praedi-</span> 
     </span>
     <span class='ocr_line' id='line_1_54' title="bbox 1351 514 2412 567; baseline 0.004 -4"><span class='ocrx_word' id='word_1_295' title='bbox 1351 514 1523 564; x_wconf 89' lang='lat' dir='ltr'>cendo</span> <span class='ocrx_word' id='word_1_296' title='bbox 1561 524 1615 566; x_wconf 89' lang='lat' dir='ltr'>et</span> <span class='ocrx_word' id='word_1_297' title='bbox 1666 515 2034 566; x_wconf 90' lang='lat' dir='ltr'>denuntiando</span> <span class='ocrx_word' id='word_1_298' title='bbox 2066 531 2079 565; x_wconf 74' lang='grc' dir='ltr'><strong><em>ε</em></strong></span> <span class='ocrx_word' id='word_1_299' title='bbox 2111 531 2219 565; x_wconf 91' lang='lat' dir='ltr'>non</span> <span class='ocrx_word' id='word_1_300' title='bbox 2269 517 2412 567; x_wconf 91' lang='lat' dir='ltr'>enim</span> 
     </span>
     <span class='ocr_line' id='line_1_55' title="bbox 1352 588 2415 640; baseline 0.002 -3"><span class='ocrx_word' id='word_1_301' title='bbox 1352 596 1434 638; x_wconf 89' lang='lat' dir='ltr'>est</span> <span class='ocrx_word' id='word_1_302' title='bbox 1457 589 1685 640; x_wconf 88' lang='lat' dir='ltr'>verbum</span> <span class='ocrx_word' id='word_1_303' title='bbox 1725 589 2058 640; x_wconf 89' lang='lat' dir='ltr'>inductivum</span> <span class='ocrx_word' id='word_1_304' title='bbox 2087 590 2152 639; x_wconf 90' lang='lat' dir='ltr'>ad</span> <span class='ocrx_word' id='word_1_305' title='bbox 2187 588 2290 639; x_wconf 90' lang='lat' dir='ltr'>hoc</span> <span class='ocrx_word' id='word_1_306' title='bbox 2329 589 2415 640; x_wconf 88' lang='lat' dir='ltr'>fa-</span> 
     </span>
     <span class='ocr_line' id='line_1_56' title="bbox 1352 661 2414 728; baseline 0.003 -18"><span class='ocrx_word' id='word_1_307' title='bbox 1352 661 1631 724; x_wconf 91' lang='lat' dir='ltr'>ciendum,</span> <span class='ocrx_word' id='word_1_308' title='bbox 1663 678 1786 714; x_wconf 91' lang='lat' dir='ltr'>cum</span> <span class='ocrx_word' id='word_1_309' title='bbox 1822 663 1924 714; x_wconf 91' lang='lat' dir='ltr'>fuit</span> <span class='ocrx_word' id='word_1_310' title='bbox 1950 662 2265 728; x_wconf 89' lang='lat' dir='ltr'>simpliciter</span> <span class='ocrx_word' id='word_1_311' title='bbox 2293 678 2414 713; x_wconf 90' lang='lat' dir='ltr'>ma-</span> 
     </span>
     <span class='ocr_line' id='line_1_57' title="bbox 1353 734 2416 802; baseline 0.002 -19"><span class='ocrx_word' id='word_1_312' title='bbox 1353 734 1469 784; x_wconf 91' lang='lat' dir='ltr'>lum</span> <span class='ocrx_word' id='word_1_313' title='bbox 1519 750 1584 785; x_wconf 86' lang='lat' dir='ltr'>ex</span> <span class='ocrx_word' id='word_1_314' title='bbox 1617 745 1766 802; x_wconf 91' lang='lat' dir='ltr'>parte</span> <span class='ocrx_word' id='word_1_315' title='bbox 1805 737 2135 786; x_wconf 87' lang='lat' dir='ltr'>Judaeorum.</span> <span class='ocrx_word' id='word_1_316' title='bbox 2165 735 2416 786; x_wconf 89' lang='lat' dir='ltr'>Christus</span> 
     </span>
     <span class='ocr_line' id='line_1_58' title="bbox 1351 808 2417 874; baseline 0.002 -17"><span class='ocrx_word' id='word_1_317' title='bbox 1351 817 1530 857; x_wconf 87' lang='lat' dir='ltr'>autem</span> <span class='ocrx_word' id='word_1_318' title='bbox 1556 823 1668 859; x_wconf 90' lang='lat' dir='ltr'>non</span> <span class='ocrx_word' id='word_1_319' title='bbox 1694 817 1900 874; x_wconf 91' lang='lat' dir='ltr'>poterat</span> <span class='ocrx_word' id='word_1_320' title='bbox 1926 808 2181 859; x_wconf 86' lang='lat' dir='ltr'>inducere</span> <span class='ocrx_word' id='word_1_321' title='bbox 2209 808 2274 858; x_wconf 91' lang='lat' dir='ltr'>ad</span> <span class='ocrx_word' id='word_1_322' title='bbox 2303 823 2417 859; x_wconf 90' lang='lat' dir='ltr'>ma-</span> 
     </span>
     <span class='ocr_line' id='line_1_59' title="bbox 1353 879 2414 945; baseline -0.001 -15"><span class='ocrx_word' id='word_1_323' title='bbox 1353 880 1468 930; x_wconf 92' lang='lat' dir='ltr'>lum</span> <span class='ocrx_word' id='word_1_324' title='bbox 1488 896 1503 945; x_wconf 82' lang='lat'><em>3</em></span> <span class='ocrx_word' id='word_1_325' title='bbox 1535 881 1627 931; x_wconf 89' lang='lat' dir='ltr'>sed</span> <span class='ocrx_word' id='word_1_326' title='bbox 1650 890 1729 932; x_wconf 91' lang='lat' dir='ltr'>est</span> <span class='ocrx_word' id='word_1_327' title='bbox 1744 881 1968 933; x_wconf 90' lang='lat' dir='ltr'>verbum</span> <span class='ocrx_word' id='word_1_328' title='bbox 1987 879 2414 930; x_wconf 87' lang='lat' dir='ltr'>denuntiativum</span> 
     </span>
     <span class='ocr_line' id='line_1_60' title="bbox 1353 951 2416 1019; baseline 0.001 -18"><span class='ocrx_word' id='word_1_329' title='bbox 1353 951 1466 1016; x_wconf 88' lang='lat' dir='ltr'>ejus</span> <span class='ocrx_word' id='word_1_330' title='bbox 1493 954 1637 1018; x_wconf 92' lang='lat' dir='ltr'>quod</span> <span class='ocrx_word' id='word_1_331' title='bbox 1679 962 1790 1004; x_wconf 91' lang='lat' dir='ltr'>erat</span> <span class='ocrx_word' id='word_1_332' title='bbox 1829 968 1925 1019; x_wconf 90' lang='lat' dir='ltr'>per</span> <span class='ocrx_word' id='word_1_333' title='bbox 1966 952 2111 1018; x_wconf 89' lang='lat' dir='ltr'>ipsos</span> <span class='ocrx_word' id='word_1_334' title='bbox 2140 951 2416 1012; x_wconf 84' lang='lat' dir='ltr'>fiendum,</span> 
     </span>
     <span class='ocr_line' id='line_1_61' title="bbox 1353 1022 2416 1089; baseline 0.001 -18"><span class='ocrx_word' id='word_1_335' title='bbox 1353 1036 1463 1087; x_wconf 92' lang='lat' dir='ltr'>quo</span> <span class='ocrx_word' id='word_1_336' title='bbox 1496 1022 1601 1073; x_wconf 92' lang='lat' dir='ltr'>hoc</span> <span class='ocrx_word' id='word_1_337' title='bbox 1642 1022 1791 1089; x_wconf 86' lang='lat' dir='ltr'>quod</span> <span class='ocrx_word' id='word_1_338' title='bbox 1833 1022 2145 1073; x_wconf 84' lang='lat' dir='ltr'>affectabant</span> <span class='ocrx_word' id='word_1_339' title='bbox 2183 1023 2416 1072; x_wconf 89' lang='lat' dir='ltr'>demon-</span> 
     </span>
     <span class='ocr_line' id='line_1_62' title="bbox 1352 1090 2413 1154; baseline 0 -12"><span class='ocrx_word' id='word_1_340' title='bbox 1352 1101 1486 1144; x_wconf 89' lang='lat' dir='ltr'>strat</span> <span class='ocrx_word' id='word_1_341' title='bbox 1514 1110 1619 1144; x_wconf 90' lang='lat' dir='ltr'>non</span> <span class='ocrx_word' id='word_1_342' title='bbox 1657 1109 1774 1145; x_wconf 88' lang='lat' dir='ltr'>esse</span> <span class='ocrx_word' id='word_1_343' title='bbox 1816 1093 2213 1144; x_wconf 89' lang='lat' dir='ltr'>absconditum.</span> <span class='ocrx_word' id='word_1_344' title='bbox 2245 1090 2413 1154; x_wconf 85' lang='lat' dir='ltr'>Quasi</span> 
     </span>
     <span class='ocr_line' id='line_1_63' title="bbox 1350 1163 2411 1227; baseline 0.001 -15"><span class='ocrx_word' id='word_1_345' title='bbox 1350 1163 1545 1214; x_wconf 88' lang='lat' dir='ltr'>diceret</span> <span class='ocrx_word' id='word_1_346' title='bbox 1574 1181 1588 1214; x_wconf 68' lang='grc' dir='ltr'><strong><em>ι</em></strong></span> <span class='ocrx_word' id='word_1_347' title='bbox 1618 1164 1855 1227; x_wconf 83' lang='lat' dir='ltr'>Solvite,</span> <span class='ocrx_word' id='word_1_348' title='bbox 1912 1163 1967 1214; x_wconf 90' lang='lat' dir='ltr'>id</span> <span class='ocrx_word' id='word_1_349' title='bbox 2023 1173 2121 1224; x_wconf 85' lang='lat' dir='ltr'>est,</span> <span class='ocrx_word' id='word_1_350' title='bbox 2165 1163 2411 1226; x_wconf 78' lang='lat' dir='ltr'>solveti‘s3</span> 
     </span>
     <span class='ocr_line' id='line_1_64' title="bbox 1349 1232 2416 1299; baseline 0.001 -17"><span class='ocrx_word' id='word_1_351' title='bbox 1349 1232 1477 1299; x_wconf 88' lang='lat' dir='ltr'>quia</span> <span class='ocrx_word' id='word_1_352' title='bbox 1502 1234 1556 1283; x_wconf 91' lang='lat' dir='ltr'>in</span> <span class='ocrx_word' id='word_1_353' title='bbox 1584 1234 1836 1285; x_wconf 89' lang='lat' dir='ltr'>Passione</span> <span class='ocrx_word' id='word_1_354' title='bbox 1862 1234 2060 1286; x_wconf 88' lang='lat' dir='ltr'>Christi</span> <span class='ocrx_word' id='word_1_355' title='bbox 2098 1234 2276 1284; x_wconf 89' lang='lat' dir='ltr'>anima</span> <span class='ocrx_word' id='word_1_356' title='bbox 2312 1232 2416 1284; x_wconf 85' lang='lat' dir='ltr'>fuit</span> 
     </span>
     <span class='ocr_line' id='line_1_65' title="bbox 1349 1306 2413 1372; baseline 0 -18"><span class='ocrx_word' id='word_1_357' title='bbox 1349 1306 1524 1355; x_wconf 91' lang='lat' dir='ltr'>soluta</span> <span class='ocrx_word' id='word_1_358' title='bbox 1550 1320 1580 1355; x_wconf 90' lang='lat' dir='ltr'>a</span> <span class='ocrx_word' id='word_1_359' title='bbox 1606 1321 1844 1372; x_wconf 87' lang='lat' dir='ltr'>corpore,</span> <span class='ocrx_word' id='word_1_360' title='bbox 1867 1316 1919 1357; x_wconf 90' lang='lat' dir='ltr'>et</span> <span class='ocrx_word' id='word_1_361' title='bbox 1936 1306 2154 1372; x_wconf 90' lang='lat' dir='ltr'>sanguis</span> <span class='ocrx_word' id='word_1_362' title='bbox 2182 1321 2211 1356; x_wconf 91' lang='lat' dir='ltr'>a</span> <span class='ocrx_word' id='word_1_363' title='bbox 2239 1319 2413 1368; x_wconf 86' lang='lat' dir='ltr'>carne,</span> 
     </span>
     <span class='ocr_line' id='line_1_66' title="bbox 1351 1377 2414 1430; baseline 0 -2"><span class='ocrx_word' id='word_1_364' title='bbox 1351 1388 1406 1428; x_wconf 91' lang='lat' dir='ltr'>et</span> <span class='ocrx_word' id='word_1_365' title='bbox 1462 1378 1785 1430; x_wconf 89' lang='lat' dir='ltr'>continuitas</span> <span class='ocrx_word' id='word_1_366' title='bbox 1826 1379 2196 1430; x_wconf 89' lang='lat' dir='ltr'>membrorum</span> <span class='ocrx_word' id='word_1_367' title='bbox 2244 1377 2301 1428; x_wconf 90' lang='lat' dir='ltr'>in</span> <span class='ocrx_word' id='word_1_368' title='bbox 2344 1377 2414 1428; x_wconf 88' lang='lat' dir='ltr'>fi-</span> 
     </span>
     <span class='ocr_line' id='line_1_67' title="bbox 1350 1449 2413 1516; baseline 0.002 -18"><span class='ocrx_word' id='word_1_369' title='bbox 1350 1449 1512 1499; x_wconf 89' lang='lat' dir='ltr'>xione</span> <span class='ocrx_word' id='word_1_370' title='bbox 1538 1450 1807 1501; x_wconf 90' lang='lat' dir='ltr'>clavorum</span> <span class='ocrx_word' id='word_1_371' title='bbox 1862 1451 2144 1516; x_wconf 79' lang='lat' dir='ltr'>etlanceae</span> <span class='ocrx_word' id='word_1_372' title='bbox 2175 1467 2188 1500; x_wconf 73' lang='grc' dir='ltr'><strong>ε</strong></span> <span class='ocrx_word' id='word_1_373' title='bbox 2219 1456 2271 1500; x_wconf 87' lang='lat' dir='ltr'>et</span> <span class='ocrx_word' id='word_1_374' title='bbox 2315 1465 2413 1516; x_wconf 88' lang='lat' dir='ltr'>ego</span> 
     </span>
     <span class='ocr_line' id='line_1_68' title="bbox 1349 1520 2415 1573; baseline 0 -2"><span class='ocrx_word' id='word_1_375' title='bbox 1349 1520 1545 1571; x_wconf 86' lang='lat' dir='ltr'>virtute</span> <span class='ocrx_word' id='word_1_376' title='bbox 1595 1521 1651 1570; x_wconf 90' lang='lat' dir='ltr'>in</span> <span class='ocrx_word' id='word_1_377' title='bbox 1709 1538 1796 1573; x_wconf 89' lang='lat' dir='ltr'>me</span> <span class='ocrx_word' id='word_1_378' title='bbox 1846 1521 2059 1573; x_wconf 89' lang='lat' dir='ltr'>latentis</span> <span class='ocrx_word' id='word_1_379' title='bbox 2114 1520 2415 1571; x_wconf 89' lang='lat' dir='ltr'>divinitatis</span> 
     </span>
     <span class='ocr_line' id='line_1_69' title="bbox 1352 1591 2416 1659; baseline 0 -18"><span class='ocrx_word' id='word_1_380' title='bbox 1352 1591 1619 1655; x_wconf 87' lang='lat' dir='ltr'>excitabo,</span> <span class='ocrx_word' id='word_1_381' title='bbox 1650 1594 1803 1659; x_wconf 91' lang='lat' dir='ltr'>quasi</span> <span class='ocrx_word' id='word_1_382' title='bbox 1824 1609 1855 1644; x_wconf 92' lang='lat' dir='ltr'>a</span> <span class='ocrx_word' id='word_1_383' title='bbox 1873 1608 2088 1653; x_wconf 90' lang='lat' dir='ltr'>somn0,</span> <span class='ocrx_word' id='word_1_384' title='bbox 2117 1592 2254 1642; x_wconf 83' lang='lat' dir='ltr'>illud</span> <span class='ocrx_word' id='word_1_385' title='bbox 2283 1601 2416 1641; x_wconf 89' lang='lat' dir='ltr'>tem·</span> 
     </span>
     <span class='ocr_line' id='line_1_70' title="bbox 1353 1663 2416 1730; baseline 0.003 -17"><span class='ocrx_word' id='word_1_386' title='bbox 1353 1664 1504 1730; x_wconf 88' lang='lat' dir='ltr'>plum</span> <span class='ocrx_word' id='word_1_387' title='bbox 1557 1681 1651 1730; x_wconf 88' lang='lat' dir='ltr'>per</span> <span class='ocrx_word' id='word_1_388' title='bbox 1698 1680 1796 1717; x_wconf 90' lang='lat' dir='ltr'>vos</span> <span class='ocrx_word' id='word_1_389' title='bbox 1837 1665 2201 1716; x_wconf 85' lang='lat' dir='ltr'>dissolutum.</span> <span class='ocrx_word' id='word_1_390' title='bbox 2258 1663 2416 1716; x_wconf 86' lang='lat' dir='ltr'>Dedit</span> 
     </span>
     <span class='ocr_line' id='line_1_71' title="bbox 1354 1734 2416 1803; baseline 0.002 -19"><span class='ocrx_word' id='word_1_391' title='bbox 1354 1750 1480 1801; x_wconf 88' lang='lat' dir='ltr'>ergo</span> <span class='ocrx_word' id='word_1_392' title='bbox 1508 1735 1584 1786; x_wconf 89' lang='lat' dir='ltr'>eis</span> <span class='ocrx_word' id='word_1_393' title='bbox 1621 1736 1839 1803; x_wconf 90' lang='lat' dir='ltr'>signum</span> <span class='ocrx_word' id='word_1_394' title='bbox 1890 1735 2297 1786; x_wconf 89' lang='lat' dir='ltr'>resurrectionis</span> <span class='ocrx_word' id='word_1_395' title='bbox 2334 1734 2416 1786; x_wconf 87' lang='lat' dir='ltr'>fu-</span> 
     </span>
     <span class='ocr_line' id='line_1_72' title="bbox 1353 1805 2416 1874; baseline 0 -17"><span class='ocrx_word' id='word_1_396' title='bbox 1353 1817 1557 1872; x_wconf 88' lang='lat' dir='ltr'>turum,</span> <span class='ocrx_word' id='word_1_397' title='bbox 1584 1809 1713 1874; x_wconf 87' lang='lat' dir='ltr'>quia</span> <span class='ocrx_word' id='word_1_398' title='bbox 1731 1808 1787 1858; x_wconf 90' lang='lat' dir='ltr'>in</span> <span class='ocrx_word' id='word_1_399' title='bbox 1801 1809 1905 1859; x_wconf 88' lang='lat' dir='ltr'>hoc</span> <span class='ocrx_word' id='word_1_400' title='bbox 1927 1805 2160 1859; x_wconf 78' lang='lat' dir='ltr'>maxime</span> <span class='ocrx_word' id='word_1_401' title='bbox 2178 1808 2416 1874; x_wconf 89' lang='lat' dir='ltr'>potentia</span> 
     </span>
     <span class='ocr_line' id='line_1_73' title="bbox 1355 1877 2415 1944; baseline -0.001 -16"><span class='ocrx_word' id='word_1_402' title='bbox 1355 1887 1407 1929; x_wconf 90' lang='lat' dir='ltr'>et</span> <span class='ocrx_word' id='word_1_403' title='bbox 1423 1878 1592 1929; x_wconf 89' lang='lat' dir='ltr'>virtus</span> <span class='ocrx_word' id='word_1_404' title='bbox 1615 1878 1908 1929; x_wconf 91' lang='lat' dir='ltr'>divinitatis</span> <span class='ocrx_word' id='word_1_405' title='bbox 1938 1880 2051 1944; x_wconf 83' lang='lat' dir='ltr'>ejus</span> <span class='ocrx_word' id='word_1_406' title='bbox 2077 1877 2379 1929; x_wconf 88' lang='lat' dir='ltr'>ostenditur</span> <span class='ocrx_word' id='word_1_407' title='bbox 2398 1894 2415 1928; x_wconf 68' lang='grc' dir='ltr'>ι</span> 
     </span>
     <span class='ocr_line' id='line_1_74' title="bbox 1353 1949 2416 2016; baseline 0.001 -18"><span class='ocrx_word' id='word_1_408' title='bbox 1353 1965 1460 1999; x_wconf 90' lang='lat' dir='ltr'>non</span> <span class='ocrx_word' id='word_1_409' title='bbox 1490 1949 1633 2000; x_wconf 90' lang='lat' dir='ltr'>enim</span> <span class='ocrx_word' id='word_1_410' title='bbox 1660 1950 1781 2016; x_wconf 90' lang='lat' dir='ltr'>puri</span> <span class='ocrx_word' id='word_1_411' title='bbox 1811 1950 2051 2000; x_wconf 85' lang='lat' dir='ltr'>hominis</span> <span class='ocrx_word' id='word_1_412' title='bbox 2080 1959 2185 2010; x_wconf 89' lang='lat' dir='ltr'>est,</span> <span class='ocrx_word' id='word_1_413' title='bbox 2215 1959 2276 1999; x_wconf 91' lang='lat' dir='ltr'>ut</span> <span class='ocrx_word' id='word_1_414' title='bbox 2299 1964 2357 1999; x_wconf 89' lang='lat' dir='ltr'>se</span> <span class='ocrx_word' id='word_1_415' title='bbox 2383 1963 2416 1999; x_wconf 91' lang='lat' dir='ltr'>a</span> 
     </span>
     <span class='ocr_line' id='line_1_75' title="bbox 1354 2021 2419 2086; baseline 0.001 -15"><span class='ocrx_word' id='word_1_416' title='bbox 1354 2022 1583 2073; x_wconf 89' lang='lat' dir='ltr'>mortuis</span> <span class='ocrx_word' id='word_1_417' title='bbox 1606 2022 1873 2086; x_wconf 85' lang='lat' dir='ltr'>excitaret,</span> <span class='ocrx_word' id='word_1_418' title='bbox 1896 2023 1988 2073; x_wconf 90' lang='lat' dir='ltr'>sed</span> <span class='ocrx_word' id='word_1_419' title='bbox 2009 2022 2157 2072; x_wconf 90' lang='lat' dir='ltr'>solus</span> <span class='ocrx_word' id='word_1_420' title='bbox 2173 2021 2419 2073; x_wconf 87' lang='lat' dir='ltr'>Christus</span> 
     </span>
     <span class='ocr_line' id='line_1_76' title="bbox 1354 2092 2416 2160; baseline -0.002 -16"><span class='ocrx_word' id='word_1_421' title='bbox 1354 2093 1449 2160; x_wconf 91' lang='lat' dir='ltr'>qui</span> <span class='ocrx_word' id='word_1_422' title='bbox 1506 2095 1644 2144; x_wconf 84' lang='lat' dir='ltr'>inter</span> <span class='ocrx_word' id='word_1_423' title='bbox 1677 2101 1914 2145; x_wconf 78' lang='lat' dir='ltr'>mortuos</span> <span class='ocrx_word' id='word_1_424' title='bbox 1957 2093 2092 2144; x_wconf 82' lang='lat' dir='ltr'>liber</span> <span class='ocrx_word' id='word_1_425' title='bbox 2127 2092 2260 2155; x_wconf 89' lang='lat' dir='ltr'>fuit,</span> <span class='ocrx_word' id='word_1_426' title='bbox 2313 2093 2416 2143; x_wconf 90' lang='lat' dir='ltr'>hoc</span> 
     </span>
     <span class='ocr_line' id='line_1_77' title="bbox 1354 2162 2417 2231; baseline -0.002 -16"><span class='ocrx_word' id='word_1_427' title='bbox 1354 2165 1591 2231; x_wconf 89' lang='lat' dir='ltr'>potentia</span> <span class='ocrx_word' id='word_1_428' title='bbox 1630 2175 1692 2216; x_wconf 92' lang='lat' dir='ltr'>ut</span> <span class='ocrx_word' id='word_1_429' title='bbox 1729 2163 1924 2216; x_wconf 88' lang='lat' dir='ltr'>virtute</span> <span class='ocrx_word' id='word_1_430' title='bbox 1963 2162 2257 2214; x_wconf 87' lang='lat' dir='ltr'>divinitatis</span> <span class='ocrx_word' id='word_1_431' title='bbox 2304 2178 2417 2213; x_wconf 90' lang='lat' dir='ltr'>suae</span> 
     </span>
     <span class='ocr_line' id='line_1_78' title="bbox 1354 2235 2416 2302; baseline -0.002 -15"><span class='ocrx_word' id='word_1_432' title='bbox 1354 2238 1496 2289; x_wconf 88' lang='lat' dir='ltr'>fecit.</span> <span class='ocrx_word' id='word_1_433' title='bbox 1521 2238 1636 2288; x_wconf 89' lang='lat' dir='ltr'>Hoc</span> <span class='ocrx_word' id='word_1_434' title='bbox 1662 2237 1821 2287; x_wconf 91' lang='lat' dir='ltr'>etiam</span> <span class='ocrx_word' id='word_1_435' title='bbox 1851 2236 1955 2287; x_wconf 87' lang='lat' dir='ltr'>fuit</span> <span class='ocrx_word' id='word_1_436' title='bbox 1987 2236 2206 2302; x_wconf 88' lang='lat' dir='ltr'>signum</span> <span class='ocrx_word' id='word_1_437' title='bbox 2238 2235 2416 2301; x_wconf 84' lang='lat' dir='ltr'>poeni-</span> 
     </span>
     <span class='ocr_line' id='line_1_79' title="bbox 1356 2306 2415 2372; baseline -0.003 -14"><span class='ocrx_word' id='word_1_438' title='bbox 1356 2309 1535 2359; x_wconf 87' lang='lat' dir='ltr'>tentiae</span> <span class='ocrx_word' id='word_1_439' title='bbox 1577 2318 1628 2358; x_wconf 91' lang='lat' dir='ltr'>et</span> <span class='ocrx_word' id='word_1_440' title='bbox 1667 2306 2021 2371; x_wconf 83' lang='lat' dir='ltr'>remissionis,</span> <span class='ocrx_word' id='word_1_441' title='bbox 2064 2306 2210 2372; x_wconf 91' lang='lat' dir='ltr'>quod</span> <span class='ocrx_word' id='word_1_442' title='bbox 2238 2307 2415 2355; x_wconf 89' lang='lat' dir='ltr'>solum</span> 
     </span>
     <span class='ocr_line' id='line_1_80' title="bbox 1356 2375 2419 2445; baseline -0.003 -16"><span class='ocrx_word' id='word_1_443' title='bbox 1356 2379 1722 2445; x_wconf 82' lang='lat' dir='ltr'>peccatoribus</span> <span class='ocrx_word' id='word_1_444' title='bbox 1781 2377 2127 2443; x_wconf 88' lang='lat' dir='ltr'>competebat.</span> <span class='ocrx_word' id='word_1_445' title='bbox 2177 2376 2243 2425; x_wconf 91' lang='lat' dir='ltr'>Et</span> <span class='ocrx_word' id='word_1_446' title='bbox 2292 2375 2419 2442; x_wconf 89' lang='lat' dir='ltr'>quia</span> 
     </span>
     <span class='ocr_line' id='line_1_81' title="bbox 1355 2447 2419 2515; baseline -0.003 -15"><span class='ocrx_word' id='word_1_447' title='bbox 1355 2450 1503 2500; x_wconf 90' lang='lat' dir='ltr'>dedit</span> <span class='ocrx_word' id='word_1_448' title='bbox 1542 2449 1618 2500; x_wconf 90' lang='lat' dir='ltr'>eis</span> <span class='ocrx_word' id='word_1_449' title='bbox 1657 2449 1874 2515; x_wconf 89' lang='lat' dir='ltr'>signum</span> <span class='ocrx_word' id='word_1_450' title='bbox 1903 2448 1958 2498; x_wconf 92' lang='lat' dir='ltr'>in</span> <span class='ocrx_word' id='word_1_451' title='bbox 1991 2447 2193 2514; x_wconf 89' lang='lat' dir='ltr'>figura,</span> <span class='ocrx_word' id='word_1_452' title='bbox 2222 2461 2419 2497; x_wconf 89' lang='lat' dir='ltr'>vocans</span> 
     </span>
     <span class='ocr_line' id='line_1_82' title="bbox 1354 2519 2417 2589; baseline -0.006 -15"><span class='ocrx_word' id='word_1_453' title='bbox 1354 2538 1552 2589; x_wconf 89' lang='lat' dir='ltr'>corpus</span> <span class='ocrx_word' id='word_1_454' title='bbox 1592 2537 1752 2573; x_wconf 89' lang='lat' dir='ltr'>suum</span> <span class='ocrx_word' id='word_1_455' title='bbox 1795 2522 2102 2586; x_wconf 92' lang='lat' dir='ltr'>templum;</span> <span class='ocrx_word' id='word_1_456' title='bbox 2162 2519 2281 2570; x_wconf 90' lang='lat' dir='ltr'>ideo</span> <span class='ocrx_word' id='word_1_457' title='bbox 2337 2519 2417 2569; x_wconf 86' lang='lat' dir='ltr'>illi</span> 
     </span>
     <span class='ocr_line' id='line_1_83' title="bbox 1355 2593 2417 2661; baseline -0.005 -13"><span class='ocrx_word' id='word_1_458' title='bbox 1355 2598 1593 2648; x_wconf 88' lang='lat' dir='ltr'>carnales</span> <span class='ocrx_word' id='word_1_459' title='bbox 1622 2597 1724 2646; x_wconf 91' lang='lat' dir='ltr'>hoc</span> <span class='ocrx_word' id='word_1_460' title='bbox 1768 2611 1874 2645; x_wconf 91' lang='lat' dir='ltr'>non</span> <span class='ocrx_word' id='word_1_461' title='bbox 1915 2594 2294 2661; x_wconf 76' lang='lat' dir='ltr'>intelligenteS,</span> <span class='ocrx_word' id='word_1_462' title='bbox 2324 2593 2417 2644; x_wconf 84' lang='lat' dir='ltr'>sed</span> 
     </span>
     <span class='ocr_line' id='line_1_84' title="bbox 1353 2663 2420 2731; baseline -0.004 -12"><span class='ocrx_word' id='word_1_463' title='bbox 1353 2669 1421 2719; x_wconf 90' lang='lat' dir='ltr'>de</span> <span class='ocrx_word' id='word_1_464' title='bbox 1443 2668 1731 2719; x_wconf 89' lang='lat' dir='ltr'>inanimato</span> <span class='ocrx_word' id='word_1_465' title='bbox 1754 2666 1956 2731; x_wconf 90' lang='lat' dir='ltr'>templo</span> <span class='ocrx_word' id='word_1_466' title='bbox 1976 2681 2101 2716; x_wconf 90' lang='lat' dir='ltr'>eum</span> <span class='ocrx_word' id='word_1_467' title='bbox 2120 2666 2223 2715; x_wconf 92' lang='lat' dir='ltr'>hoc</span> <span class='ocrx_word' id='word_1_468' title='bbox 2241 2663 2420 2715; x_wconf 88' lang='lat' dir='ltr'>dicere</span> 
     </span>
     <span class='ocr_line' id='line_1_85' title="bbox 1355 2737 2418 2808; baseline -0.004 -16"><span class='ocrx_word' id='word_1_469' title='bbox 1355 2751 1628 2808; x_wconf 90' lang='lat' dir='ltr'>putantes,</span> <span class='ocrx_word' id='word_1_470' title='bbox 1669 2740 1980 2790; x_wconf 90' lang='lat' dir='ltr'>deridebant</span> <span class='ocrx_word' id='word_1_471' title='bbox 2005 2754 2150 2802; x_wconf 90' lang='lat' dir='ltr'>eum,</span> <span class='ocrx_word' id='word_1_472' title='bbox 2179 2747 2232 2789; x_wconf 91' lang='lat' dir='ltr'>et</span> <span class='ocrx_word' id='word_1_473' title='bbox 2265 2737 2418 2788; x_wconf 89' lang='lat' dir='ltr'>vole·</span> 
     </span>
     <span class='ocr_line' id='line_1_86' title="bbox 1353 2814 2420 2883; baseline -0.005 -17"><span class='ocrx_word' id='word_1_474' title='bbox 1353 2817 1484 2866; x_wconf 91' lang='lat' dir='ltr'>bant</span> <span class='ocrx_word' id='word_1_475' title='bbox 1512 2830 1733 2883; x_wconf 89' lang='lat' dir='ltr'>arguere</span> <span class='ocrx_word' id='word_1_476' title='bbox 1762 2814 1966 2864; x_wconf 90' lang='lat' dir='ltr'>dictum</span> <span class='ocrx_word' id='word_1_477' title='bbox 1995 2828 2153 2863; x_wconf 88' lang='lat' dir='ltr'>suum</span> <span class='ocrx_word' id='word_1_478' title='bbox 2188 2827 2284 2878; x_wconf 88' lang='lat' dir='ltr'>per</span> <span class='ocrx_word' id='word_1_479' title='bbox 2314 2827 2420 2862; x_wconf 85' lang='lat' dir='ltr'>ma·</span> 
     </span>
     <span class='ocr_line' id='line_1_87' title="bbox 1350 2882 2420 2952; baseline -0.006 -15"><span class='ocrx_word' id='word_1_480' title='bbox 1350 2887 1534 2937; x_wconf 89' lang='lat' dir='ltr'>teriale</span> <span class='ocrx_word' id='word_1_481' title='bbox 1562 2885 1845 2952; x_wconf 89' lang='lat' dir='ltr'>templum,</span> <span class='ocrx_word' id='word_1_482' title='bbox 1865 2883 2099 2935; x_wconf 89' lang='lat' dir='ltr'>dicentes</span> <span class='ocrx_word' id='word_1_483' title='bbox 2127 2900 2141 2933; x_wconf 91' lang='lat'><strong>:</strong></span> <span class='ocrx_word' id='word_1_484' title='bbox 2171 2882 2420 2944; x_wconf 82' lang='lat' dir='ltr'>Quadra-</span> 
     </span>
     <span class='ocr_line' id='line_1_88' title="bbox 1351 2953 2421 3024; baseline -0.005 -16"><span class='ocrx_word' id='word_1_485' title='bbox 1351 2958 1509 3024; x_wconf 84' lang='lat' dir='ltr'>ginta</span> <span class='ocrx_word' id='word_1_486' title='bbox 1536 2963 1589 3007; x_wconf 85' lang='lat' dir='ltr'>et</span> <span class='ocrx_word' id='word_1_487' title='bbox 1637 2971 1739 3007; x_wconf 85' lang='lat' dir='ltr'>sex</span> <span class='ocrx_word' id='word_1_488' title='bbox 1777 2955 1936 3007; x_wconf 85' lang='lat' dir='ltr'>annis</span> <span class='ocrx_word' id='word_1_489' title='bbox 1974 2953 2292 3021; x_wconf 69' lang='lat' dir='ltr'>aedificatum</span> <span class='ocrx_word' id='word_1_490' title='bbox 2337 2959 2421 3003; x_wconf 82' lang='lat' dir='ltr'>est</span> 
     </span>
     <span class='ocr_line' id='line_1_89' title="bbox 1355 3022 2416 3096; baseline -0.007 -17"><span class='ocrx_word' id='word_1_491' title='bbox 1355 3029 1601 3096; x_wconf 78' lang='lat' dir='ltr'>templum</span> <span class='ocrx_word' id='word_1_492' title='bbox 1633 3029 1760 3090; x_wconf 87' lang='lat' dir='ltr'>hoc,</span> <span class='ocrx_word' id='word_1_493' title='bbox 1799 3027 1853 3077; x_wconf 85' lang='lat' dir='ltr'>id</span> <span class='ocrx_word' id='word_1_494' title='bbox 1892 3036 1972 3076; x_wconf 91' lang='lat' dir='ltr'>est</span> <span class='ocrx_word' id='word_1_495' title='bbox 2008 3022 2416 3087; x_wconf 81' lang='lat' dir='ltr'>reaedificatum,</span> 
     </span>
     <span class='ocr_line' id='line_1_90' title="bbox 1352 3095 2416 3162; baseline -0.007 -10"><span class='ocrx_word' id='word_1_496' title='bbox 1352 3108 1403 3153; x_wconf 89' lang='lat' dir='ltr'>et</span> <span class='ocrx_word' id='word_1_497' title='bbox 1443 3108 1517 3162; x_wconf 84' lang='lat' dir='ltr'>tu,</span> <span class='ocrx_word' id='word_1_498' title='bbox 1551 3102 1603 3152; x_wconf 84' lang='lat' dir='ltr'>in</span> <span class='ocrx_word' id='word_1_499' title='bbox 1636 3102 1806 3151; x_wconf 82' lang='lat' dir='ltr'>tribus</span> <span class='ocrx_word' id='word_1_500' title='bbox 1833 3099 2017 3150; x_wconf 83' lang='lat' dir='ltr'>diebus</span> <span class='ocrx_word' id='word_1_501' title='bbox 2044 3095 2312 3149; x_wconf 80' lang='lat' dir='ltr'>excitabis</span> <span class='ocrx_word' id='word_1_502' title='bbox 2342 3095 2416 3146; x_wconf 88' lang='lat' dir='ltr'>il-</span> 
     </span>
     <span class='ocr_line' id='line_1_91' title="bbox 1351 3168 2421 3233; baseline -0.004 -12"><span class='ocrx_word' id='word_1_503' title='bbox 1351 3172 1447 3223; x_wconf 83' lang='lat' dir='ltr'>lud</span> <span class='ocrx_word' id='word_1_504' title='bbox 1466 3172 1501 3223; x_wconf 76' lang='lat'>5&gt;</span> <span class='ocrx_word' id='word_1_505' title='bbox 1529 3172 1645 3222; x_wconf 90' lang='lat' dir='ltr'>Hoc</span> <span class='ocrx_word' id='word_1_506' title='bbox 1675 3171 1923 3222; x_wconf 85' lang='lat' dir='ltr'>dixerunt</span> <span class='ocrx_word' id='word_1_507' title='bbox 1946 3168 2258 3228; x_wconf 91' lang='lat' dir='ltr'>deridend0,</span> <span class='ocrx_word' id='word_1_508' title='bbox 2292 3182 2421 3233; x_wconf 90' lang='lat' dir='ltr'>qua·</span> 
     </span>
     <span class='ocr_line' id='line_1_92' title="bbox 1350 3239 2415 3307; baseline -0.006 -14"><span class='ocrx_word' id='word_1_509' title='bbox 1350 3243 1396 3293; x_wconf 89' lang='lat' dir='ltr'>si</span> <span class='ocrx_word' id='word_1_510' title='bbox 1431 3252 1567 3293; x_wconf 90' lang='lat' dir='ltr'>esset</span> <span class='ocrx_word' id='word_1_511' title='bbox 1613 3240 1961 3307; x_wconf 86' lang='lat' dir='ltr'>impossibile,</span> <span class='ocrx_word' id='word_1_512' title='bbox 1996 3250 2048 3290; x_wconf 89' lang='lat' dir='ltr'>et</span> <span class='ocrx_word' id='word_1_513' title='bbox 2081 3239 2252 3288; x_wconf 91' lang='lat' dir='ltr'>multo</span> <span class='ocrx_word' id='word_1_514' title='bbox 2291 3239 2415 3303; x_wconf 90' lang='lat' dir='ltr'>plus</span> 
     </span>
     <span class='ocr_line' id='line_1_93' title="bbox 1348 3308 2415 3373; baseline -0.006 -8"><span class='ocrx_word' id='word_1_515' title='bbox 1348 3314 1654 3365; x_wconf 85' lang='lat' dir='ltr'>derisissent</span> <span class='ocrx_word' id='word_1_516' title='bbox 1678 3351 1692 3373; x_wconf 87' lang='lat'>‚</span> <span class='ocrx_word' id='word_1_517' title='bbox 1748 3312 1792 3362; x_wconf 90' lang='lat' dir='ltr'>si</span> <span class='ocrx_word' id='word_1_518' title='bbox 1839 3310 2282 3361; x_wconf 89' lang='lat' dir='ltr'>resurrectionem</span> <span class='ocrx_word' id='word_1_519' title='bbox 2330 3308 2415 3360; x_wconf 91' lang='lat' dir='ltr'>sui</span> 
     </span>
     <span class='ocr_line' id='line_1_94' title="bbox 1349 3379 2418 3451; baseline -0.006 -14"><span class='ocrx_word' id='word_1_520' title='bbox 1349 3385 1586 3451; x_wconf 88' lang='lat' dir='ltr'>corporis</span> <span class='ocrx_word' id='word_1_521' title='bbox 1606 3383 1886 3433; x_wconf 89' lang='lat' dir='ltr'>manifeste</span> <span class='ocrx_word' id='word_1_522' title='bbox 1905 3381 2267 3447; x_wconf 89' lang='lat' dir='ltr'>praedixisset;</span> <span class='ocrx_word' id='word_1_523' title='bbox 2289 3379 2418 3446; x_wconf 86' lang='lat' dir='ltr'>quia</span> 
     </span>
     <span class='ocr_line' id='line_1_95' title="bbox 1350 3453 2415 3511; baseline -0.007 -4"><span class='ocrx_word' id='word_1_524' title='bbox 1350 3455 1624 3507; x_wconf 88' lang='lat' dir='ltr'>difficilius</span> <span class='ocrx_word' id='word_1_525' title='bbox 1652 3464 1732 3505; x_wconf 91' lang='lat' dir='ltr'>est</span> <span class='ocrx_word' id='word_1_526' title='bbox 1767 3453 2082 3504; x_wconf 90' lang='lat' dir='ltr'>resuscitare</span> <span class='ocrx_word' id='word_1_527' title='bbox 2114 3461 2415 3511; x_wconf 90' lang='lat' dir='ltr'>mortuum,</span> 
     </span>
     <span class='ocr_line' id='line_1_96' title="bbox 1350 3522 2416 3594; baseline -0.007 -16"><span class='ocrx_word' id='word_1_528' title='bbox 1350 3543 1516 3594; x_wconf 90' lang='lat' dir='ltr'>quam</span> <span class='ocrx_word' id='word_1_529' title='bbox 1569 3523 1829 3576; x_wconf 85' lang='lat' dir='ltr'>aedificare</span> <span class='ocrx_word' id='word_1_530' title='bbox 1866 3526 1970 3575; x_wconf 90' lang='lat' dir='ltr'>tale</span> <span class='ocrx_word' id='word_1_531' title='bbox 2013 3524 2295 3590; x_wconf 89' lang='lat' dir='ltr'>templum.</span> <span class='ocrx_word' id='word_1_532' title='bbox 2349 3522 2416 3572; x_wconf 92' lang='lat' dir='ltr'>Et</span> 
     </span>
     <span class='ocr_line' id='line_1_97' title="bbox 1352 3592 2416 3663; baseline -0.007 -14"><span class='ocrx_word' id='word_1_533' title='bbox 1352 3615 1463 3649; x_wconf 90' lang='lat' dir='ltr'>non</span> <span class='ocrx_word' id='word_1_534' title='bbox 1502 3598 1802 3663; x_wconf 89' lang='lat' dir='ltr'>loquuntur</span> <span class='ocrx_word' id='word_1_535' title='bbox 1833 3595 1899 3645; x_wconf 91' lang='lat' dir='ltr'>de</span> <span class='ocrx_word' id='word_1_536' title='bbox 1924 3596 2125 3659; x_wconf 88' lang='lat' dir='ltr'>templo</span> <span class='ocrx_word' id='word_1_537' title='bbox 2154 3592 2292 3643; x_wconf 87' lang='lat' dir='ltr'>facto</span> <span class='ocrx_word' id='word_1_538' title='bbox 2321 3607 2416 3657; x_wconf 90' lang='lat' dir='ltr'>per</span> 
     </span>
     <span class='ocr_line' id='line_1_98' title="bbox 1351 3661 2418 3732; baseline -0.007 -13"><span class='ocrx_word' id='word_1_539' title='bbox 1351 3670 1718 3727; x_wconf 89' lang='lat' dir='ltr'>Salomonem,</span> <span class='ocrx_word' id='word_1_540' title='bbox 1752 3664 1882 3732; x_wconf 91' lang='lat' dir='ltr'>quia</span> <span class='ocrx_word' id='word_1_541' title='bbox 1910 3665 2043 3715; x_wconf 92' lang='lat' dir='ltr'>illud</span> <span class='ocrx_word' id='word_1_542' title='bbox 2067 3664 2172 3715; x_wconf 86' lang='lat' dir='ltr'>fuit</span> <span class='ocrx_word' id='word_1_543' title='bbox 2196 3661 2418 3714; x_wconf 85' lang='lat' dir='ltr'>aedifica·</span> 
     </span>
     <span class='ocr_line' id='line_1_99' title="bbox 1349 3731 2414 3802; baseline -0.008 -14"><span class='ocrx_word' id='word_1_544' title='bbox 1349 3747 1470 3788; x_wconf 90' lang='lat' dir='ltr'>tum</span> <span class='ocrx_word' id='word_1_545' title='bbox 1494 3736 1552 3787; x_wconf 92' lang='lat' dir='ltr'>in</span> <span class='ocrx_word' id='word_1_546' title='bbox 1579 3745 1783 3802; x_wconf 88' lang='lat' dir='ltr'>septem</span> <span class='ocrx_word' id='word_1_547' title='bbox 1809 3734 1987 3796; x_wconf 89' lang='lat' dir='ltr'>annis,</span> <span class='ocrx_word' id='word_1_548' title='bbox 2017 3742 2069 3784; x_wconf 92' lang='lat' dir='ltr'>et</span> <span class='ocrx_word' id='word_1_549' title='bbox 2096 3731 2414 3799; x_wconf 87' lang='lat' dir='ltr'>perfectum,</span> 
     </span>
     <span class='ocr_line' id='line_1_100' title="bbox 1350 3800 2415 3874; baseline -0.008 -15"><span class='ocrx_word' id='word_1_550' title='bbox 1350 3819 1403 3859; x_wconf 91' lang='lat' dir='ltr'>et</span> <span class='ocrx_word' id='word_1_551' title='bbox 1442 3818 1621 3874; x_wconf 90' lang='lat' dir='ltr'>postea</span> <span class='ocrx_word' id='word_1_552' title='bbox 1661 3822 1756 3874; x_wconf 92' lang='lat' dir='ltr'>per</span> <span class='ocrx_word' id='word_1_553' title='bbox 1798 3803 2291 3856; x_wconf 87' lang='lat' dir='ltr'>Nabuchodonosor</span> <span class='ocrx_word' id='word_1_554' title='bbox 2318 3800 2415 3851; x_wconf 91' lang='lat' dir='ltr'>de-</span> 
     </span>
     <span class='ocr_line' id='line_1_101' title="bbox 1347 3871 2410 3941; baseline -0.009 -12"><span class='ocrx_word' id='word_1_555' title='bbox 1347 3887 1643 3940; x_wconf 88' lang='lat' dir='ltr'>structum;</span> <span class='ocrx_word' id='word_1_556' title='bbox 1674 3877 1766 3927; x_wconf 90' lang='lat' dir='ltr'>sed</span> <span class='ocrx_word' id='word_1_557' title='bbox 1797 3876 2094 3941; x_wconf 90' lang='lat' dir='ltr'>loquuntur</span> <span class='ocrx_word' id='word_1_558' title='bbox 2121 3873 2187 3923; x_wconf 92' lang='lat' dir='ltr'>de</span> <span class='ocrx_word' id='word_1_559' title='bbox 2209 3871 2410 3936; x_wconf 90' lang='lat' dir='ltr'>templo</span> 
     </span>
     <span class='ocr_line' id='line_1_102' title="bbox 1351 3941 2414 4013; baseline -0.009 -13"><span class='ocrx_word' id='word_1_560' title='bbox 1351 3948 1665 4000; x_wconf 87' lang='lat' dir='ltr'>reaedificato</span> <span class='ocrx_word' id='word_1_561' title='bbox 1711 3962 1806 4013; x_wconf 90' lang='lat' dir='ltr'>per</span> <span class='ocrx_word' id='word_1_562' title='bbox 1860 3944 2156 3996; x_wconf 89' lang='lat' dir='ltr'>Zorobabel</span> <span class='ocrx_word' id='word_1_563' title='bbox 2206 3952 2259 3995; x_wconf 91' lang='lat' dir='ltr'>et</span> <span class='ocrx_word' id='word_1_564' title='bbox 2316 3941 2414 3991; x_wconf 91' lang='lat' dir='ltr'>Ne-</span> 
     </span>
    </p>
   </div>
  </div>
 </body>
</html>
