2784 4452
946 379 1041 431 DE
1073 378 1451 432 EPIPHANIA
1482 376 1753 429 DOMINI.
2188 457 2192 462 .
2361 392 2454 428 ιο(

1104 708 1441 779 CAPUT
1484 709 1589 777 XI

478 956 583 1024 De
627 953 1025 1047 Epiphania
1070 954 1365 1026 Domini
1385 956 1602 1049 facta
1651 954 1888 1024 tribus
1932 953 2207 1045 Nlagis.

1062 1206 1130 1269 M
1138 1206 1349 1270 atthaei
1402 1227 1535 1291 cap.
1585 1229 1618 1270 2
1631 1258 1645 1271 .

284 1461 303 1496 1
337 1445 743 1496 Mamm-:suno
760 1445 982 1496 Cnmsrt
998 1462 1067 1495 An
1087 1447 1291 1497 MAGOS.

218 1514 672 1566 —Tertiadecima
698 1528 826 1565 vero
847 1514 953 1578 die,
978 1530 1111 1581 puer
1138 1516 1293 1567 Jesus

219 1584 584 1638 manifestavit
633 1601 691 1635 se
728 1585 1029 1647 Gentibus,
1083 1585 1137 1637 id
1192 1597 1291 1648 est,

219 1659 392 1726 Magis
418 1658 514 1726 qui
541 1669 692 1709 erant
715 1659 961 1726 gentiles.
996 1659 1293 1726 Propheta-

218 1742 335 1782 tum
366 1731 590 1799 quippe,
621 1747 716 1782 seu
743 1731 1096 1782 vaticinatum
1124 1732 1296 1783 fuerat

220 1821 314 1872 per
356 1806 575 1856 Balaam
617 1805 939 1872 prophetam
969 1806 1291 1867 Gentilium,

219 1876 366 1942 quod
389 1876 623 1926 oriretur
650 1877 805 1927 stella
832 1891 898 1927 ex
920 1876 1081 1928 Jacob
1100 1887 1153 1927 et
1172 1893 1297 1927 con-

220 1955 465 2012 surgeret
511 1946 680 1996 homo
722 1946 789 1996 de
830 1947 1024 2010 Israe13
1064 1947 1158 1998 ubi
1200 1963 1296 1997 os-

218 2016 462 2066 tenditur
519 2017 667 2082 quod
719 2026 870 2068 ortus
925 2032 1078 2069 novae
1128 2018 1297 2068 stellae

218 2085 527 2151 apparentis
555 2096 667 2136 erat
708 2086 930 2153 signum
958 2087 1162 2138 Christi
1195 2103 1296 2138 na-

219 2157 434 2207 scentis.
481 2158 576 2208 Isti
633 2173 760 2225 ergo
814 2160 1058 2211 videntes
1100 2175 1295 2210 novam

220 2228 450 2288 stellam,
506 2240 874 2294 cognoverunt
924 2246 1019 2297 per
1059 2230 1297 2297 inspira-

217 2297 423 2348 tionem
455 2298 699 2349 divinam
737 2301 887 2366 quod
916 2301 1010 2352 illa
1036 2310 1148 2352 erat
1176 2317 1296 2367 quae

220 2383 314 2434 per
340 2369 558 2419 Balaam
589 2370 837 2435 praedicta
864 2370 1068 2435 fuerat;
1099 2380 1151 2422 et
1175 2372 1298 2422 ideo

218 2439 402 2489 statim
449 2450 737 2490 moverunt
776 2457 834 2491 se
875 2441 943 2492 de
982 2442 1118 2493 locis
1162 2442 1296 2502 suiS,

219 2520 278 2560 ut
315 2510 381 2560 ad
422 2513 794 2561 venerandum
829 2512 1063 2563 Puerum
1107 2522 1295 2563 natum

217 2580 481 2632 venirent.
512 2581 605 2631 Isti
634 2598 665 2632 a
694 2582 910 2634 Balaam
938 2599 1112 2650 genus
1138 2585 1300 2633 duxe-

220 2662 361 2713 rant,
398 2661 454 2702 et
489 2669 600 2703 non
632 2653 818 2704 minus
856 2653 981 2705 fidei
1008 2669 1176 2721 quam
1204 2669 1298 2720 ge-

221 2721 370 2773 neris
407 2738 742 2774 successores
776 2735 829 2775 et
857 2724 1096 2776 haeredes
1126 2736 1297 2789 erant,

221 2793 368 2843 unde
396 2808 509 2843 non
537 2808 568 2843 a
596 2793 802 2860 magica
835 2804 966 2856 arte,
996 2795 1091 2847 sed
1118 2810 1149 2846 a
1179 2810 1299 2845 ma-

220 2867 509 2933 gnitudine
533 2867 771 2918 scientiae
789 2868 964 2919 vocati
985 2877 1114 2918 sunt
1137 2867 1297 2934 Magi,

220 2941 376 3006 quasi
419 2940 479 2991 in
516 2941 778 3007 sapientia
807 2941 1027 3008 magni;
1058 2951 1111 2993 et
1146 2950 1300 2992 erant

221 3011 276 3061 in
324 3011 555 3062 scientia
596 3023 865 3063 astrorum
910 3012 1068 3078 periti
1103 3029 1117 3063 :
1159 3028 1300 3080 quos

221 3081 371 3132 enim
402 3082 617 3132 Hebraei
650 3082 871 3142 scribas,
904 3080 1077 3133 Graeci
1111 3083 1298 3148 philo-

220 3152 445 3217 sophos,
472 3151 650 3202 Latini
672 3152 962 3218 sapientes,
991 3153 1095 3203 hos
1123 3153 1300 3204 Persae

222 3227 408 3293 Magos
465 3227 755 3291 appellant.
823 3227 895 3278 Et
960 3226 1085 3278 ideo
1152 3238 1301 3279 erant

223 3296 385 3362 Magi,
424 3312 535 3346 non
572 3295 834 3361 malefici;
882 3297 975 3347 sed
1029 3297 1300 3364 sapientes

224 3366 479 3431 primitiae
498 3365 623 3418 fidei
639 3378 840 3419 nostrae
857 3384 871 3418 :
889 3367 984 3435 qui
1000 3368 1122 3420 ideo
1137 3368 1298 3419 etiam

224 3453 377 3505 reges
406 3438 536 3488 dicti
569 3448 699 3489 sunt
717 3477 731 3500 ,
765 3439 894 3505 quia
935 3439 1030 3491 illo
1056 3449 1300 3506 tempore

225 3511 541 3577 philosophi
571 3522 623 3562 et
648 3511 919 3578 sapientes
938 3504 1158 3579 regnare
1179 3528 1300 3563 con·

224 3592 533 3632 sueverunt.
596 3583 754 3633 Unde
818 3582 886 3649 de
948 3583 1299 3650 antiquorum

223 3664 535 3720 temporum
578 3653 834 3705 felicitate
860 3653 1066 3706 Seneca
1094 3655 1173 3706 sic
1208 3654 1300 3705 di-

223 3724 295 3775 cit
311 3742 327 3775 z
358 3745 381 3771 ι
403 3725 632 3775 Summa
650 3724 880 3776 felicitas
903 3733 1015 3776 erat
1033 3725 1297 3792 gentium,

222 3795 279 3845 in
304 3795 511 3862 quibus
532 3811 643 3845 non
663 3805 869 3860 poterat
889 3795 1162 3862 potentior
1181 3811 1301 3847 esse

223 3865 329 3916 nisi
375 3865 588 3917 melior.
633 3867 730 3916 lllo
771 3881 898 3933 ergo
929 3866 1112 3917 seculo
1152 3866 1298 3933 quod

222 3951 450 3988 aureum
503 3935 846 4003 perhibetur,
900 3935 1141 3988 officium
1191 3945 1302 3986 erat

225 4008 493 4077 imperare
524 4025 638 4060 non
671 4024 897 4076 regnum
930 4026 944 4060 z
976 4024 1166 4075 parum
1191 4019 1302 4060 erat
1349 4064 1363 4084 ο

1402 1448 1513 1514 regi
1541 1448 1661 1498 sine
1687 1457 1800 1499 arte
1827 1459 1879 1500 et
1905 1449 2219 1500 difficultate
2242 1449 2348 1500 sibi
2379 1451 2474 1499 in-

1399 1518 1586 1569 venire
1604 1519 1824 1586 aliquod
1844 1521 2259 1587 receptaculum.
2278 1540 2301 1566 ¹·
2319 1520 2476 1572 Unde

1402 1591 1468 1641 de
1492 1592 1729 1657 quodam
1754 1592 2085 1658 philosopho
2103 1604 2229 1644 tunc
2257 1603 2477 1660 regente

1403 1661 1587 1735 statim
1616 1661 1931 1728 subjungit:
1965 1683 1988 1709 ι
2016 1664 2286 1731 Diogenes
2316 1662 2477 1730 Cyni-

1404 1746 1497 1782 cus
1520 1747 1642 1781 cum
1667 1732 1890 1784 vidisset
1914 1749 2142 1800 puerum
2163 1750 2290 1785 cava
2309 1750 2476 1784 manu

1403 1817 1600 1870 aquam
1656 1803 1932 1854 bibentem
1951 1843 1966 1866 ,
2022 1804 2181 1872 fregit
2228 1805 2476 1872 protinus

1404 1882 1713 1940 exemptum
1743 1888 1773 1923 e
1799 1875 1985 1939 perula
2013 1875 2230 1925 calicem
2261 1875 2360 1925 hac
2384 1875 2478 1925 ob-

1403 1942 1706 2009 jurgatione
1728 1943 1812 1993 sui
1838 1960 1854 1994 z
1878 1943 2132 2004 Quandiu
2151 1944 2319 1995 homo
2335 1944 2478 1994 stul-

1405 2022 1493 2063 tus
1512 2028 1865 2080 supervacuas
1888 2014 2123 2065 sarcinas
2142 2013 2341 2065 habui!
2370 2013 2476 2072 Qui

1404 2100 1461 2135 se
1489 2085 1808 2152 complicuit
1837 2086 1894 2136 in
1925 2086 2092 2146 dolio,
2120 2096 2172 2136 et
2202 2087 2259 2136 in
2287 2101 2351 2136 eo
2379 2100 2481 2135 cu-

1406 2155 1596 2207 bitavit
1623 2173 1636 2206 x
1674 2176 1697 2202 ιι
1729 2157 1843 2207 haec
1880 2158 2100 2208 Seneca.
2133 2157 2182 2208 Ο
2210 2164 2479 2223 quantum

1405 2229 1569 2279 distat
1594 2228 1735 2280 inter
1762 2238 1990 2279 rectores
2019 2229 2180 2294 hujus
2217 2226 2481 2295 temporis

1406 2309 1459 2350 et
1488 2299 1669 2350 illius!
1697 2300 1826 2366 quia
1849 2315 1996 2350 nunc
2019 2299 2202 2350 omnia
2224 2299 2334 2349 illis
2357 2314 2482 2348 con-

1406 2370 1567 2422 traria
1602 2388 1617 2421 ε
1649 2371 1884 2433 divitiaS,
1915 2371 2152 2423 honores
2180 2382 2232 2423 et
2260 2371 2481 2422 delicias

1406 2452 1699 2509 quaerunt3
1757 2452 1810 2492 et
1861 2442 1981 2492 ideo
2017 2442 2074 2492 in
2120 2441 2304 2492 futuro
2343 2441 2482 2492 forte

1407 2512 1558 2578 pejus
1600 2512 1865 2564 Gentibus
1903 2512 2201 2564 habebunt.

1471 2601 1502 2635 2
1539 2585 1657 2637 Cun
1703 2587 1848 2637 MAot
1898 2603 1966 2637 ΑΒ
2008 2588 2258 2639 Onu-:ure
2308 2599 2476 2636 vm-

1407 2656 1587 2707 mmr?
1607 2685 1668 2695 —
1692 2657 1772 2708 Et
1798 2672 1918 2709 ecce
1941 2663 2197 2709 venerunt
2218 2656 2389 2723 Magi
2410 2655 2482 2707 ab

1410 2728 1643 2790 Oriente,
1677 2728 1731 2778 id
1764 2738 1876 2790 est,
1915 2744 1946 2780 a
1977 2729 2221 2795 partibus
2242 2742 2365 2794 quae
2391 2742 2485 2783 re-

1407 2808 1590 2864 spectu
1644 2799 1941 2850 Jerusalem
2000 2809 2054 2850 et
2102 2798 2298 2850 Judaeae
2352 2807 2483 2848 sunt

1405 2883 1591 2919 versus
1655 2869 1936 2920 Orientem
1966 2907 1980 2931 ,
2038 2878 2097 2920 ut
2120 2909 2136 2929 ,
2187 2868 2483 2919 secundum

1409 2939 1876 3007 Chrysostomum,
1902 2940 2046 2990 unde
2078 2940 2196 2990 dies
2222 2938 2482 2997 nascitur,

1405 3008 1535 3058 inde
1569 3009 1877 3074 procederet
1907 3007 2033 3059 fidei
2069 3008 2315 3068 initium,
2350 3007 2482 3075 quia

1407 3080 1541 3131 fides
1579 3081 1767 3131 lumen*
1799 3091 1881 3132 est
1917 3082 2246 3134 animarum.
2280 3082 2353 3133 Et
2392 3097 2480 3132 se-

1407 3153 1648 3204 cundum
1700 3154 2043 3205 Bernardum
2070 3192 2089 3217 ,
2155 3154 2350 3206 merito
2412 3153 2481 3203 ab

1407 3225 1633 3277 Oriente
1654 3226 1902 3288 veniunt,
1932 3222 2028 3294 qui
2056 3228 2237 3279 Solem
2256 3226 2480 3293 justitiae

1409 3314 1611 3350 novum
1662 3300 1823 3351 nobis
1874 3310 2057 3352 ortum
2109 3299 2436 3365 annuntiant
2461 3336 2480 3356 ,

1407 3369 1656 3436 laetisque
1681 3371 1995 3422 rumoribus
2014 3380 2190 3422 totum
2210 3369 2480 3421 mundum

1408 3439 1738 3492 illuminant.
1768 3442 2045 3492 Venerunt
2071 3450 2253 3507 autem
2283 3439 2480 3505 specia-

1405 3510 1531 3561 liter
1574 3511 1641 3562 de
1678 3510 1883 3563 finibus
1931 3512 2248 3571 Persarum,
2289 3509 2480 3559 Medo-

1407 3597 1551 3645 rum,
1598 3591 1650 3633 et
1690 3582 2101 3642 Chaldaeorum,
2136 3581 2231 3632 ubi
2281 3579 2482 3630 fluvius

1408 3661 1489 3703 est
1518 3653 1656 3703 Saba
1673 3690 1688 3713 ,
1721 3667 1753 3703 a
1780 3668 1892 3719 quo
1917 3663 1971 3704 et
1996 3653 2178 3703 Sabaea
2210 3650 2358 3716 regio
2387 3649 2481 3700 illa

1407 3722 1639 3787 dicitur;
1665 3723 1813 3789 juxta
1836 3738 2000 3790 quam
2030 3732 2112 3773 est
2138 3721 2355 3779 Arabia,
2379 3721 2478 3771 ubi

1407 3793 1550 3860 Magi
1567 3808 1727 3860 -reges
1741 3792 1909 3844 fuisse
1929 3801 2314 3844 memorantur.
2338 3792 2480 3843 Sunt

1406 3876 1588 3918 autem
1613 3866 1825 3917 Arabiae
1847 3867 1986 3927 duae,
2010 3881 2119 3917 una
2144 3865 2480 3916 contermina

1408 3948 1461 3988 et
1491 3937 1666 3989 vicina
1690 3938 1888 3988 Judaeae
1916 3947 1970 3989 et
1997 3946 2244 4004 respectu
2263 3937 2478 3988 Jerusa-

1409 4009 1518 4060 lem
1567 4009 1636 4059 ab
1677 4008 1918 4068 Oriente,
1968 4009 2035 4059 de
2080 4024 2189 4075 qua
2228 4008 2478 4059 videntur
