2784 4452
301 232 410 285 274

300 334 562 386 maiitiam
589 334 762 383 solam
778 332 1009 399 impellit
1029 341 1242 398 captos;
1271 333 1365 383 sed

300 415 356 457 et
373 405 664 458 virtutibus
687 405 878 465 obstat,
903 404 1117 455 labores
1143 404 1364 470 quidem

300 476 568 527 sustinere
590 490 802 541 cogens,
823 474 1088 525 fructibus
1108 490 1235 526 vero
1262 474 1366 540 pri-

298 562 433 599 vans
451 563 470 598 ε
481 565 517 595 τι
541 546 660 596 haec
676 546 1116 614 chrysostomus.
1134 546 1162 596 J
1164 560 1366 596 oannes

300 627 479 670 aunem
541 616 940 668 aemulationem
1000 627 1055 669 et
1101 617 1366 668 invidiam

298 689 691 755 discipulorum
742 689 925 740 sedam
957 689 1161 751 volens,
1203 688 1367 741 Clu-i-

299 769 444 813 stum
461 760 882 821 commendabat,
916 769 971 810 et
988 762 1199 812 excelsa
1214 761 1281 810 de
1303 775 1367 811 eo

298 830 646 897 pmzdieabat,
701 844 868 896 seque
907 845 1025 881 non
1064 830 1366 892 Christum,

298 902 394 953 sed
431 902 549 967 eius
603 900 888 963 nuntium,
943 917 1047 953 nec
1093 902 1368 968 Sponsum

300 971 564 1033 Ecclesiae,
603 972 701 1023 sed
746 971 942 1037 Sponsi
984 972 1217 1024 amicum
1254 988 1369 1023 esse

298 1043 536 1107 diceban
578 1053 632 1094 et
688 1044 835 1109 quod
883 1044 1039 1094 illum
1102 1053 1371 1110 oporteret

301 1130 531 1168 coescoee
563 1125 619 1165 et
660 1116 898 1178 exaltari,
928 1116 1128 1168 nonin
1159 1132 1242 1178 se,
1275 1117 1368 1167 sed

300 1195 566 1253 quantum
593 1186 659 1237 ad
687 1185 824 1237 alios
838 1224 854 1249 ,
882 1187 1023 1238 fama
1051 1197 1105 1238 et
1125 1187 1369 1239 auctori-

302 1266 440 1318 tate,
481 1256 543 1308 in
577 1266 847 1323 quantum
893 1258 1007 1323 ejus
1048 1258 1219 1309 virtus
1273 1272 1370 1323 per

303 1326 566 1379 mix-scula
601 1337 656 1379 et
692 1343 858 1394 opera
901 1328 1075 1395 magis
1114 1339 1169 1380 et
1193 1329 1371 1395 magis

306 1397 565 1463 inciperet
618 1398 697 1450 eis
753 1399 1125 1464 innotescere3
1189 1399 1371 1465 ipsum

300 1478 484 1521 autem
500 1468 682 1521 minui
703 1479 756 1520 et
769 1470 1052 1521 humiliari
1070 1470 1133 1522 in
1143 1486 1211 1522 re
1225 1486 1367 1533 veta,

301 1548 355 1591 et
383 1540 573 1605 quoad
619 1541 883 1605 populum
912 1539 971 1591 in
1016 1539 1186 1602 fama,
1230 1539 1373 1596 siem

300 1610 491 1663 lucifer
529 1611 798 1663 minuitur
828 1612 888 1661 in
921 1611 1158 1663 claritate
1192 1612 1372 1679 quoad

299 1680 686 1747 apparentiam,
713 1681 923 1732 oriente
946 1682 1078 1743 sole,
1103 1691 1162 1734 et
1182 1691 1370 1733 aueto-

302 1753 433 1804 ritas
455 1753 741 1819 praeconis,
763 1752 1081 1804 adveniente
1095 1754 1294 1819 judice,
1318 1763 1371 1805 et

304 1824 546 1876 officium
568 1825 749 1891 legati,
767 1824 1084 1877 adveniente
1108 1825 1371 1894 principe.

301 1897 363 1949 In
419 1895 779 1948 estimatione
828 1896 1030 1964 quippe
1076 1898 1264 1964 populi
1318 1908 1372 1950 et

302 1966 553 2018 Christus
600 1966 797 2032 crevit,
852 1968 981 2034 quia
1033 1968 1249 2034 agnitus
1284 1978 1371 2020 est

301 2037 449 2103 quod
476 2046 605 2099 erat,
633 2045 690 2089 et
705 2038 961 2091 inventus
979 2048 1061 2089 est
1078 2054 1194 2091 esse
1216 2040 1372 2093 Chri·

301 2116 438 2169 stus,
460 2107 557 2175 qui
580 2108 867 2174 putabatur
888 2119 1097 2160 tantum
1131 2111 1371 2177 prophe-

300 2189 357 2232 ta
373 2196 391 2246 ;
407 2188 465 2232 et
489 2181 721 2234 Joannes
759 2183 1016 2245 decrevit,
1044 2183 1173 2250 quia
1190 2199 1372 2236 cessa-

301 2252 381 2302 vit
406 2251 514 2302 dici
539 2253 690 2318 quod
715 2269 827 2304 non
855 2262 994 2314 erat,
1030 2264 1084 2305 et
1117 2255 1370 2307 inventus

304 2331 389 2373 est
423 2323 542 2388 ejus
594 2325 860 2391 propheta
873 2363 891 2388 ‚
937 2325 1033 2391 qui
1081 2327 1371 2393 putabatur

304 2394 575 2457 chrisme.
597 2396 686 2447 cui
726 2407 1010 2449 attestatur
1027 2400 1180 2465 quod
1195 2400 1370 2450 Joan-

302 2482 403 2519 nes
443 2478 603 2520 natus
646 2479 729 2520 est
769 2471 1200 2523 ¹decresc‹=.r.1tibus
1247 2473 1371 2523 die-

302 2538 425 2599 bus,
454 2538 706 2591 Christus
733 2542 1093 2592 crescentibus
1101 2557 1117 2606 ;
1143 2552 1195 2593 et
1222 2542 1370 2608 quod

302 2607 539 2660 Ioannes
565 2608 735 2675 capite
778 2609 1078 2673 minuitur,
1123 2612 1371 2664 Christus

302 2679 360 2731 in
419 2694 575 2731 cruce
631 2682 953 2734 extenditur.
1000 2711 1065 2722 —
1100 2683 1371 2735 Moraliter

300 2759 482 2802 autem
511 2751 622 2802 hoc
662 2752 820 2803 debet
845 2768 963 2805 esse
991 2753 1053 2804 in
1080 2769 1193 2805 uno
1224 2769 1369 2820 quo·-

301 2836 411 2888 que
435 2831 685 2872 nostrum
703 2859 718 2883 ‚
756 2823 887 2889 quia
929 2832 1142 2890 oportet
1187 2823 1366 2890 illum,

301 2894 504 2948 scilicet
522 2895 826 2959 Christum,
863 2896 923 2948 in
949 2907 1003 2948 te
1027 2912 1282 2959 crescere,
1303 2906 1371 2949 ut

302 2966 508 3018 seilicet
527 2966 591 3017 in
623 2969 741 3034 ejus
780 2969 1030 3035 proficias
1058 2969 1369 3037 cognitione

301 3045 357 3088 et
385 3051 593 3098 amore,
643 3038 772 3104 quia
806 3039 864 3090 in
906 3050 1168 3107 quantum
1196 3041 1370 3108 magis

302 3123 428 3160 eum
476 3117 627 3175 pones
659 3112 1028 3176 cognoscendo
1061 3122 1115 3163 et
1139 3113 1368 3164 amando

303 3178 587 3245 percipere,
613 3189 759 3231 tanto
781 3182 954 3248 magis
973 3183 1225 3236 Christus
1249 3200 1370 3235 cre-

301 3251 404 3302 scit
432 3251 487 3302 in
513 3260 595 3314 te,
631 3252 777 3304 sicut
804 3254 899 3319 qui
941 3256 1114 3321 magis
1159 3256 1371 3322 proficit

303 3322 362 3374 in
384 3323 618 3375 videndo
637 3340 800 3376 unam
827 3335 879 3376 et
904 3327 1148 3378 eamdem
1168 3329 1367 3391 lucem,

301 3404 511 3460 reputat
531 3396 713 3447 lucem
728 3395 881 3447 illam
897 3397 1076 3465 magis
1098 3414 1329 3450 creseere
1342 3416 1367 3450 z

301 3473 355 3515 et
401 3463 506 3514 hoc
537 3475 750 3532 oportet
781 3466 1041 3519 homines
1079 3469 1157 3519 sic
1199 3468 1368 3535 profi-

300 3533 505 3584 cientes
549 3535 728 3587 minui
790 3537 849 3588 in
899 3538 985 3589 sui
1014 3539 1367 3605 reputatione,

301 3604 430 3671 quia
473 3615 677 3670 quanto
724 3607 846 3673 plus
887 3608 1053 3660 homo
1095 3610 1369 3676 cognoscit

302 3676 370 3725 de
420 3674 707 3727 altitudine
771 3678 986 3743 divina,
1039 3687 1188 3729 tanto
1254 3679 1366 3730 mi-

305 3760 492 3867 flgteem
520 3756 727 3813 reputat
757 3749 1071 3816 parvitatem
1095 3758 1149 3802 et
1175 3749 1367 3803 humi·-

345 3862 348 3863 7
454 3831 530 3870 m.

898 183 1137 268 PRLMAE
1172 216 1418 268 PAths
1448 217 1686 271 CAPUT
1719 218 1932 273 xxvii.

1527 348 1573 398 4
1601 333 1706 394 Qui
1738 349 1856 385 snu-
1873 351 2170 390 mscrrums
2198 338 2416 391 loannis
2452 356 2534 393 s1-

1472 404 1662 455 ms?
1718 433 1780 444 -
1823 405 2115 473 Discipulis
2157 408 2380 460 Joannis
2434 427 2535 477 pro

1473 473 1731 540 magistro
1756 490 1857 526 suo
1886 475 2175 528 indiscrete
2205 479 2534 545 zelantibus,

1472 554 1526 596 et
1548 546 1621 596 de
1656 546 1873 598 Christo
1902 548 2299 613 querimoniam
2324 552 2536 603 facien·

1470 617 1636 679 tibus,
1659 619 1868 670 similes
1894 630 2022 671 sunt
2051 622 2207 672 multi
2230 624 2391 674 etiam
2418 624 2540 676 reli·

1473 688 1630 753 giosi,
1659 690 1755 757 qui
1793 690 1965 756 magis
1995 691 2264 743 adhaerent
2298 693 2535 760 quibus-

1471 757 1596 809 dam
1624 759 1990 825 opinionibus,
2019 777 2117 828 pro
2144 777 2208 813 eo
2232 764 2379 829 quod
2406 773 2536 815 sunt

1471 830 1755 896 opiniones
1780 832 1997 883 illorum
2028 849 2166 900 quos
2195 835 2366 901 magis
2406 835 2535 887 dili-

1472 910 1623 967 gunt,
1661 917 1824 969 quam
1856 919 1956 969 pro
1984 904 2098 970 ipsa
2124 905 2341 956 veritate
2369 921 2531 972 quam

1452 974 1791 1041 delinquunt
1815 992 1830 1026 :
1854 992 1977 1027 cum
2000 977 2139 1028 dicat
2155 978 2531 1046 philosophus,

1483 1045 1631 1112 quod
1678 1046 1892 1097 duobus
1933 1047 2286 1099 existentibus
2323 1050 2532 1113 amicis,

1474 1125 1715 1167 sanctum
1739 1127 1818 1168 est
1838 1119 2213 1185 praehonorare
2237 1120 2530 1173 veritatem.

1476 1187 1542 1238 Et
1571 1188 1737 1238 Plato
1773 1188 1911 1240 dixit
1938 1189 2005 1240 de
2035 1192 2247 1242 Socrate
2276 1192 2534 1259 magistro

1484 1272 1585 1307 suo
1611 1274 1635 1307 .-
1668 1275 1698 1305 α
1734 1259 1955 1309 Amicus
1996 1260 2216 1325 quidem
2261 1262 2500 1319 Socrates
2515 1302 2532 1325 ,

1474 1327 1569 1378 sed
1596 1327 1770 1394 magis
1808 1329 1979 1380 amica
2016 1330 2227 1383 veritaS.
2258 1352 2286 1380 ιι
2309 1334 2405 1383 Per
2430 1334 2536 1387 hoc

1472 1407 1652 1450 autem
1685 1400 1832 1465 quod
1858 1401 2072 1450 eosdem
2098 1401 2389 1469 discipulos
2406 1417 2537 1455 suos

1476 1469 1821 1536 reprehendit
1834 1507 1851 1531 ,
1887 1469 2249 1521 informantur
2291 1472 2536 1525 doctores

1476 1540 1626 1602 boni,
1651 1549 1713 1591 ut
1738 1539 1872 1590 tales
1893 1540 2226 1592 adulationes
2251 1558 2361 1593 non
2395 1543 2535 1594 reci-
2563 1589 2567 1602 ,

1483 1610 1664 1678 piant,
1693 1611 1787 1662 sed
1827 1610 1999 1677 magis
2031 1614 2307 1678 repellant.
2336 1613 2534 1664 Consi-

1475 1682 1665 1733 derent
1715 1680 1873 1732 etiam
1926 1681 2015 1732 hic
2065 1682 2160 1749 qui
2215 1683 2537 1736 detractores

1475 1752 1710 1804 libenter
1729 1752 1975 1813 audiunt,
2009 1762 2062 1804 et
2083 1763 2264 1804 contra
2288 1769 2380 1805 eos
2404 1754 2535 1821 qui—

1474 1823 1577 1874 bus
1603 1822 1903 1873 detrahitur
1920 1823 2101 1874 subito
2117 1824 2362 1885 saeviunt,
2392 1840 2535 1892 quo-

1446 1893 1638 1943 ”modo
1687 1893 1917 1944 Joannes
1975 1892 2268 1960 discipulos
2318 1895 2534 1946 Christo

1474 1962 1809 2014 detrahentes
1829 1964 2011 2014 statim
2027 1964 2372 2030 compescuit,
2384 1966 2538 2016 Chri-

1481 2044 1628 2084 stum
1684 2033 1935 2084 laudibus
1989 2035 2291 2084 extollendo
2301 2074 2315 2099 ,
2367 2045 2424 2086 et·
2477 2050 2536 2086 se

1473 2105 1840 2169 humiliando;
1886 2113 1940 2156 et
1988 2105 2232 2171 exemplo
2273 2106 2387 2171 ejus
2437 2107 2535 2156 de-

1472 2185 1729 2229 tractores
1780 2186 2119 2244 compescant
2165 2177 2232 2228 de
2301 2192 2358 2228 se
2425 2179 2536 2229 hu-

1475 2250 1676 2302 militer
1755 2251 2034 2302 sentiendo
2053 2290 2067 2313 ,
2147 2261 2201 2302 et
2277 2252 2535 2304 detractos

1480 2323 1764 2385 laudande,
1792 2323 2046 2389 ipsosque
2074 2324 2392 2374 detractores
2424 2323 2540 2374 for-

1473 2397 1598 2448 titer
1650 2396 2039 2464 reprehendant
2053 2435 2069 2458 ,
2114 2406 2169 2447 et
2205 2397 2282 2447 eis
2330 2398 2535 2448 malum

1478 2468 1692 2519 vultum
1735 2466 2035 2518 ostendant.
2095 2467 2252 2531 Quia,
2297 2477 2359 2518 ut
2406 2467 2538 2519 dicit

1472 2537 1698 2604 Sapiens
1739 2555 1754 2589 z
1810 2537 2007 2588 Ventus
2059 2538 2255 2602 Aquilo
2304 2537 2538 2603 dissipat

1470 2610 1731 2676 pluvias,-
1773 2603 1833 2659 et'
1857 2609 2042 2676 facies
2072 2609 2248 2660 tristis
2293 2609 2535 2676 linguam

1476 2680 1854 2733 detrahentem.

1534 2753 1568 2805 5
1601 2753 1822 2804 Jomms
1877 2766 2259 2803 monacnum
2306 2768 2536 2811 1311:st

1476 2839 1804 2876 OCCASIONES.
1832 2853 1897 2863 —
1921 2824 1988 2874 In
2010 2824 2104 2875 illo
2132 2830 2381 2889 tempore,
2403 2824 2536 2874 dum

1473 2897 1591 2948 haec
1612 2904 1909 2964 agerentur,
1939 2904 1993 2946 et
2017 2911 2140 2946 cum
2166 2895 2396 2945 Joannes
2423 2910 2536 2945 uno

1471 2981 1615 3018 anno
1649 2976 1704 3018 et
1734 2966 1910 3017 tribus
1945 2965 2226 3016 mensibus
2252 2965 2537 3030 praedicas-

1472 3048 1569 3100 set,
1602 3047 1656 3090 et
1689 3053 1923 3105 arguens
1961 3037 2248 3096 Herodem,
2274 3036 2537 3102 plurimos

1472 3108 1839 3170 convertisset,
1866 3107 2016 3158 misit
2052 3107 2301 3157 Herodes
2330 3106 2539 3156 Tetrar-

1472 3183 1593 3244 cha,
1624 3181 1934 3241 ministros,
1982 3194 2048 3231 ac
2088 3180 2280 3243 tenuit,
2320 3188 2372 3229 et
2398 3177 2537 3244 cepit

1477 3253 1739 3304 Joannem
1782 3266 1876 3317 per
1924 3266 2048 3313 eos;
2096 3260 2148 3300 et
2190 3248 2390 3310 vinxit,
2438 3263 2535 3298 seu

1476 3322 1674 3389 ligavit
1693 3321 1834 3385 eum,
1853 3320 1948 3387 qui
1974 3321 2141 3371 libere
2167 3318 2538 3386 praedicaverat

1471 3391 1569 3444 Dei
1611 3391 1854 3452 verbum,
1901 3399 1953 3442 et
1994 3391 2063 3441 ad
2107 3406 2165 3441 se
2215 3390 2274 3440 in
2318 3388 2537 3440 Galilaea

1474 3462 1784 3522 adductum,
1806 3461 2008 3526 posuit,
2044 3476 2140 3511 sen
2163 3458 2293 3525 poni
2317 3458 2458 3518 fecit,
2480 3457 2536 3508 in

1474 3546 1706 3597 carcere,
1722 3537 1948 3598 propter
1965 3531 2349 3593 Herodiadem,
2371 3542 2537 3594 quam

1472 3603 1619 3655 fratri
1645 3620 1744 3655 sno
1769 3604 2074 3668 abstulerat,
2105 3613 2157 3653 et
2184 3602 2288 3652 sibi
2316 3601 2538 3667 copula-

1470 3685 1616 3726 verat
1635 3674 1819 3727 illicite
1830 3689 1846 3738 ;
1869 3674 2015 3741 quia,
2033 3674 2323 3725 secundum
2342 3672 2540 3738 Legem

1474 3744 1638 3813 quam
1689 3755 1988 3812 acceperat,
2035 3761 2145 3795 non
2192 3745 2375 3794 liceret
2430 3740 2537 3792 sibi

1472 3820 1671 3873 habere
1713 3835 1937 3873 uxorem
1977 3819 2154 3872 fratris
2188 3817 2292 3882 sui,
2347 3831 2410 3867 eo
2449 3814 2537 3866 vi-
