2784 4452
734 256 1090 310 SERMONIS
1111 217 1192 307 VIN
1227 254 1482 306 MONTE
1515 253 2032 307 CONTINUATIO.

247 375 354 425 dit.
379 394 405 423 n
439 375 558 435 Hic,
597 375 894 425 secundum
930 374 1312 441 Augustinum,

243 448 813 498 anidmadvertendum
846 457 945 507 est,
985 463 1096 497 non
1139 447 1315 497 solum

244 532 363 568 esse
382 517 683 583 jactantiam
699 517 755 575 in
774 533 1058 584 corporum
1074 527 1125 569 et
1139 533 1318 567 rerum

242 603 620 654 corporearum
649 588 839 656 ,nitore
890 599 1053 654 atque
1098 604 1311 654 pompa,

244 659 339 709 sed
365 660 525 709 etiam
558 659 615 708 in
644 658 779 725 ipsis
807 660 1056 710 sordibus
1085 670 1139 709 et
1166 674 1320 726 squa-

242 730 388 793 lore;
441 739 494 780 et
541 730 645 779 hoc
694 745 759 780 eo
806 730 1162 796 periculosius
1216 740 1315 794 est,

243 814 356 865 quo
432 800 533 850 sub
596 801 816 851 nomine
877 801 1151 851 servitutis
1219 801 1315 852 Dei

240 871 460 937 decipit,
486 888 609 939 quae
637 882 813 923 tamen
837 888 901 925 ex
929 874 1115 925 ceteris
1136 875 1318 939 operi-

242 942 348 992 bus
365 941 613 1007 cognosci
634 953 825 1008 potest.
851 944 916 994 Et
935 944 1053 994 ideo
1074 945 1315 995 medium

242 1023 325 1063 est
365 1014 652 1064 tenendum
696 1014 824 1081 quia
872 1030 967 1065 nec
1005 1016 1166 1075 nitor,
1219 1032 1317 1066 nec

242 1083 462 1148 squalor
491 1083 693 1133 nimius
720 1085 872 1134 decet
895 1084 1285 1140 Christianum.

307 1155 342 1206 6
373 1156 517 1206 Laus
551 1173 769 1207 ι-ιυκΛΝΑ
801 1174 1079 1217 mAmsQuss
1122 1176 1316 1210 oLomA

241 1244 298 1278 ru
331 1245 557 1279 orminos
584 1232 1003 1281 vinnom—Ex
1023 1232 1318 1297 praemissis

240 1299 400 1349 etiam
430 1300 716 1364 perpende,
747 1302 894 1367 quod
927 1302 1152 1353 virtutes
1180 1318 1310 1367 pro-

240 1380 359 1436 pter
381 1386 438 1420 se
465 1380 516 1420 et
541 1370 733 1432 Deum,
766 1387 875 1422 non
903 1383 1118 1439 propter
1145 1373 1316 1424 homi-

240 1458 355 1503 neS,
372 1452 497 1493 sunt
521 1445 845 1508 appetendae.
869 1446 1024 1496 Unde
1051 1447 1318 1511 Chrysos-

239 1519 416 1564 tomus
445 1531 462 1563 .·
493 1532 520 1561 «
546 1515 665 1564 Non
691 1531 886 1581 parvus
909 1526 1086 1567 autem
1105 1517 1313 1567 fructus

241 1584 640 1635 est-humanam
688 1585 915 1651 gloriam
951 1596 1307 1650 contemnere,

240 1669 335 1719 per
359 1654 461 1704 hoc
490 1656 636 1706 enim
664 1657 863 1723 aliquis
896 1672 926 1707 a
956 1658 1101 1723 gravi
1144 1660 1313 1709 servi-

173 1789 178 1798 ·
237 1734 354 1774 tute
409 1725 666 1777 liberatur
708 1738 760 1778 et
811 1728 1060 1794 proprius
1099 1729 1311 1781 virtutis

238 1808 485 1863 operator
521 1799 774 1862 efficitur,
814 1816 931 1852 eam
969 1798 1153 1852 amans
1201 1819 1309 1853 non

237 1879 453 1935 propter
473 1870 625 1931 alios,
649 1871 741 1921 sed
766 1882 981 1953 propter
999 1873 1249 1938 seipsam.
1281 1892 1309 1921 ι)

239 1939 496 1989 Notanter
523 1956 646 1991 vero
665 1943 891 1992 orationi
918 1945 1308 2025 eleemosynam

236 2017 290 2059 et
329 2009 593 2076 jejunium
647 2012 913 2079 adjungit,
963 2015 1091 2080 quia
1135 2016 1305 2066 oratio

235 2090 319 2129 est
362 2083 607 2146 quaedam
644 2083 850 2134 avicula
893 2100 1015 2151 quae
1070 2094 1313 2151 penetrat

234 2151 453 2215 coelum,
486 2162 536 2203 et
566 2153 728 2204 habet
764 2155 895 2205 duas
934 2156 1063 2220 alas,
1108 2156 1311 2206 scilicet

235 2221 632 2289 eleemosynam
668 2234 721 2274 et
769 2224 1065 2292 jejunium;
1110 2237 1162 2277 et
1190 2225 1310 2278 ideo

231 2291 411 2373 primo
434 2292 544 2358 agit
570 2294 636 2344 de
659 2294 1012 2363 eleemosyna,
1038 2308 1090 2348 et
1117 2296 1309 2347 ultimo

231 2363 300 2412 de
337 2362 563 2428 jejunio,
613 2374 664 2415 et
699 2367 879 2416 medio
921 2368 1037 2418 loco
1077 2369 1143 2418 de
1184 2384 1309 2418 ora-

229 2435 399 2496 tione,
457 2438 586 2503 quia
634 2438 751 2504 ipsa
804 2440 974 2490 oratio
1021 2441 1109 2491 his
1156 2442 1311 2507 quasi

230 2507 442 2559 duabus
488 2510 677 2575 pennis
711 2525 742 2560 a
782 2511 982 2562 dextris
1019 2523 1071 2563 et
1105 2528 1136 2563 a
1171 2513 1313 2564 sini-

229 2578 357 2628 stris
386 2580 674 2643 sublevata,
707 2592 947 2648 penetrat
990 2584 1217 2645 coelum,
1261 2595 1314 2635 et

227 2647 348 2713 ipsa
416 2651 568 2717 quasi
644 2653 877 2703 volando
948 2655 1189 2718 pervenit
1246 2657 1310 2705 ad

244 2721 438 2781 Deum.
495 2722 650 2773 Unde
695 2723 752 2773 in
799 2724 1009 2775 Tobia:
1040 2726 1193 2776 Bona
1234 2734 1315 2777 est

228 2792 410 2843 oratio
460 2807 576 2843 cum
609 2793 823 2861 jejunio
868 2801 919 2844 et
950 2795 1307 2864 eleemosyna.

229 2865 291 2915 In
332 2865 591 2917 omnibus
642 2883 768 2932 ergo
820 2868 1019 2918 nostris
1055 2870 1312 2934 operibus

227 2938 525 2988 humanam
556 2940 768 2990 laudem
810 2940 995 3007 fugere
1031 2942 1309 3007 debemus,

226 3011 377 3077 quia,
414 3021 476 3062 ut
517 3012 650 3063 dicit
685 3014 911 3065 Boetius
943 3031 963 3065 .·
1006 3033 1033 3062 «
1079 3016 1307 3082 Sapiens

226 3082 450 3135 bonum.
467 3099 628 3148 suum
656 3100 765 3134 non
792 3086 1035 3152 populari
1071 3102 1307 3152 rumore,

228 3153 324 3202 sed
378 3154 714 3206 conscientiae
761 3156 997 3218 veritate,
1068 3157 1307 3209 metitur.

230 3223 342 3273 Nec
376 3225 557 3275 solum
590 3235 770 3276 autem
804 3225 861 3277 in
890 3227 1173 3293 operibuS,
1211 3230 1305 3280 sed

230 3293 392 3345 etiam
434 3294 491 3345 in
527 3294 639 3346 otio
675 3297 792 3347 laus
829 3298 1066 3350 humana
1098 3309 1180 3351 est
1213 3299 1308 3350 fu-

2396 256 2501 326 349

1428 372 1638 438 gienda.
1669 392 1696 421 n
1717 373 1872 424 Unde
1901 373 2102 423 Seneca
2121 389 2139 422 .-
2165 390 2192 418 «
2219 372 2502 424 Absconde

1428 453 1481 494 te
1535 444 1592 494 in
1639 443 1782 503 otio,
1834 444 1926 494 sed
1979 452 2032 492 et
2086 442 2265 507 ipsum
2323 444 2499 494 otium

1427 515 1712 564 absconde.
1745 515 1866 565 Non
1895 513 2156 564 inscribas
2182 513 2280 563 tibi
2315 514 2499 579 philo-

1427 585 1696 650 sophiam,
1716 584 1862 634 aliud
1883 582 2156 649 proposito
2179 593 2274 634 tuo
2294 601 2496 635 nomen

1427 658 1664 723 impone,
1683 657 2064 716 valetudinem,
2081 656 2498 709 imbecillitatem

1426 739 1610 779 vocato
1640 738 1693 779 et
1727 727 2005 778 desidiam.
2037 727 2265 778 Gloriari
2299 727 2356 777 in
2386 728 2497 779 otio

1425 800 1649 851 ambitio
1695 811 1792 851 est.
1821 799 2093 850 Animalia
2120 801 2366 866 quaedam
2401 800 2494 849 in-

1426 871 1594 922 veniri
1640 880 1865 937 possunt
1914 886 2037 938 quae
2086 870 2311 936 vestigia
2360 870 2497 921 circa

1423 942 1603 1009 ipsum
1631 942 1970 993 confundunt
1997 940 2189 1001 cubile,
2221 940 2365 990 idem
2393 940 2495 992 tibi

1425 1016 1731 1066 faciendum
1755 1025 1853 1078 est,
1873 1014 2115 1080 alioquin
2139 1030 2245 1064 non
2269 1015 2493 1065 deerunt

1424 1086 1519 1153 qui
1538 1095 1952 1153 persequantur.
1971 1086 2253 1151 Optimum
2275 1094 2356 1135 est
2386 1101 2498 1136 non

1424 1158 1612 1222 jactare
1631 1156 1803 1206 otium
1819 1171 1998 1205 suum.
2016 1156 2108 1205 Ille
2122 1171 2178 1206 se
2196 1154 2494 1215 abscondit,

1425 1227 1516 1277 ille
1563 1228 1778 1277 clausus
1832 1236 1942 1286 est,
1990 1225 2079 1276 ille
2115 1226 2303 1276 multis
2338 1225 2496 1278 annis

1425 1313 1532 1347 non
1562 1296 1753 1347 transit
1777 1287 1974 1345 'domus
2002 1309 2114 1345 suae
2145 1295 2329 1346 limen.
2355 1296 2492 1346 Con-

1422 1380 1599 1421 vocat.
1626 1371 1839 1428 turbam
1859 1408 1874 1430 ,
1922 1369 2174 1435 quisquis
2227 1369 2338 1419 otio
2393 1384 2494 1419 suo

1421 1441 1659 1507 aliquam
1727 1440 1960 1491 fabulam
2015 1439 2292 1505 imposuit.
2352 1441 2493 1491 Cum

1421 1512 1700 1563 secesseris
1739 1528 1848 1562 non
1880 1522 1961 1562 est
1988 1512 2091 1561 hoc
2117 1512 2403 1576 agendum,
2433 1520 2496 1562 ut

1419 1587 1485 1636 de
1510 1596 1561 1636 te
1584 1585 1834 1636 homines
1863 1586 2170 1652 loquantur,
2192 1585 2283 1634 sed
2304 1593 2363 1634 ut
2383 1584 2496 1650 ipse

1419 1667 1596 1707 tecum
1624 1656 1879 1723 loquariS.
1910 1655 2053 1716 Quid
2087 1656 2144 1705 in
2186 1655 2297 1720 otio
2326 1654 2492 1705 facis?

1420 1731 1583 1781 Ulcus
1634 1743 1815 1780 meum
1865 1746 2012 1780 curo.
2052 1729 2107 1779 Si
2155 1730 2493 1779 ostenderem

1417 1800 1515 1850 tibi
1542 1802 1731 1867 pedem
1771 1801 2067 1867 turgidum,
2105 1800 2326 1850 lividam
2368 1815 2490 1850 ma-

1419 1888 1551 1922 num
1574 1910 1588 1934 ,
1645 1887 1704 1921 ac
1751 1871 2005 1922 contracti
2074 1871 2248 1922 cruris
2315 1871 2494 1921 aridos

1418 1957 1634 2002 nervos,
1689 1941 2023 2006 permitteres
2069 1956 2156 1991 me
2207 1956 2318 1990 uno
2369 1941 2488 1992 loco

1416 2014 1581 2079 jacere
1621 2022 1674 2063 et
1726 2012 1902 2063 fovere
1970 2012 2222 2062 morbum
2240 2050 2253 2072 ,
2319 2012 2494 2077 majus

1417 2086 1622 2135 malum
1671 2093 1751 2134 est
1789 2084 1891 2133 hoc
1938 2083 2084 2149 quod
2121 2099 2229 2133 non
2264 2099 2488 2148 possum

1417 2157 1515 2207 tibi
1549 2157 1845 2207 ostendere.
1872 2155 2011 2205 Nolo
2031 2170 2117 2204 me
2144 2155 2344 2214 laudeS,
2363 2155 2490 2205 nolo

1417 2228 1562 2278 dicas
1592 2245 1606 2277 ε
1632 2226 1680 2277 O
1723 2242 1982 2292 magnum
2028 2224 2226 2287 virum,
2258 2236 2493 2276 contem-

1418 2300 1527 2367 psit
1579 2298 1778 2359 omnia,
1825 2308 1878 2348 et
1918 2298 2185 2348 damnatis
2235 2298 2489 2350 humanae

1417 2371 1539 2421 vitae
1567 2369 1840 2419 furoribus
1861 2367 2032 2434 fugit!
2065 2369 2217 2418 Nihil
2241 2370 2486 2420 damnavi

1418 2441 1523 2492 nisi
1573 2456 1692 2500 me,
1742 2455 1852 2489 non
1893 2448 1973 2489 est
1999 2439 2145 2505 quod
2175 2439 2487 2505 proficiendi

1419 2526 1574 2562 causa
1606 2509 1789 2561 venire
1824 2510 1890 2559 ad
1920 2525 2008 2559 me
2029 2509 2180 2560 velis.
2214 2510 2367 2560 Erras
2390 2510 2486 2577 qui

1420 2581 1548 2632 hinc
1571 2581 1756 2632 auxilii
1780 2580 1987 2647 aliquid
2010 2595 2207 2644 speras,
2229 2580 2351 2631 Non
2381 2597 2493 2632 me-

1417 2653 1587 2713 dicus»,
1608 2653 1700 2702 sed
1721 2667 1860 2718 aeger
1879 2650 1968 2701 hic
1986 2650 2208 2701 habitat.
2225 2652 2364 2702 Malo
2378 2652 2488 2712 illa,

1419 2741 1543 2775 cum
1591 2723 1897 2775 discesseris
1937 2723 2084 2773 dicas
2118 2740 2132 2773 ε
2166 2724 2279 2789 Ego
2318 2723 2486 2776 istum

1419 2796 1635 2846 beatum
1664 2795 1944 2846 hominem
1974 2794 2227 2860 putabam
2270 2805 2323 2846 et
2357 2812 2488 2847 eru—

1417 2866 1620 2930 ditum;
1658 2882 1926 2917 erexeram
1965 2880 2151 2926 aureS,
2201 2866 2488 2919 destitutus

1418 2955 1560 2990 sum.
1597 2939 1750 2989 Nihil
1777 2937 1906 2999 vidi,
1937 2937 2076 2988 nihil
2119 2939 2297 2989 audivi
2336 2939 2484 3006 quod

1418 3013 1874 3079 concupiscerem,
1909 3011 1973 3061 ad
2007 3012 2153 3078 quod
2181 3022 2483 3064 reverterer.

1415 3084 1471 3135 Si
1502 3085 1616 3135 haec
1644 3083 1830 3147 sentis,
1865 3082 1912 3133 si
1952 3083 2064 3134 haec
2108 3084 2344 3151 loqueris
2370 3083 2484 3135 ali-

1415 3158 1547 3224 quid
1572 3173 1665 3222 per
1691 3155 1989 3223 profectum
2026 3167 2124 3208 est.
2156 3157 2296 3207 Malo
2323 3157 2484 3222 igno-

1413 3228 1527 3278 scas
1550 3228 1661 3279 otio
1681 3243 1801 3279 meo
1824 3243 1988 3294 quam
2009 3227 2247 3278 invideas
2275 3243 2289 3277 z
2315 3246 2342 3274 »
2367 3227 2483 3279 haec

1411 3301 1637 3352 Seneca.

1214 3474 1492 3526 ORATIO

296 3581 532 3635 Domine
557 3585 685 3636 Jesu
730 3560 961 3651 Christe,
1011 3588 1109 3655 qui
1141 3588 1343 3639 nobis'
1329 3605 1387 3639 in
1419 3589 1676 3642 omnibus
1700 3591 1953 3658 operibus
1995 3588 2105 3640 tuis
2144 3585 2477 3638 humilitatis

227 3654 537 3719 exemplum
560 3657 861 3719 ostendisti,
890 3674 951 3710 ac
967 3675 1159 3710 vanam
1183 3669 1236 3710 et
1261 3660 1478 3712 inanem
1506 3663 1732 3728 gloriam
1758 3663 1940 3728 fugere
1967 3659 2218 3720 docuisti,
2241 3656 2454 3708 custodi

206 3779 212 3784 ,
235 3737 341 3783 me,
368 3739 573 3810 quaeso,
594 3727 743 3778 intus
774 3738 827 3779 et
851 3728 983 3780 foris
1018 3739 1200 3781 contra
1230 3730 1454 3782 insidias
1481 3733 1761 3798 superbiae,
1791 3742 1853 3783 ut
1880 3733 2065 3783 nullus
2102 3738 2277 3812 pateat
2306 3729 2429 3778 locu
2448 3741 2476 3777 s

228 3789 464 3847 inimicis
492 3799 682 3850 animae
707 3815 858 3863 meae,
886 3811 941 3852 et
962 3802 1031 3852 da
1054 3801 1191 3852 mihi
1220 3811 1281 3852 ut
1310 3801 1367 3853 in
1394 3804 1751 3869 eleemosyna,
1777 3802 2037 3865 oratione,
2071 3800 2293 3868 jejunio,
2325 3807 2378 3849 et
2415 3796 2476 3848 in

230 3870 440 3922 cunctis
462 3871 621 3926 bonis
647 3876 904 3943 operibus
929 3876 1142 3930 laudem
1164 3875 1481 3942 humanam,
1506 3886 1559 3929 et
1586 3877 1777 3928 mundi
1804 3876 2041 3930 favorem
2063 3892 2171 3927 non
2196 3887 2454 3942 quaeram,
