2784 4452
582 267 676 317 DE
702 268 839 319 OFF
842 268 983 321 1010
1014 269 1110 321 ET
1141 268 1312 319 VITA
1338 267 1636 323 JOANNIS
1668 268 2047 319 BAPTISTAE.

204 382 369 436 verbo
419 381 506 435 vel
557 391 737 435 mente
783 382 928 435 intra
988 397 1117 444 vos,
1178 398 1272 450 per

202 454 389 508 falsam
434 451 639 505 scilicet
682 452 1094 507 estimationem
1115 492 1129 514 ,
1171 469 1272 520 pa-

201 531 332 579 mm
384 522 642 576 habemas
687 524 1000 587 Abraham,
1038 525 1108 579 de
1155 525 1269 591 ejus

197 595 402 662 justitia
441 593 788 656 confidendo,
828 605 881 649 et
932 611 996 650 ex
1032 596 1135 648 hoc
1172 612 1268 648 vos

195 668 365 733 justos
390 667 706 732 reputando,
735 667 1009 721 credentes
1036 684 1133 723 vos
1156 669 1267 720 sal-

193 741 304 795 vari
322 741 446 792 sine
469 739 727 806 operibus
754 741 1114 806 poenitentiae:
1137 742 1267 809 quia

192 811 311 865 sine
337 809 515 863 fructu
548 810 880 876 poenitentiae
914 813 1097 867 nullus
1123 814 1263 865 San-

188 894 403 941 ctorum
444 884 643 950 poterit
691 894 989 950 peccatores
1036 887 1260 941 salvare.

184 956 275 1009 Sic
295 966 481 1009 autem
506 955 718 1007 videtur
740 956 806 1006 de
826 956 1077 1022 pluribus
1098 957 1260 1011 Chri-

184 1027 405 1087 stianis,
451 1026 548 1092 qui
585 1026 926 1079 devotionem
972 1028 1259 1094 specialem

185 1097 251 1149 ad
303 1096 546 1162 aliquem
593 1097 913 1148 Sanctorum
960 1097 1220 1152 habentes
1244 1136 1257 1158 ‚

185 1183 278 1234 per
321 1183 514 1221 eorum
559 1167 751 1221 merita
798 1169 989 1221 salvari
1030 1169 1259 1224 credunt

180 1239 299 1293 sine
323 1239 584 1304 operibus
622 1239 798 1295 bonis.
843 1240 970 1293 Haec
1000 1250 1080 1290 est
1102 1240 1254 1296 onim

178 1309 432 1377 gloriatio
462 1310 824 1375 quorumdam
848 1310 1253 1377 religiosorum,

180 1382 273 1449 qui
298 1381 603 1448 gloriantur
628 1382 694 1434 de
716 1383 952 1435 bonitate
982 1393 1036 1434 et
1061 1384 1256 1439 sancti-

182 1463 285 1509 tate
309 1454 662 1507 fundatorum
688 1464 742 1507 et
771 1466 983 1521 patrum
1006 1473 1253 1518 suorum,

183 1525 388 1591 quibus
419 1525 528 1579 dici
569 1536 744 1594 potest
769 1543 783 1576 ε
813 1526 869 1577 Si
896 1525 996 1579 filii
1024 1527 1254 1581 Abrahae

180 1595 312 1649 estis
336 1633 353 1660 ,
415 1610 575 1661 opera
626 1596 855 1649 Abrahae
904 1597 1077 1649 facite.
1128 1599 1254 1653 Haec

182 1667 343 1723 etiam
361 1676 444 1719 est
458 1667 621 1719 stulta
630 1668 880 1733 gloriatio
893 1671 1252 1734 quorumdam

182 1736 529 1799 miserorum,
568 1737 662 1803 qui
695 1753 829 1793 vane
863 1739 1162 1804 gloriantur
1188 1741 1256 1792 de

178 1816 324 1861 statu
352 1823 580 1863 suorum
610 1808 890 1862 natalium.
927 1810 1027 1860 Ubi
1065 1811 1253 1880 Chry·-

172 1884 451 1933 ,ωετοηαιε
476 1896 493 1931 .·
526 1899 551 1925 α
587 1878 732 1939 Quid
773 1880 919 1933 enim
954 1881 1173 1946 prodest
1203 1882 1252 1937 ei

178 1965 345 2016 quem
398 1950 678 2003 sordidant
726 1966 931 2011 mores,
976 1953 1251 2018 generatio

170 2021 355 2076 clara?
379 2024 491 2074 Aut
525 2021 658 2088 quid
687 2033 842 2077 nocet
870 2024 949 2077 illi
976 2024 1251 2089 generatio

176 2092 322 2154 vilis,
360 2108 528 2159 quem
567 2108 746 2145 mores
781 2094 1077 2149 adornant?
1112 2095 1249 2151 Nam

181 2173 234 2214 et
262 2179 459 2217 aurum
491 2163 559 2215 de
592 2172 733 2219 terra
768 2164 1024 2224 nascitur,
1054 2174 1106 2217 et
1137 2181 1249 2219 non

174 2244 263 2288 est
298 2244 468 2298 terra;
516 2250 711 2289 aurum
754 2234 975 2303 quidem
1012 2235 1248 2302 eligitur,

177 2315 230 2355 et
243 2315 387 2355 terra
405 2305 784 2360 contemnitur.
801 2306 1088 2371 Meliusest
1103 2307 1249 2361 enim

178 2375 245 2430 de
271 2375 370 2428 vili
394 2390 588 2444 genere
609 2376 815 2428 clarum
834 2375 973 2437 fieri,
994 2393 1159 2448 quam
1183 2379 1251 2428 de

172 2446 321 2500 ,claro
358 2462 556 2512 genere
584 2446 1047 2513 contemptibilem
1080 2449 1247 2502 nasci.

174 2516 376 2572 Melius
399 2526 480 2567 est
500 2517 661 2572 alicui
686 2527 746 2570 ut
772 2518 828 2571 in
856 2534 919 2570 eo
949 2520 1250 2585 glorientur

173 2599 447 2655 parentes,
472 2588 601 2655 quia
628 2591 789 2642 talem
820 2589 995 2646 filium
1028 2592 1246 2658 habent,

172 2673 345 2725 quam
380 2669 440 2709 ut
466 2659 582 2728 ipse
610 2659 669 2712 in
696 2661 1010 2726 parentibus
1042 2664 1248 2730 glorie-

170 2741 283 2784 tur.
314 2732 403 2783 Sic
434 2742 487 2784 et
508 2749 604 2786 vos
629 2734 795 2788 nolite
817 2735 1034 2800 gloriari
1061 2736 1247 2792 dicen-

169 2811 275 2867 tes,
298 2802 428 2869 quia
438 2810 651 2868 patrem
668 2804 924 2858 habemus
937 2807 1213 2862 Abraham
1223 2823 1246 2870 ,⁶

166 2876 267 2926 secl
293 2876 468 2944 magis
496 2877 811 2938 erubescite,
835 2878 963 2944 quia
990 2878 1087 2932 filii
1115 2880 1247 2935 estis

168 2947 321 3011 ejus,
365 2956 418 3001 et
459 2948 760 3003 sanctitatis
800 2949 914 3015 ejus
960 2965 1073 3000 non
1117 2951 1247 3004 estis

162 3016 433 3072 haeredes.
466 3019 550 3075 De
583 3019 851 3074 adulterio
894 3021 1039 3072 enim
1086 3031 1245 3076 natus

165 3088 386 3142 videtur
415 3091 510 3156 qui
549 3108 660 3142 non
698 3092 960 3148 assimilat
997 3103 1241 3159 patrem3

168 3168 223 3215 et
271 3160 367 3226 qui
404 3161 671 3216 sanctitati
732 3161 816 3216 sui
871 3164 1083 3229 generis
1131 3180 1243 3218 non

164 3231 502 3295 respondent
522 3271 537 3293 ‚
586 3233 845 3288 amittunt
893 3234 1104 3300 generis
1156 3236 1246 3288 di-

162 3299 431 3364 gnitatem
455 3318 468 3351 :
496 3321 523 3349 η
552 3302 663 3356 haec
695 3304 1135 3373 ChrysostOmuS.
1171 3306 1246 3358 Et

162 3368 294 3421 ideo
339 3387 453 3423 non
498 3373 566 3426 de
603 3376 985 3442 propagatione
1023 3378 1241 3440 carnali,

161 3440 262 3492 sed
288 3441 354 3492 de
379 3442 683 3496 imitatione
707 3446 972 3512 spirituali
996 3457 1078 3500 est
1106 3464 1242 3499 con-

159 3511 483 3579 fidendum5
511 3532 609 3568 nec
642 3517 699 3572 in
725 3534 898 3576 carne.
923 3521 1017 3573 sed
1046 3520 1104 3572 in
1134 3519 1241 3572 fide

156 3583 551 3650 gloriandum:
583 3604 692 3641 non
733 3590 880 3641 enim
916 3592 1010 3658 qui
1052 3606 1237 3646 semen

158 3663 296 3707 sunt
323 3655 576 3720 Abrahae,
613 3674 805 3712 omnes
838 3659 937 3714 filii
968 3671 1114 3723 sunt,
1144 3662 1237 3714 sed
1278 3697 1283 3704 ι

152 3726 257 3808 qui
290 3727 457 3780 fidem
487 3731 600 3796 eius
630 3732 927 3788 imitantur.
955 3735 1090 3788 Nam
1120 3750 1237 3787 san-

155 3808 320 3850 ctitas
345 3817 457 3851 non
485 3803 632 3855 venit
670 3819 763 3869 per
790 3805 1234 3871 propagationem

152 3879 390 3933 naturae,
417 3873 510 3926 sed
533 3888 630 3939 per
657 3874 883 3940 gratiam
907 3875 1124 3930 virtutis
1147 3875 1234 3933 di-

2346 273 2444 341 175

1379 381 1537 435 vinae.
1590 382 1761 435 ,ludaei
1812 380 2031 448 quidem
2076 382 2175 437 filii
2214 385 2443 439 Abrahae

1378 462 1531 515 erant
1574 453 1874 507 secundum
1923 469 2155 517 carnem,
2200 458 2292 507 sed
2335 476 2443 511 non

1378 524 1677 579 secundum
1698 524 1819 576 fidei
1846 524 2223 586 imitationem,
2248 539 2299 578 et
2314 520 2443 595 quia

1376 593 1540 647 fidem
1587 596 1819 649 Abrahae
1847 595 1913 645 de
1953 595 2171 647 Christo
2215 613 2446 665 respue—

1368 674 1522 725 runt,
1561 665 1682 719 ideo
1713 681 1913 716 nomen
1954 665 2230 719 filiationis
2265 670 2442 720 Abra-

1370 733 1460 787 hae
1503 735 1870 803 perdiderunt.
1908 735 1953 786 E
1993 736 2259 789 contrario
2295 739 2440 791 Gen·

1373 805 1514 865 tiles,
1553 805 1682 872 quia
1719 805 1881 857 fidem
1913 805 2115 861 Christi
2150 808 2336 859 devote
2373 810 2439 860 ad

1372 875 1811 941 praedicationem
1857 877 2245 942 Apostolorum
2290 894 2438 931 race-

1372 957 1585 1013 perunt,
1612 947 1732 997 ideo
1759 945 1858 1001 filii
1882 948 2111 999 Abrahae
2135 948 2260 1001 facti
2290 961 2448 1002 sunt-

1370 1017 1438 1069 Et
1475 1018 1583 1069 hoc
1622 1026 1702 1073 est
1749 1018 1895 1084 quod
1939 1019 2123 1069 subdit
2161 1020 2435 1072 loannes:

1367 1087 1508 1138 Dico
1536 1088 1673 1139 enim
1712 1088 1882 1151 vobis,
1925 1090 2050 1154 quia
2073 1096 2252 1159 potest
2286 1092 2438 1143 Deus

1367 1161 1436 1212 de
1462 1161 1732 1233 lapidibus
1759 1161 1901 1224 istis,
1934 1161 1989 1213 id
2019 1173 2115 1223 est,
2144 1164 2209 1214 de
2239 1165 2434 1217 Genti-

1367 1231 1512 1283 libus
1572 1247 1666 1298 per
1731 1232 1835 1287 hos
1903 1231 2106 1298 lapides
2169 1233 2396 1300 signatis
2419 1274 2434 1296 ‚

1366 1303 1636 1371 suscitare
1636 1302 1795 1370 filios
1807 1303 2061 1365 Abrahae,
2080 1301 2183 1357 fide
2198 1314 2249 1354 et
2265 1304 2436 1357 imita-

1364 1374 1531 1435 tione,
1571 1375 1626 1424 id
1670 1386 1750 1427 est
1790 1375 2086 1426 imitatores
2114 1374 2235 1426 fidei
2273 1376 2436 1429 Abra-

1362 1445 1468 1497 hae.
1527 1445 1634 1505 Qui
1684 1446 1832 1499 enim
1873 1444 2035 1497 fidem
2078 1455 2235 1511 atque
2274 1463 2434 1512 opera

1361 1517 1594 1569 Abrahae
1621 1517 1786 1570 fuerit
1810 1528 2041 1579 secutu8‚
2073 1519 2162 1571 ille
2202 1519 2434 1573 Abrahae

1364 1600 1602 1645 meretur
1653 1591 1758 1643 dici
1805 1590 1972 1643 filius.
2028 1592 2219 1642 Potest
2270 1592 2435 1643 etiam

1359 1663 1513 1713 Deus
1565 1661 1633 1715 de
1681 1662 1950 1729 lapidibus
1992 1662 2146 1719 filios
2199 1663 2435 1719 Abrahae

1363 1733 1647 1795 suscitare,
1677 1733 1732 1787 id
1756 1742 1853 1793 est,
1885 1733 1951 1783 de
1986 1732 2137 1785 duris
2167 1743 2220 1787 et
2244 1749 2431 1800 pecca-

1362 1801 1575 1856 toribus
1612 1803 1833 1858 devotos
1880 1802 2067 1865 facere,
2119 1805 2266 1870 quod
2317 1804 2429 1856 uti-

1358 1889 1489 1929 nam
1519 1874 1577 1925 in
1598 1890 1685 1927 me
1707 1875 1961 1943 dignetur
1976 1876 2274 1929 ostendere.

1431 1959 1492 2001 12
1527 1944 1755 1999 Lamnas
1783 1963 1815 1995 A
1843 1946 2048 1999 Jonnmz
2098 1948 2429 2009 ›tonsi-nur,

1357 2030 1429 2068 ar
1482 2031 1617 2072 Qun>
1681 2031 1901 2069 ursi-102
1970 2018 2334 2069 sxcmmcsnr?
2367 2046 2429 2056 —

1359 2087 1571 2141 Dicitur
1598 2099 1780 2143 autem
1821 2088 1968 2155 quod
1996 2090 2232 2145 loannes
2260 2091 2428 2157 digito

1357 2161 1425 2212 ad
1453 2160 1685 2215 litteram
1723 2161 2108 2213 demonstravit
2146 2172 2197 2212 et
2242 2173 2429 2217 osten-

1357 2233 1439 2283 dit
1463 2234 1541 2290 eis
1568 2234 1852 2290 duodecim
1890 2234 2093 2301 lapides
2121 2233 2261 2294 illos,
2291 2250 2430 2300 quos

1355 2305 1520 2358 Josue
1545 2320 1641 2372 per
1672 2304 1956 2359 duodecim
1993 2305 2153 2360 duces
2184 2305 2426 2355 tribuum

1357 2376 1517 2430 Israel
1553 2376 1620 2430 de
1662 2376 1841 2431 medio
1881 2385 1933 2430 et
1974 2374 2143 2428 fundo
2183 2376 2431 2428 Jordanis

1356 2446 1412 2500 in
1480 2445 1685 2502 aridam
1741 2446 2088 2513 transportari
2149 2447 2423 2514 praecepit,

1354 2517 1452 2584 qui
1491 2517 1650 2567 etiam
1697 2518 1919 2568 totidem
1963 2517 2019 2574 in
2064 2518 2303 2583 ejusdem
2342 2519 2426 2569 al·-

1354 2603 1454 2638 veo
1484 2604 1549 2642 ex
1590 2598 1730 2644 terra
1758 2587 1945 2654 reponi
1985 2588 2108 2640 fecit
2142 2606 2153 2638 z
2183 2604 2277 2654 per
2307 2589 2425 2655 pri-

1354 2674 1477 2712 mos
1502 2658 1798 2712 ariditatem
1839 2668 1890 2709 et
1919 2658 2327 2710 excaecationem
2359 2658 2425 2709 fi-

1356 2745 1556 2795 gurans
1596 2729 1939 2790 Judaeorum‚
1989 2745 2082 2798 per
2131 2730 2421 2790 secundm,

1354 2798 1518 2852 fidem
1549 2801 1807 2855 Gentium
1826 2816 1924 2868 per
1944 2799 2306 2865 Baptismum3
2338 2802 2424 2851 vel

1354 2889 1451 2939 per
1497 2874 1702 2941 primos
1755 2874 2109 2925 emersionem
2166 2873 2423 2925 Gentium

1354 2944 1409 2994 in
1447 2946 1620 2996 lucem
1663 2944 1807 3005 fidei,
1855 2960 1947 3011 per
1974 2944 2237 2996 secundos
2292 2945 2423 2994 sub-

1355 3017 1685 3070 mersionem
1709 3017 2018 3072 Judaeorurn
2050 3015 2105 3064 in
2134 3015 2421 3070 infidelita·-

1352 3097 1481 3139 tem.
1514 3089 1579 3142 Et
1607 3088 1800 3144 merito
1830 3102 1927 3158 per
1966 3086 2168 3152 lapides
2194 3086 2421 3153 signan-

1352 3169 1443 3214 tur
1509 3160 1783 3220 GentileS‚
1854 3160 1937 3211 vel
2000 3158 2128 3225 quia
2168 3159 2419 3210 colebant

1352 3231 1495 3282 idola
1547 3233 1612 3282 de
1653 3230 1923 3297 lapidibus
1975 3229 2135 3294 facta3
2192 3231 2333 3279 unde
2362 3229 2420 3279 in

1352 3305 1637 3355 Psalmista
1706 3304 1901 3356 dicitur
1958 3320 1973 3355 ε
2026 3302 2247 3354 Similes
2304 3301 2419 3353 illis

1335 3377 1485 3445 fiant
1506 3377 1600 3443 qui
1617 3377 1838 3443 faciunt
1867 3392 1958 3440 ea,·
1985 3378 2068 3427 vel
2095 3374 2224 3442 quia
2253 3374 2419 3424 habe-

1349 3449 1477 3500 bant
1510 3448 1667 3500 corda
1693 3449 1916 3515 lapidea,
1948 3449 2000 3498 id
2034 3456 2129 3505 est,
2160 3446 2225 3495 ad
2255 3445 2417 3501 intel-

1346 3522 1547 3572 lectum
1583 3521 1681 3574 Dei
1725 3520 2073 3574 insensibilia.
2101 3519 2180 3570 De
2218 3518 2418 3584 quibus

1347 3591 1446 3643 filii
1500 3593 1731 3648 Abrahae
1786 3590 2025 3643 suscitati
2083 3599 2229 3653 sunt;
2285 3588 2416 3655 quia

1344 3662 1477 3712 dum
1507 3662 1563 3713 in
1612 3662 1841 3714 Abrahae
1869 3660 2102 3719 semine,
2149 3659 2202 3709 id
2241 3668 2318 3708 est
2356 3658 2412 3707 in

1346 3732 1584 3794 Christo,
1614 3732 1972 3793 crediderunt,
1994 3730 2108 3795 ejus
2159 3727 2254 3778 filii
2287 3726 2409 3777 facti

1341 3813 1485 3863 sunt,
1517 3803 1669 3868 cujus
1694 3800 1886 3852 semini
1916 3810 2043 3851 sunt
2075 3798 2233 3860 uniti,
2268 3796 2415 3847 unde

1342 3875 1545 3929 eisdem
1583 3875 1846 3934 Gentibus
1896 3873 2096 3928 Paulus
2141 3872 2315 3925 dicit:
2344 3869 2431 3928 Si·
