2784 4452
629 405 724 481 DE
752 403 1034 457 JEJUNIO
1064 403 1161 455 ET
1191 403 1774 456 TENTATEONIBUS
1805 405 2082 456 DOMINI.

236 521 496 575 secularia
541 530 591 573 et
635 530 842 570 terrena
896 529 1297 579 monstrantur,

236 607 350 642 non
374 590 518 641 enim
538 602 646 642 tam
676 601 990 657 conspectus
1015 590 1311 641 celeritatis*

235 663 534 724 indicatur,
583 679 748 731 quam
786 664 998 715 caducae
1042 663 1301 732 fragilitas

237 737 516 802 potestatis
542 737 879 803 exprimitur.
929 738 988 791 In
1027 747 1302 789 momento

236 807 387 858 enim
410 818 600 858 cuncta
619 807 710 857 illa
731 818 1065 873 praetereunt,
1090 818 1144 858 et
1161 823 1307 873 saepe

235 877 417 929 honor
435 878 602 928 seculi
630 878 743 931 abit
767 888 1050 945 antequam
1079 879 1303 931 venerit.

236 948 310 999 Et
344 949 569 1000 tentavit
600 964 723 999 eum
767 950 832 999 de
861 949 1082 999 avaritia
1108 948 1306 1000 Domi-

237 1033 374 1071 num
414 1019 684 1080 omnium,
720 1036 785 1069 ex
822 1021 1122 1087 arrogantia
1152 1030 1205 1071 et
1235 1021 1308 1085 ja-

236 1089 435 1142 ctantia
463 1091 783 1155 promittens
808 1092 1150 1152 mendaciter,
1180 1107 1302 1157 quae

236 1161 363 1211 dare
403 1177 513 1211 non
559 1172 780 1227 poterat,
811 1173 862 1213 et
908 1163 1092 1214 dicens
1121 1179 1135 1213 ε
1166 1164 1307 1214 Haec

238 1234 417 1285 omnia
456 1234 551 1284 tibi
579 1235 740 1298 dab0‚
790 1246 843 1286 et
887 1246 939 1287 te
972 1238 1172 1304 Regem
1219 1235 1304 1286 fa-

237 1304 407 1364 ciam,
438 1305 490 1355 si
535 1306 746 1368 cadem,
779 1317 1031 1373 tanquam
1065 1307 1301 1366 inferior,

239 1376 562 1429 adoraveris
601 1391 718 1439 me,
770 1387 1028 1444 tanquam
1055 1378 1305 1444 superio-

239 1461 385 1510 rem,
427 1447 573 1513 quod
627 1463 749 1498 vere
799 1459 939 1499 esset
983 1450 1200 1511 cadere,
1251 1459 1308 1498 et

238 1515 456 1569 diabolo
492 1531 550 1566 se
577 1518 854 1583 subjicere.
880 1538 907 1565 n
934 1519 1089 1570 Unde
1114 1519 1305 1587 Chry-

237 1593 507 1637 sostomus
536 1605 554 1638 .-
584 1606 610 1634 α
637 1587 789 1651 Nihil
812 1588 958 1639 enim
983 1588 1061 1639 sic
1090 1590 1306 1641 diabolo

238 1658 519 1708 hominem
562 1659 752 1724 subjici
801 1658 957 1720 facit,
1001 1670 1061 1710 ut
1094 1661 1309 1711 inhiare

239 1727 457 1795 opibus,
478 1744 536 1779 ac
551 1730 785 1780 habendi
807 1746 990 1781 amore
1014 1732 1304 1799 superari.»

240 1799 310 1852 Et
336 1798 532 1851 iterum
553 1816 566 1849 ε
587 1818 615 1846 ι(
636 1800 817 1865 Regna
833 1803 1023 1852 mundi
1041 1803 1309 1869 promittit

240 1868 347 1928 ini,
378 1870 472 1936 qui
503 1886 664 1939 regna
686 1873 942 1924 coelorum
968 1876 1308 1926 credentibus

241 1942 581 2008 praeparavit;
624 1944 849 2011 gloriam
888 1947 1051 1999 seculi
1084 1948 1306 2012 pollice-

241 2021 331 2063 tur
353 2012 430 2072 ei,
459 2013 554 2078 qui
585 2014 851 2066 Dominus
873 2027 958 2071 est
978 2018 1161 2084 gloriae
1196 2034 1307 2070 coe-

240 2082 422 2145 lestis3
458 2085 688 2149 spondet
715 2102 771 2136 se
794 2089 1045 2140 universa
1070 2090 1193 2140 dare
1212 2089 1307 2156 qui

243 2153 387 2205 nihil
416 2155 595 2216 habet,
627 2157 675 2207 ei
701 2160 795 2224 qui
831 2161 1016 2212 omnia
1041 2161 1305 2228 possidet3

241 2224 310 2276 ab
326 2241 393 2291 eo
411 2242 468 2277 se
490 2226 636 2292 jubet
657 2231 864 2281 adorari
890 2231 947 2281 in
969 2242 1123 2293 terra,
1144 2247 1309 2300 quem

242 2300 435 2365 Angel'i
489 2312 543 2351 et
583 2304 903 2371 Archangeli
965 2306 1188 2356 adorant
1247 2305 1307 2357 in

241 2372 380 2422 coelo
404 2390 418 2422 ε
445 2393 471 2420 n
493 2374 604 2424 haec
640 2376 1080 2443 ChrysostomuS.
1115 2378 1220 2432 Ubi
1257 2389 1311 2429 et

243 2442 447 2496 Glossa
474 2462 492 2495 .·
519 2463 545 2491 α
568 2446 704 2498 Ecce
737 2448 959 2514 antiqua
986 2449 1187 2500 diaboli
1214 2465 1311 2499 su-

243 2516 429 2580 perbia
451 2534 467 2566 t
500 2518 797 2570 sicutenim
825 2520 880 2570 in
910 2521 1180 2587 principio
1207 2538 1309 2572 vo-

240 2586 349 2637 luit
377 2603 436 2638 se
466 2590 702 2640 similem
722 2592 836 2643 Deo
860 2592 1047 2652 facere,
1069 2593 1141 2644 ita
1163 2609 1310 2643 nunc

243 2659 452 2710 volebat
480 2660 729 2712 divinum
764 2664 973 2715 cultum
1008 2663 1113 2715 sibi
1148 2680 1321 2715 usur-¹

242 2746 388 2796 pare.
424 2752 451 2779 n

312 2819 376 2869 17
409 2805 490 2854 DE
513 2820 709 2857 onoma
728 2824 895 2858 uuum
920 2825 988 2859 ετ
1005 2826 1311 2862 ausit-tons.

244 2903 307 2914 --
334 2877 402 2926 Et
442 2887 520 2927 est
564 2878 652 2928 hic
701 2881 1030 2942 notandum,
1077 2884 1223 2949 quod
1265 2884 1311 2934 si

243 2948 646 3001 consideremus
674 2951 999 3017 principium
1024 2954 1184 3020 hujus
1204 2966 1317 3008 ten-

243 3020 478 3079 tationis,
507 3031 632 3072 tunc
670 3023 894 3073 tentatio
934 3034 1015 3075 est
1048 3027 1310 3091 avaritiae3

244 3091 294 3142 si
345 3091 528 3152 finem,
571 3095 793 3145 tentatio
843 3106 923 3145 est
970 3095 1310 3160 idololatriae3

245 3171 299 3212 et
327 3162 461 3213 bene
500 3165 757 3232 iungitur,
795 3167 925 3234 quia
954 3169 1190 3219 avaritia
1237 3176 1317 3220 est

245 3232 511 3285 idolorum
569 3238 814 3288 servitus·
852 3238 1316 3291 Considerandum

208 3319 213 3323 ’
243 3305 406 3356 etiam
428 3308 576 3372 quod
605 3309 775 3374 gloria
804 3310 1014 3371 mundi,
1040 3327 1161 3377 quae
1191 3327 1314 3362 cum

247 3378 457 3428 mundo
483 3378 718 3444 peritura
743 3391 839 3439 est,
880 3381 936 3431 in
964 3392 1148 3433 monte
1176 3393 1228 3433 et
1256 3383 1313 3434 in

247 3448 537 3516 supercilio
558 3449 973 3515 demonstratur,
995 3463 1048 3503 et
1070 3453 1317 3505 diabolus
1357 3485 1361 3489 -

247 3518 532 3569 hominem
555 3520 747 3572 ducere
766 3523 830 3571 ad
849 3533 1089 3574 montem
1105 3525 1314 3585 nititur,

246 3600 309 3643 ut
334 3602 548 3643 corruat
570 3604 624 3644 et
650 3594 698 3643 ei
727 3595 1059 3660 subjiciatur,
1085 3598 1315 3648 suadens

248 3671 309 3714 ut
362 3663 560 3716 serviat
609 3664 676 3725 ei,
736 3666 1013 3734 negligens
1053 3668 1313 3732 justitiam

250 3735 379 3795 Dei,
423 3751 453 3785 a
498 3737 650 3801 cujus
705 3737 924 3788 servitio
980 3739 1169 3791 liberet
1215 3757 1317 3793 nos

249 3808 499 3860 Christus
534 3822 631 3872 pro
661 3808 817 3858 nobis
843 3819 1075 3861 tentatus
1103 3821 1155 3862 et
1187 3826 1315 3878 pas-

248 3894 362 3931 suS.
392 3877 662 3929 Dominus
687 3889 866 3930 autem
899 3882 964 3931 ad
994 3884 1314 3948 campestria

250 3959 303 4000 et
329 3948 563 4000 humilia
603 3949 903 4013 descendit,
946 3963 1007 4004 ut
1037 3953 1312 4005 diabolum

252 4019 558 4072 humilitate
594 4032 883 4087 superaret.
926 4024 1032 4074 Nec
1069 4024 1316 4077 intueba-

2371 405 2484 456 235

1406 528 1495 569 tur
1519 519 1626 570 sibi
1654 530 1868 571 ostensa
1907 521 2066 570 oculo
2102 521 2476 587 concupiscen-

1407 591 1512 650 tiae,
1542 592 1686 642 sicut
1712 608 1830 653 nos,
1851 592 1944 643 sed
1969 593 2109 643 sicut
2138 593 2329 642 medici
2359 594 2476 645 sine

1408 664 1630 716 laesione
1658 665 1847 716 vident
1889 666 2128 715 morbos.
2174 666 2313 716 Cum
2348 682 2484 733 ergo

1409 736 1643 786 volueris
1705 735 1820 786 fieri
1888 752 2116 802 magnus
2181 747 2232 786 et
2307 737 2481 797 altus,

1411 816 1465 856 et
1532 816 1655 857 ante
1698 808 1882 858 oculos
1932 808 2133 858 mentis
2182 808 2284 858 ista
2345 823 2479 873 pro-

1411 877 1602 942 ponis,
1662 878 1796 929 scito
1856 879 2002 944 quod
2071 878 2322 928 diabolus
2373 878 2475 928 tibi

1412 963 1578 1014 regna
1608 950 1798 1000 mundi
1823 949 2089 1008 ostendit,
2124 964 2246 1015 quae
2267 949 2312 998 si
2343 964 2482 999 con-

1414 1020 1565 1086 sequi
1591 1021 1845 1082 volueris‚
1883 1036 2100 1071 necesse
2136 1030 2216 1071 est
2240 1030 2319 1080 ut,
2347 1036 2483 1087 pro-

1411 1091 1597 1142 cidens
1623 1093 1900 1143 diabolum
1941 1095 2154 1155 adores,
2188 1093 2318 1158 quia
2344 1093 2481 1142 ado-

1412 1173 1558 1214 ratus
1620 1164 1897 1215 diabolum
1963 1175 2087 1216 ante
2137 1164 2367 1224 corruit,
2425 1174 2481 1215 et

1413 1249 1691 1300 nunquam
1716 1235 1834 1285 sine
1862 1250 1986 1285 casu
2011 1235 2257 1285 diabolus
2285 1235 2478 1285 adora-

1414 1313 1518 1355 tur.
1541 1305 1698 1355 Unde
1715 1305 2034 1356 Ambrosius
2052 1323 2072 1354 .-
2093 1323 2120 1351 «
2140 1305 2313 1354 Habet
2334 1305 2480 1356 enim

1413 1377 1640 1428 ambitio
1677 1377 2033 1428 domesticum
2063 1379 2393 1444 periculum,
2428 1388 2480 1428 et

1413 1460 1475 1500 ut
1517 1449 1827 1503 dominetur
1850 1451 1968 1501 aliis
2010 1452 2159 1517 prius
2200 1450 2392 1510 servit,
2427 1461 2481 1501 et

1414 1533 1664 1573 curvatur
1703 1523 1963 1589 obsequio
1983 1561 1996 1586 ‚
2049 1534 2111 1573 ut
2143 1523 2348 1572 honore
2374 1522 2479 1573 do-

1417 1602 1605 1657 netur,
1632 1604 1684 1644 et
1716 1595 1845 1644 dum
1875 1595 1991 1644 vult
2018 1609 2133 1644 esse
2162 1592 2481 1656 sublimior,

1413 1663 1474 1715 fit
1503 1666 1798 1717 remissior.
1834 1666 2030 1717 Omnis
2070 1665 2294 1732 quidem
2324 1675 2481 1730 pote-

1412 1746 1553 1798 staS,
1578 1747 1632 1787 et
1672 1737 1934 1788 ordinatio
1966 1746 2288 1802 potestatum
2316 1752 2346 1786 a
2369 1736 2482 1787 Deo

1414 1817 1522 1867 est,
1559 1809 1651 1858 sed
1675 1823 1707 1857 a
1732 1809 1875 1858 malo
1906 1807 2184 1875 potestatis
2215 1807 2476 1870 ambitio;

1416 1896 1512 1931 nec
1559 1891 1638 1931 est
1679 1891 1911 1950 potestas
1950 1881 2121 1940 mala,
2170 1881 2262 1931 sed
2296 1880 2344 1930 is
2383 1881 2479 1946 qui

1415 1952 1554 2001 maie
1570 1951 1742 2002 utitur
1761 1961 2033 2018 potestate.
2063 1951 2331 2001 Docemur
2353 1966 2485 2016 ergo

1414 2021 1771 2072 ambitionem
1831 2021 2101 2087 despicere
2124 2059 2137 2080 ,
2203 2036 2266 2070 eo
2332 2021 2478 2086 quod

1415 2093 1692 2145 diabolicae
1719 2094 1955 2158 subjacet
1987 2092 2235 2158 potestati
2260 2109 2274 2142 ε
2305 2111 2333 2138 n
2366 2092 2481 2142 haec

1415 2163 1753 2214 Ambrosius,

1487 2233 1549 2285 18
1583 2236 1794 2284 numm
1856 2249 2083 2285 norma
2138 2248 2487 2290 romanum,

1416 2320 1512 2355 siz-:n
1542 2320 1656 2355 nox
1701 2319 1910 2355 mxuma
1953 2320 2150 2358 mna-m
2197 2303 2343 2364 Dm,
2397 2317 2486 2352 cut

1416 2395 1534 2429 som
1562 2394 1771 2430 mma:
1798 2394 2000 2430 cum-us
2023 2393 2285 2432 DEBBTUR.
2301 2404 2363 2414 -
2380 2376 2486 2430 Sed

1417 2461 1469 2501 et
1509 2451 1600 2502 hic
1629 2450 1902 2502 homicida
1940 2451 2031 2503 ille
2069 2449 2381 2512 succubuit,
2431 2459 2484 2499 et

1417 2521 1701 2582 Dominus,
1722 2532 1774 2572 et
1786 2522 1961 2573 victor
1976 2521 2284 2573 auctoritate
2302 2519 2486 2569 divina

1417 2593 1773 2643 comminatus
1801 2608 1926 2643 eum
1974 2592 2165 2658 abjecit
2219 2601 2270 2642 et
2295 2591 2485 2641 absce-

1418 2667 1541 2717 dere
1575 2666 1750 2732 jussit,
1782 2667 1965 2718 dicens
1999 2684 2014 2718 z
2055 2666 2203 2718 Vade
2228 2664 2488 2715 etrecede

1418 2754 1448 2788 a
1481 2753 1600 2797 me,
1631 2736 1833 2790 scilicet
1865 2736 1923 2786 in
1960 2736 2142 2803 ignem
2193 2745 2482 2794 aeternum,

1419 2807 1660 2867 Satana,
1709 2806 1804 2871 qui
1854 2805 2061 2856 veritati
2098 2815 2152 2854 et
2193 2803 2486 2854 hominum

1419 2877 1578 2928 saluti
1627 2877 1941 2929 adversaris
1995 2878 2054 2927 In
2113 2893 2223 2943 quo
2241 2916 2254 2936 ‚
2303 2886 2366 2926 ut
2412 2875 2488 2926 ait

1423 2951 1862 3020 chysostomus,
1893 2949 2057 2999 finem
2089 2948 2331 3000 tentandi
2367 2948 2486 2998 dia-

1421 3023 1546 3072 bolo
1581 3021 1751 3086 ponit.
1776 3036 1843 3071 ne
1867 3022 2238 3088 progrediatur
2258 3019 2488 3070 ulterius

1420 3103 1652 3145 tentans,
1708 3093 1979 3144 Continuo
2028 3094 2175 3144 enim
2225 3094 2380 3144 illum
2423 3092 2482 3146 in

1422 3165 1607 3231 fugam
1638 3164 1823 3225 vertit,
1863 3181 2037 3233 neque
2069 3166 2193 3216 aliis
2225 3166 2330 3230 jam
2360 3179 2488 3216 eum

1421 3252 1515 3302 per
1539 3236 1890 3302 semetipsum
1923 3236 2309 3288 tentationibus
2331 3248 2465 3300 appe

1422 3308 1527 3359 tiit.
1571 3308 1675 3360 Ubi
1726 3308 1886 3359 etiam
1947 3309 2204 3359 docemur
2241 3305 2486 3373 proprias

1423 3382 1645 3447 injurias
1662 3392 1888 3448 portare,
1911 3383 2003 3432 sed
2027 3382 2174 3432 nullo
2204 3380 2366 3432 modo
2385 3378 2487 3430 Dei

1423 3452 1648 3517 injurias
1676 3453 1916 3503 tolerare.
1945 3452 2100 3503 Unde
2131 3451 2274 3500 idem
2298 3449 2485 3518 Chry—

1422 3530 1689 3575 sostomus
1712 3541 1730 3574 .·
1760 3542 1788 3571 «
1821 3523 2093 3582 Christus,
2125 3538 2248 3572 cum
2296 3535 2488 3586 passus

1421 3597 1612 3647 fuisset
1664 3596 1980 3649 tentationis
2031 3594 2242 3660 injuria,
2273 3593 2487 3643 dicente

1422 3667 1526 3719 sibi
1577 3668 1792 3718 diabolo
1827 3684 1840 3717 z
1871 3668 1938 3719 Si
1992 3666 2173 3717 Filius
2226 3664 2331 3714 Dei
2391 3677 2484 3726 es,

1423 3740 1570 3789 mitte
1600 3744 1648 3789 te
1675 3739 1941 3800 deorsum,
1972 3753 2083 3787 non
2109 3745 2191 3786 est
2215 3734 2477 3797 turbatus,

1424 3826 1521 3861 nec
1547 3810 1824 3860 diabolum
1855 3808 2161 3875 increpavit.
2194 3806 2350 3855 Nunc
2385 3820 2485 3856 au-

1422 3895 1530 3933 tem
1559 3884 1772 3949 quando
1799 3882 2047 3933 diabolus
2069 3881 2166 3932 Dei
2189 3879 2294 3930 sibi
2320 3894 2482 3930 usur-

1422 3954 1564 4021 pavit
1596 3953 1876 4014 honorem,
1898 3953 2081 4008 dicens
2106 3970 2120 4002 ε
2147 3952 2285 4002 Haec
2302 3949 2481 4002 omnia

1424 4025 1657 4079 tibi'dabo
1691 4021 1756 4089 si,
1783 4025 1997 4089 cadenS,
2022 4023 2341 4076 adoraveris
2362 4034 2446 4073 me
2461 4058 2484 4083 ,
