2784 4452
395 338 463 404 76
1086 339 1326 391 PRIMA-3
1361 340 1607 391 PARTIS
1639 341 1873 392 CAPUT
1903 342 2038 394 VIII.

391 465 443 507 et
466 454 721 505 meritum
747 456 980 537 amplius
1007 456 1245 522 accipiat,
1276 466 1336 507 ut
1355 473 1453 523 pa—

389 536 465 576 tet
492 527 558 575 de
589 526 690 576 Job
709 528 778 576 'et
801 514 1153 609 martyribus.
1192 528 1347 579 Unde
1378 529 1457 578 Ja-

388 596 599 647 cobus.
628 597 835 647 Beatus
869 597 955 647 vir
997 597 1090 664 qui
1117 598 1313 666 suffert
1342 605 1456 649 ten-

389 668 673 729 tationem,
718 668 967 733 quoniam
1029 683 1146 719 cum
1190 670 1457 735 probatus

374 738 560 804 suerit
584 738 811 804 accipiet
841 753 1094 790 coronam
1124 740 1264 802 uiue,
1296 755 1455 807 quam

385 811 695 876 repromisit
759 810 910 861 Deus
967 810 1318 876 diligentibus
1378 825 1454 861 se.

387 882 521 932 Item
559 882 854 931 secundum
885 882 1350 949 Chrysostomum,
1398 893 1458 933 ut

385 952 605 1018 signum
651 953 975 1002 creditorum
1018 953 1123 1003 sibi
1171 954 1457 1004 thesauro-

385 1038 539 1083 rum,
587 1023 641 1073 id
679 1032 782 1083 est,
828 1024 1098 1074 donorum
1139 1026 1454 1075 collatorum

383 1094 623 1160 accipiat.
670 1095 855 1161 Neque
901 1095 1049 1146 enim
1087 1096 1457 1161 superveniret

383 1164 434 1215 ei
481 1164 749 1226 diabolus,
795 1166 899 1216 nisi
941 1182 1065 1216 eum
1112 1167 1299 1231 majori
1349 1167 1457 1216 ho-

388 1251 519 1286 nore
545 1236 791 1286 affectum
820 1237 1039 1288 videret.
1081 1238 1231 1288 Sicut
1271 1238 1458 1288 insur-

383 1305 527 1356 rexit
568 1307 824 1357 adversus
874 1308 1065 1368 Adam,
1112 1309 1241 1375 quia
1287 1309 1460 1359 multa

384 1375 544 1427 illum
589 1377 850 1442 dignitate
900 1379 1035 1429 vidit
1085 1379 1454 1445 conspicuum,

385 1460 438 1500 et
461 1460 647 1502 contra
674 1462 917 1502 sanctum
942 1453 1062 1512 Job,
1093 1454 1221 1519 quia
1242 1453 1457 1504 videbat

383 1520 541 1571 illum
575 1523 706 1572 adeo
741 1522 898 1574 miris
933 1523 1186 1575 laudibus
1226 1539 1455 1575 corona—

383 1602 529 1643 tum.

444 1680 479 1731 9
512 1665 843 1715 Tamumno
892 1682 1144 1717 natorum
1200 1683 1266 1717 Α»
1312 1683 1456 1718 1pso-

380 1749 490 1786 nun
510 1752 853 1787 summouent.
872 1764 936 1774 —-·
963 1737 1188 1803 Insuper
1211 1737 1452 1804 quidam,

384 1808 514 1858 mali
535 1808 754 1873 scilicet,
772 1809 997 1875 flagellis
1020 1818 1073 1859 et
1102 1809 1457 1860 tribulationi-

382 1880 486 1930 bus
513 1890 833 1941 atteruntur,
860 1897 970 1931 non
990 1882 1056 1931 ad
1089 1882 1285 1947 peccati
1321 1897 1456 1947 pur-

380 1951 656 2017 gationem
679 1961 730 2001 et
749 1952 983 2011 veniam,
1009 1953 1102 2002 sed
1137 1953 1201 2002 ad
1223 1953 1458 2030 punitio-

381 2037 507 2072 nem
550 2032 603 2071 et
658 2022 983 2083 vindictam,
1031 2033 1083 2073 et
1120 2023 1190 2072 ad
1243 2033 1454 2074 aeternae

380 2092 744 2143 damnationis
788 2093 1190 2143 inchoationem
1225 2105 1277 2145 et
1315 2108 1453 2160 aug-

378 2174 661 2224 mentum,
742 2165 887 2231 quod
949 2164 1300 2231 reproborum
1373 2177 1456 2217 est

377 2236 691 2303 proprium;
736 2237 875 2288 sicut
910 2237 1211 2288 Antiochus
1259 2248 1311 2288 et
1352 2239 1455 2289 He-

376 2308 554 2367 rodes,
578 2324 638 2358 ac
666 2308 887 2374 quidam
910 2307 1002 2358 alii
1037 2318 1165 2358 sunt
1193 2308 1354 2374 passi.
1388 2310 1454 2360 Et

375 2381 537 2431 multi
596 2383 770 2433 adhuc
815 2382 978 2433 hodie
1027 2382 1277 2433 videntur
1320 2384 1450 2449 pati,

376 2453 578 2522 quibus
632 2455 878 2520 congruit
935 2455 1068 2505 illud
1136 2455 1447 2521 prophetae:

374 2525 597 2589 Duplici
667 2526 984 2576 contritione
1056 2533 1267 2578 contere
1336 2542 1447 2578 eos.

374 2596 602 2647 Talibus
648 2597 793 2647 enim
855 2608 1137 2663 praesentes
1190 2600 1450 2650 molestiae

373 2677 504 2717 sunt
572 2667 844 2733 quoddam
923 2668 1344 2733 praeam‘bulum,
1396 2680 1448 2721 et

375 2735 596 2787 initium
657 2752 936 2801 poenarum
991 2737 1273 2802 gehennae3
1317 2738 1447 2804 quia

373 2809 727 2862 afflictionum
759 2826 979 2861 suarum
1003 2810 1231 2861 miseriae
1258 2822 1445 2862 osten-

373 2883 543 2944 dunt,
597 2885 743 2952 quod
796 2894 1050 2951 perpetua
1098 2884 1155 2935 in
1201 2885 1446 2996 gehenna

372 2955 583 3019 passuri
603 2966 745 3006 sunt.

377 3039 382 3043 ·
442 3038 504 3075 10
540 3026 837 3077 Pani-:urna
862 3041 997 3077 anco
1021 3042 1328 3077 ‘ronanam
1350 3043 1445 3078 Esr

366 3110 702 3149 nmmum.
719 3126 779 3136 -
796 3098 948 3149 Circa
961 3113 1089 3149 suos
1106 3114 1232 3149 vero
1251 3099 1445 3150 Domi—

371 3181 477 3216 nus
514 3168 700 3218 omnia
742 3168 1157 3220 misericorditer
1195 3169 1441 3235 ordinat,

364 3248 424 3288 et
455 3239 522 3288 ad
550 3239 838 3290 utilitatem
871 3255 1058 3291 eorum
1099 3251 1287 3291 cuncta
1322 3242 1441 3292 dis—

371 3321 576 3376 pensat.
598 3311 952 3378 Omniaergo,
973 3313 1055 3362 vel
1070 3313 1225 3377 juste,
1251 3314 1332 3363 vel
1346 3313 1443 3362 mi·

371 3382 725 3434 sericordider
756 3383 899 3444 facit,
936 3386 1019 3434 vel
1038 3383 1149 3435 fieri
1176 3385 1441 3449 permittit

369 3454 639 3505 Dominus
658 3493 670 3515 ,
702 3465 753 3505 et
787 3454 907 3505 ideo
932 3455 986 3505 in
1012 3455 1268 3505 omnibus
1290 3471 1439 3506 sem-

371 3541 464 3592 per
496 3536 578 3577 est
607 3526 922 3578 laudandus.
969 3527 1124 3577 Unde
1168 3529 1440 3593 Augusti-

369 3612 473 3648 nus
500 3615 519 3647 .·
549 3616 576 3644 «
604 3597 740 3647 Vera
766 3596 1008 3648 fidelium
1036 3597 1334 3657 humilitas,
1358 3609 1439 3649 est

371 3669 428 3719 in
469 3670 621 3720 nullo
662 3669 958 3735 superbire,
1002 3670 1057 3721 in
1092 3670 1243 3719 nullo
1282 3686 1437 3720 mur-

370 3755 613 3802 murare,
671 3756 766 3791 nec
809 3741 1079 3808 ingratum
1134 3756 1280 3805 esse,
1343 3757 1440 3793 nec

371 3814 690 3878 querulum;
730 3814 823 3864 sed
855 3814 912 3865 in
942 3814 1200 3865 omnibus
1227 3814 1323 3865 Dei
1346 3815 1437 3880 ju-

369 3883 557 3945 diciis,
588 3885 782 3951 gratias
809 3886 922 3936 Deo
947 3900 1128 3952 agere,
1159 3886 1441 3951 Deumque

368 3953 611 4019 laudare,
636 3957 787 4022 cujus
814 3956 997 4008 omnia
1024 3971 1212 4024 opera,
1231 3965 1322 4007 aut
1351 3957 1441 4022 ju-

1557 460 1643 509 sta
1656 468 1799 518 sunt,
1817 468 1909 510 aut
1923 459 2180 527 benigna:
2201 481 2227 509 n
2250 462 2631 529 haecAugusti·

1562 543 1678 579 nus.
1710 528 1846 579 His
1832 540 2011 597 itaque
2039 532 2406 593 consideratis,
2436 533 2513 584 sic
2539 549 2633 584 cor

1565 610 1722 650 tuum
1750 601 1990 652 stabilire
2018 611 2070 652 et
2096 603 2342 654 ordinare
2377 604 2627 663 studeas,

1565 679 1626 721 ut
1667 670 1724 720 in
1771 671 2208 738 contingentibus
2258 674 2523 734 adversis,
2578 686 2632 726 et

1566 741 2006 810 quibuscumque
2044 745 2400 811 displicentiis
2439 746 2632 797 humi-

1565 811 1721 872 liter,
1763 827 1822 864 ac
1859 813 2147 896 patienter,
2198 826 2249 866 et
2302 817 2535 867 laetanter
2579 827 2635 868 te

1573 881 1803 947 habeas,
1850 893 1902 933 et
1944 883 2000 934 in
2048 883 2134 936 via
2184 885 2407 951 spiritus
2450 886 2522 937 ita
2580 896 2635 938 te

1565 970 1836 1016 exerceas,
1880 966 1941 1007 ut
1975 958 2092 1023 ejus
2118 960 2353 1024 repletus
2392 958 2633 1023 fervore,

1565 1028 1727 1079 etiam
1757 1028 1870 1079 haec
1903 1043 1999 1094 pro
2025 1043 2207 1079 amore
2242 1029 2460 1079 Domini
2503 1030 2644 1103 Jesu-

1565 1107 1811 1179 appetas,
1845 1098 1940 1166 qui
1970 1098 2025 1148 in
2048 1114 2107 1150 se
2137 1110 2188 1150 et
2216 1100 2271 1150 in
2304 1100 2451 1160 suis,
2495 1099 2634 1150 hanc

1565 1168 1732 1219 vitam
1752 1171 2022 1220 excelsam
2032 1170 2206 1221 tenuit
2223 1182 2276 1222 et
2296 1170 2634 1233 monstravit,

1563 1251 1615 1291 et
1668 1242 1976 1308 exemplum
2021 1240 2333 1292 ambulandi
2378 1256 2471 1307 per
2510 1257 2634 1293 eam

1572 1311 1833 1362 omnibus
1869 1312 2108 1380 reliquit.
2155 1312 2361 1363 Patitur
2395 1312 2539 1362 enim
2579 1324 2636 1363 et

1568 1382 1803 1432 sustinet
1835 1392 1896 1433 ut
1926 1383 2079 1434 electi
2108 1392 2161 1434 et
2184 1381 2281 1432 filii
2308 1381 2459 1446 regni
2484 1381 2634 1432 affii-

1568 1461 1760 1517 gantur
1800 1451 1889 1502 hic
1927 1452 1983 1503 in
2027 1452 2270 1503 interiori
2319 1452 2542 1502 homine
2581 1462 2637 1502 et

1567 1524 1841 1576 exteriori.
1875 1525 2012 1575 Nam
2044 1525 2339 1575 secundum
2390 1525 2634 1589 Aposto-

1566 1595 1705 1656 lum,
1753 1597 1846 1663 qui
1884 1603 2050 1648 extra
2093 1596 2435 1662 disciplinam
2476 1601 2631 1657 sunt,

1561 1681 1664 1717 non
1680 1667 1799 1733 filii
1808 1683 1829 1730 ,·
1859 1668 1955 1718 sed
1980 1667 2218 1719 adulteri
2249 1673 2394 1716 sunt.
2444 1666 2510 1717 Et
2539 1679 2638 1715 se—

1561 1738 1802 1788 cundum
1861 1739 2259 1805 Augustinum,
2303 1736 2398 1803 qui
2441 1751 2634 1786 exem-

1565 1819 1689 1875 ptus
1735 1818 1816 1860 est
1854 1825 1885 1860 a
1947 1811 2196 1876 passione
2254 1809 2588 1875 flagellorum
2618 1846 2633 1872 ,

1562 1892 1844 1947 exemptus
1882 1892 1966 1932 est
2001 1897 2031 1932 a
2101 1897 2325 1932 numero
2371 1879 2631 1931 filiorum.

1561 1952 1714 2005 Unde
1749 1964 1801 2004 et
1830 1953 1973 2004 idem
1996 1954 2338 2019 Augustinus
2360 1971 2378 2003 .·
2402 1971 2430 1999 α
2457 1953 2635 2003 Nemo

1566 2023 1671 2074 sibi
1736 2024 2028 2090 promittat,
2057 2025 2223 2090 ‘quod
2279 2023 2631 2088 Evangelium

1572 2109 1681 2143 non
1711 2093 1994 2159 promittit.
2026 2095 2252 2145 Necesse
2268 2104 2349 2144 est
2365 2103 2427 2143 ut
2453 2108 2633 2158 usque

1566 2164 1622 2215 in
1668 2164 1829 2215 finem
1863 2165 1940 2215 sic
1972 2164 2096 2231 fiat,
2156 2165 2295 2215 sicut
2343 2163 2633 2230 Scripturae

1564 2236 1834 2287 dixerunt.
1907 2237 2025 2289 Non
2094 2237 2253 2287 nobis
2306 2236 2635 2301 promittunt

1555 2309 1848 2375 Scripturae
1903 2320 2098 2360 nostrae
2154 2310 2207 2359 in
2253 2308 2356 2359 hoc
2412 2308 2595 2358 seculo
2615 2346 2631 2371 ,

1555 2379 1660 2430 nisi
1694 2379 2082 2440 tribulationes„
2121 2394 2415 2446 pressuras,
2455 2393 2633 2444 angu-

1553 2449 1701 2510 stias,
1732 2461 2017 2517 augmenta
2041 2451 2310 2514 dolorum,
2343 2449 2629 2501 abundan-

1553 2523 1683 2575 tiam
1726 2524 2098 2575 tentationum.
2127 2525 2209 2574 Ad
2238 2524 2338 2574 ista
2364 2522 2633 2589 praecipue

1554 2611 1652 2646 nos
1689 2611 1967 2662 paremus,
2013 2611 2080 2646 ne
2122 2596 2367 2663 imparati
2408 2593 2631 2645 deficia-

1552 2682 1694 2717 mus.
1740 2667 1844 2718 Sed
1897 2667 2186 2734 aliquando
2227 2677 2523 2734 peccatores
2565 2666 2628 2716 in

1552 2740 1651 2790 hac
1681 2739 1809 2801 vita,
1839 2749 1931 2791 aut
1963 2756 2071 2791 non
2088 2780 2103 2801 ‚
2129 2751 2218 2791 aut
2245 2740 2425 2790 minus
2453 2739 2633 2805 flagel-

1554 2810 1752 2875 lantur,
1792 2810 1921 2878 quia
1946 2811 2053 2877 jam
2080 2812 2352 2877 desperata
2390 2817 2471 2859 est
2498 2824 2630 2859 cor-

1551 2881 1715 2932 rectio
1761 2897 1967 2932 eorum.
2005 2884 2076 2932 At
2110 2897 2236 2932 vero
2270 2880 2380 2930 illis
2420 2879 2631 2945 quibus

1547 2962 1760 3018 paratur
1793 2953 1902 3005 vita
1928 2952 2263 3019 sempiterna,
2288 2966 2499 3001 necesse
2546 2959 2632 3001 est

1548 3034 1610 3074 ut
1658 3025 1748 3076 hic
1794 3025 2164 3091 flagellentur:
2196 3022 2335 3082 Quia
2358 3022 2631 3089 flagellat

1548 3111 1751 3149 omnem
1787 3098 1957 3156 filium
1998 3111 2149 3163 quem
2186 3096 2395 3161 recipit,
2424 3095 2478 3145 id
2521 3106 2624 3156 est,

1544 3183 1707 3234 quem
1725 3177 2032 3233 recepturus
2058 3175 2138 3217 est
2183 3166 2239 3216 in
2259 3166 2623 3217 haereditatem

1543 3249 1811 3289 aeternam.
1852 3237 2016 3288 Addit
2038 3251 2258 3299 omnem,
2288 3238 2449 3288 etiam
2479 3236 2625 3288 Uni-

1544 3325 1668 3360 cum
1690 3310 1784 3377 qui
1813 3310 1932 3361 sine
1959 3310 2106 3360 omni
2135 3321 2344 3376 peccato
2375 3321 2472 3361 est.
2508 3309 2618 3369 Qui

1543 3396 1669 3447 ergo
1710 3381 1939 3445 flagellat
1979 3381 2208 3433 Unicum
2235 3380 2352 3430 sine
2374 3390 2620 3446 peccat0,

1546 3454 1813 3520 relinquet
1850 3453 2187 3520 adoptatum,
2236 3453 2332 3520 qui
2369 3463 2451 3505 est
2491 3468 2620 3503 cum

1551 3523 1796 3591 peccato?
1837 3525 2039 3577 Unicus
2070 3523 2186 3575 sine
2235 3534 2462 3591 peccat0,
2507 3539 2619 3573 non

1548 3609 1727 3650 tamen
1758 3597 1876 3648 sine
1905 3597 2135 3663 flage110,
2166 3598 2471 3663 exemplum
2514 3611 2619 3645 no-

1545 3669 1629 3720 bis
1674 3669 1955 3735 proposuit
1995 3668 2049 3719 in
2098 3668 2439 3735 passionibus
2477 3667 2614 3718 suis.

1545 3741 1664 3790 Non
1692 3755 1818 3805 ergo
1857 3740 2159 3791 conturbari
2178 3741 2456 3803 debemus,
2486 3753 2612 3788 cum

1540 3812 1739 3880 aliquis
1784 3823 1997 3865 sanctus
2044 3814 2221 3880 gravia
2291 3823 2343 3863 et
2396 3811 2615 3877 indigna

1543 3884 1866 3951 perpetitur;
1909 3885 2065 3935 obliti
2105 3901 2211 3935 non
2254 3899 2445 3934 sumus
2491 3898 2614 3948 quae

1542 3955 1762 4022 pertulit
1799 3954 1985 4008 Justus
2011 3956 2305 4021 justorum,
2353 3954 2611 4004 Sanctus-
