2784 4452
332 359 439 428 394

329 474 387 529 in
417 478 724 544 expletione
767 476 1146 526 mandatorum
1185 484 1244 524 et
1273 489 1396 539 per-

328 549 569 600 fectione.
615 548 726 607 Qui
754 547 1039 613 signorum
1074 558 1132 596 et
1164 543 1396 594 mirabi—

323 620 463 670 lium
494 618 710 668 indiciis
744 617 957 683 probari
997 618 1129 676 vult,
1155 632 1264 665 non
1293 631 1395 680 po·-

329 700 431 740 test
477 690 675 755 probus
723 687 907 738 videri.
963 687 1087 737 Vita
1139 685 1286 735 enim
1342 693 1399 734 et

328 773 477 813 acms
519 761 694 828 probi,
746 761 907 810 etiam
958 758 1077 809 sine
1121 758 1292 823 signis
1342 767 1395 808 et

329 832 670 883 mirabilibus
690 871 704 892 ,
764 840 1040 881 merentur
1103 843 1394 891 coronam3

327 907 515 972 iniqua
542 917 720 957 autem
757 903 1103 963 conversatio,
1146 903 1310 953 etiam
1345 902 1395 952 si

329 976 484 1042 signa
522 986 573 1027 et
610 975 852 1041 prodigia
892 973 1092 1037 fecerit,
1132 973 1395 1038 supplicia

326 1062 442 1096 non
475 1048 658 1097 evadet
696 1061 708 1094 ε
743 1064 766 1090 »
801 1046 914 1095 haec
953 1044 1395 1112 Chtysostomu&

323 1118 638 1168 Notandum
677 1116 824 1182 quod
868 1115 957 1165 hic
1011 1115 1395 1165 miraculorum

325 1190 564 1255 operatio
586 1228 600 1249 ,
653 1189 978 1254 quandoque
1035 1186 1284 1251 provenit
1330 1200 1398 1235 ex.

325 1262 518 1312 merito
556 1261 856 1311 invocantis
895 1275 1092 1309 nomen
1144 1258 1390 1321 Domini3

326 1334 645 1399 quandoque
689 1346 752 1381 ex
798 1330 994 1380 merito
1041 1330 1189 1379 illius
1232 1344 1394 1394 super

324 1418 484 1469 quem
518 1402 818 1463 invocatus-3
850 1401 1176 1466 quandoque
1206 1414 1302 1449 nec
1329 1414 1395 1448 ex

326 1472 520 1523 merito
559 1472 740 1536 hujus,
770 1486 865 1521 nec
905 1487 970 1521 ex
999 1470 1196 1520 merito
1226 1469 1390 1528 illiue,

323 1543 424 1593 sed
462 1543 533 1591 ob
579 1541 867 1592 utilitatem
904 1540 1290 1599 assistentium,
1332 1548 1395 1589 ut

325 1614 568 1664 videntes
609 1615 729 1675 hoc,
776 1615 949 1663 Deum
1001 1614 1287 1672 honorent,
1340 1622 1395 1661 et

323 1687 382 1736 in
433 1687 710 1736 Christum
770 1685 1010 1746 credant3
1066 1684 1394 1750 quandoque

323 1759 388 1808 ad
416 1758 816 1808 damnationem
846 1757 1145 1806 invocantis
1172 1766 1223 1805 et
1247 1772 1392 1821 prae-

323 1828 576 1888 sentium,
611 1839 672 1878 ut
700 1827 936 1877 videntes
967 1841 1069 1876 non
1103 1826 1322 1876 videant
1340 1836 1394 1876 et

321 1901 562 1950 videntes
636 1899 755 1950 caeci
830 1898 988 1962 fiant3
1066 1899 1395 1965 quandoque

324 1972 485 2022 etiam
522 1972 579 2021 in
622 1971 906 2021 elationem
948 1980 1001 2020 et
1039 1985 1232 2020 vanam
1274 1972 1395 2036 glo-

323 2042 460 2093 riam
493 2044 718 2103 extollit,
749 2044 834 2093 vel
869 2042 1049 2108 aliquo
1082 2043 1189 2091 alio
1229 2043 1392 2091 modo

323 2114 553 2176 facienti,
608 2122 779 2163 nocet,
829 2114 952 2162 Non
986 2112 1204 2162 mireris
1243 2128 1388 2178 ergo,

322 2184 370 2236 si
390 2185 713 2251 quandoque
734 2183 907 2250 iniqui
936 2183 1275 2249 prophetant,
1300 2193 1392 2234 aut

320 2260 578 2308 miracula
596 2258 820 2321 faciunt3
845 2257 976 2324 quia
1001 2257 1115 2307 istae
1138 2269 1263 2308 sunt
1282 2273 1394 2323 gra-

319 2328 412 2378 tiae
465 2329 560 2377 Dei
608 2328 774 2393 gratis
822 2329 974 2387 datae,
1028 2343 1148 2394 quae
1196 2328 1394 2378 dantur

320 2398 685 2464 principaliter
712 2399 776 2447 ad
807 2414 1152 2448 communem
1179 2399 1392 2449 utilita-

321 2480 433 2519 tem
475 2469 735 2532 Ecclesiae,
767 2478 824 2517 et
852 2483 970 2518 raro
1006 2470 1072 2518 ad
1098 2469 1389 2519 utilitatem

314 2537 611 2602 singularis
639 2552 904 2602 personae3
930 2547 980 2588 et
1004 2538 1123 2588 ideo
1150 2538 1390 2605 aliquan-

320 2611 393 2660 do
421 2625 517 2674 per
540 2611 710 2659 malos
740 2609 994 2659 homines
1021 2626 1054 2660 a
1089 2612 1204 2660 Deo
1229 2611 1390 2661 nobis

322 2683 544 2742 dantur,
588 2683 653 2732 ad
704 2682 1098 2732 invocationem
1151 2683 1389 2733 nominis

323 2752 547 2812 Christi,
588 2768 696 2802 non
746 2763 961 2818 propter
999 2753 1191 2803 merita
1226 2753 1386 2803 invo-

312 2824 580 2884 cantium,
610 2825 704 2874 sed
730 2826 796 2874 ad
824 2825 1236 2875 dechrationem
1272 2826 1386 2875 vir-

320 2896 452 2947 tutis
507 2896 708 2947 Christi
729 2935 743 2956 ,
809 2906 862 2947 et
923 2896 1385 2947 confirmationem

317 2966 461 3026 fidei,
488 2965 611 3015 licet
635 2966 736 3031 ipsi
769 2966 1077 3016 invocantes
1101 2966 1211 3017 sint
1239 2968 1384 3018 mali.

317 3038 470 3088 Sicut
517 3037 660 3087 bona
709 3037 1053 3103 eleemosyna
1095 3038 1386 3105 aliquando

318 3108 475 3158 datur
532 3123 564 3158 a
617 3109 760 3157 bono
812 3108 1061 3168 domino,
1122 3109 1388 3159 mediante

319 3181 464 3229 malo
495 3194 669 3230 servo·
701 3178 914 3228 Bonum
943 3194 1071 3244 ergo
1103 3189 1383 3241 sectemur,

317 3253 526 3302 malum·
566 3266 729 3301 omne
763 3250 1009 3311 vitemus,
1045 3262 1265 3317 totoque
1301 3251 1385 3302 af-

313 3322 458 3373 fectu
482 3322 758 3388 praeceptis
784 3322 1096 3372 coelestibus
1114 3323 1387 3388 obtempe-

317 3406 529 3453 remus,
572 3408 635 3443 ac
686 3392 886 3442 talibus
935 3391 1132 3441 officiis
1184 3392 1385 3458 cogniti

317 3462 414 3513 Dei
446 3463 642 3525 simut-‚3
676 3473 999 3528 agentesque
1031 3462 1211 3526 potius
1239 3462 1389 3528 quod

314 3536 450 3596 vult,
484 3550 647 3601 quam
673 3535 820 3600 quod
849 3543 1041 3600 potest,
1070 3534 1384 3598 gloriemur.

379 3621 416 3673 9
461 3607 700 3654 Auoms
761 3619 978 3654 mmm
1046 3605 1244 3653 Douma
1305 3619 1386 3654 st-

315 3691 533 3735 xuzomz
571 3692 788 3726 nereus
821 3692 948 3726 vnto
977 3690 1217 3726 sumn-rr
1248 3690 1385 3725 cour-

313 3763 577 3800 rmrun.
606 3776 672 3786 —2
699 3747 771 3797 Et
819 3748 948 3814 quia
992 3747 1264 3798 Dominus
1295 3763 1387 3798 re-

313 3818 465 3883 pellit
485 3819 668 3883 ipsum
688 3817 1005 3868 confitentes
1024 3834 1136 3882 ore,
1156 3829 1210 3868 et
1228 3834 1388 3884 opere

315 3890 513 3953 Legem
540 3904 696 3939 suam
721 3905 828 3939 non
846 3889 1149 3954 implentes,
1175 3891 1389 3941 conclu·

314 3957 400 4008 dit
442 3957 790 4009 inutilitatem
841 3958 1087 4022 mtditus,
1131 3960 1228 4011 ubi
1279 3976 1388 4011 non

973 352 1211 405 PRIMAE
1245 348 1494 401 PARTrs
1526 348 1765 400 CAPUT
1793 347 1905 398 XL.

1498 461 1749 528 sequitur
1781 476 1948 527 opus,
1983 470 2037 510 et
2076 461 2333 510 admonet
2377 473 2483 509 nos
2518 472 2583 514 ut

1501 533 1707 583 Christi
1765 531 2065 582 doctrinam
2131 546 2290 595 opere
2346 530 2580 595 implem-

1501 618 1644 664 mus,
1690 618 1758 653 ne
1794 618 1919 653 cum
1964 603 2222 668 operariis
2268 601 2581 667 iniquitatis

1499 675 1575 725 ab
1600 691 1664 725 eo
1704 675 2060 734 discedamus,
2090 675 2218 740 quia
2247 674 2463 724 inutilis
2497 685 2582 725 &st

1501 748 1665 813 Legis
1692 748 1915 808 auditio,
1956 747 2061 797 nisi
2102 758 2365 813 sequatur
2397 746 2581 813 operis

1500 819 1761 885 impletio.
1790 820 1949 870 Unde
1971 818 2239 868 concludit
2267 828 2446 868 totum
2473 832 2580 868 ser—

1500 906 1738 951 monem,
1775 892 1926 956 cujus
1953 890 2228 939 conclusio
2265 905 2431 956 quam
2465 899 2582 939 ter—

1501 964 1732 1014 ribiliter
1777 964 2056 1023 inferatur,
2102 964 2259 1013 valde
2295 963 2583 1013 attenden-

1499 1034 1630 1084 dum
1663 1045 1762 1084 est.
1803 1035 1991 1084 Omnis
2013 1049 2165 1100 erg-o,
2197 1034 2394 1100 inquit,
2431 1034 2583 1083 nullo

1499 1107 1734 1166 excluso,
1789 1105 1883 1171 qui
1933 1105 2105 1168 audit,
2156 1120 2286 1154 aure
2336 1104 2584 1156 interiori

1500 1175 1869 1240 intelligendo,
1904 1176 2067 1225 uerba
2118 1189 2235 1225 mea
2278 1175 2418 1238 kaec,
2464 1189 2586 1241 quae

1499 1246 1714 1295 locutus
1746 1256 1870 1296 sum
1908 1245 1965 1294 in
2008 1255 2210 1311 aperte),
2251 1245 2475 1310 etfacit
2499 1258 2584 1306 ea,

1499 1316 1688 1365 affectu
1724 1315 1976 1379 caritatis,
2022 1331 2185 1381 opere
2216 1315 2586 1381 adimplendo,

1498 1386 1899 1436 assimilabitur
1936 1387 2052 1436 viro
2098 1386 2351 1452 sapienti,
2389 1387 2501 1437 sibi
2535 1386 2589 1436 in

1500 1458 1745 1508 futurum
1792 1459 2125 1524 providenti,
2165 1460 2255 1523 qui
2294 1459 2591 1525 oedtficavit

1499 1530 1712 1580 domum
1737 1544 1918 1591 suam,
1951 1530 2005 1578 id
2032 1539 2112 1579 est
2147 1530 2417 1579 bonorum
2452 1545 2587 1596 ope-

1499 1617 1621 1651 rum
1649 1601 2136 1661 constructionem,
2166 1616 2332 1668 snpra
2346 1608 2582 1667 petram,

1498 1674 1553 1723 id
1586 1683 1667 1723 est
1710 1673 2023 1733 Christum,
2058 1674 2245 1722 omnia
2288 1688 2452 1738 opera
2487 1689 2583 1724 sm

1502 1745 1713 1796 faciens
1758 1756 1979 1812 propter
2022 1747 2231 1811 ipsum;
2265 1746 2388 1796 talis
2431 1747 2582 1796 enim

1499 1816 1627 1866 facit
1659 1831 1819 1882 opera
1860 1818 2003 1866 bone
2036 1817 2104 1866 de
2138 1832 2334 1882 genere
2361 1827 2415 1867 et
2444 1827 2585 1867 recta

1497 1887 1814 1948 intentione,
1844 1903 1970 1954 quae
1998 1888 2109 1937 duo
2139 1889 2493 1953 requiruntur
2519 1888 2585 1938 ad

1496 1957 1872 2023 impletionem
1906 1958 2065 2023 Legis
2092 1958 2426 2025 evangelicae,
2457 1960 2579 2008 Non

1497 2028 1646 2077 enim
1673 2028 1909 2094 quisque
1938 2028 2116 2078 firmat
2146 2045 2266 2094 quae
2305 2029 2458 2079 audit
2497 2030 2579 2081 vel

1497 2099 1739 2164 percipit,
1768 2099 1886 2149 ‘nisi
1926 2098 2171 2150 faciendo
2194 2109 2250 2148 et
2285 2115 2450 2164 opere
2480 2101 2581 2150 im-

1497 2170 1717 2235 plendo,
1754 2171 1820 2220 Et
1853 2169 1981 2236 quia
2002 2176 2163 2236 petra
2191 2176 2275 2220 est
2301 2170 2433 2220 Chri
2445 2180 2577 2233 stuss,

1496 2242 1591 2292 ille
1636 2241 1694 2291 ‘ut
1746 2243 1969 2293 Christo
2007 2241 2248 2302 aediflcat,
2291 2243 2386 2308 qui
2430 2245 2580 2309 quod

1494 2318 1563 2366 ab
1597 2316 1690 2366 ino
1729 2317 1896 2380 audit,
1928 2317 2073 2367 facit.
2115 2318 2411 2368 Descendit
2443 2319 2578 2383 pln-

1494 2390 1601 2452 νία,
1634 2390 1689 2439 id
1718 2399 1801 2440 est
1827 2390 2050 2440 tentatio
2087 2391 2313 2441 carnalis
2337 2392 2577 2442 lasciviae

1494 2473 1546 2512 et
1579 2463 2051 2529 concupiscentiae3
2097 2461 2356 2513 venerunt
2380 2464 2577 2529 flumi-

1494 2547 1581 2592 na,
1629 2534 1915 2584 mundanae
1953 2533 2263 2599 cupiditatis
2299 2544 2352 2583 et
2393 2535 2578 2584 avari-

1493 2604 1611 2666 τῖες
1623 2604 1900 2669 flaverunt
1922 2605 2080 2667 venti,
2116 2604 2393 2654 diabolicae
2420 2596 2577 2654 vani-

1491 2676 1617 2726 tatis
1645 2687 1697 2726 et
1736 2676 2019 2741 superbiae‚
2055 2683 2110 2727 et
2146 2677 2449 2741 irruerunt,
2481 2692 2578 2743 per

1495 2749 1951 2814 impetuositatem
1995 2759 2051 2799 et
2105 2750 2575 2815 importunitatem

1493 2821 1888 2881 tentationum,
1931 2822 1989 2872 in
2023 2823 2231 2872 domum
2283 2823 2466 2883 illam,
2517 2822 2574 2872 id

1490 2904 1571 2944 est
1609 2894 1897 2945 aedificium
1934 2895 2197 2944 virtutum
2244 2895 2303 2944 in
2352 2895 2573 2945 Christo

1491 2976 1885 3028 constructum3
1946 2965 2040 3015 sed
2108 2980 2217 3014 non
2287 2965 2576 3015 diruerunt

1491 3051 1628 3096 eam,
1658 3050 1755 3087 nec
1782 3036 1991 3098 cecidit,
2023 3052 2054 3086 a
2087 3036 2381 3086 stabilitate
2406 3036 2573 3088 virtu·

1490 3107 1561 3156 tis
1586 3107 1984 3157 succumbendo
2020 3106 2411 3157 tentationibus
2428 3107 2570 3168 istis,

1479 3177 1724 3243 fraudata
1752 3178 1889 3227 enim
1913 3183 2050 3240 erat,
2087 3176 2338 3238 finaliter,
2371 3177 2567 3229 radica-

1491 3250 1643 3313 liter,
1699 3260 1755 3300 et
1801 3261 2198 3315 perseveranter
2245 3265 2345 3315 per
2382 3249 2568 3313 fidem,

1489 3336 1659 3386 spem,
1692 3332 1746 3371 et
1797 3320 2097 3382 carimtem,
2146 3336 2317 3386 supra
2339 3322 2572 3387 firmam

1482 3398 1697 3458 petram
1750 3401 1803 3441 et
1857 3390 2110 3455 solidam,
2151 3392 2354 3442 scilicet
2401 3392 2572 3443 Chri-

1492 3471 1671 3522 stum3
1723 3476 1839 3511 non
1893 3461 1952 3510 in
2006 3461 2248 3511 terrenis.
2302 3462 2572 3527 Tangitur

1491 3549 1623 3599 ergo
1650 3535 1745 3584 hic
1774 3534 1973 3600 triplex
1999 3535 2363 3585 tentationum
2405 3536 2571 3587 diffo-

1493 3605 1679 3669 rentia‚
1713 3606 1770 3655 in
1806 3620 1915 3671 qua
1950 3604 2319 3671 significantur
2345 3616 2400 3656 et
2429 3622 2569 3657 con-

1492 3676 1690 3727 sistunt
1726 3676 1911 3726 omnia
1952 3677 2309 3726 tentationum
2348 3691 2567 3742 genera.

1494 3751 1677 3800 Potest
1721 3751 1884 3800 etiam
1929 3751 2056 3810 dici,
2113 3751 2263 3817 quod
2311 3751 2567 3816 quaedam

1493 3831 1617 3872 sunt
1645 3820 1964 3872 tentationes
1984 3822 2281 3887 voluptatis
2295 3833 2348 3872 et
2376 3838 2568 3874 concu-

1491 3891 1765 3956 piscentiae
1791 3891 2036 3952 carnalis,
2060 3907 2181 3957 quae
2210 3892 2568 3957 designantur

1495 3963 1553 4012 in
1594 3962 1802 4028 pluvia,
1850 3977 1976 4028 quae
2026 3962 2276 4028 guttatim
2317 3963 2467 4016 cadit
2513 3974 2568 4016 et
