2784 4452
362 291 723 343 SERMONIS
757 291 826 341 IN
862 289 1123 342 MONTE
1153 288 1652 341 CONTINUATIO
1686 306 1702 339 z
1734 288 1829 339 DE
1860 289 2076 340 ORAT.
2111 290 2284 341 DOM.

227 418 286 460 ut
305 408 502 459 fiducia
521 408 629 458 cito
655 405 978 473 impetrandi
1001 405 1299 468 tribuatur;

224 480 481 546 septima,
537 487 602 528 ut
653 478 710 528 in
754 477 1040 527 devotione
1083 475 1300 533 mentiS,

223 568 337 603 non
389 551 447 601 in
503 548 952 615 multiplicatione
992 548 1300 602 verborum,

223 623 398 674 virtus
461 620 722 671 orationis
789 635 907 671 esse
973 619 1301 671 ostendatur.

221 696 429 747 Omnes
440 710 566 745 vero
582 693 989 760 petitione5,sub
1002 691 1303 759 septenario

224 781 452 818 numero
475 763 967 830 comprehenditur,
991 763 1119 831 quia
1134 771 1304 829 septe-

224 837 413 889 narius
435 843 515 886 est
535 850 796 886 numerus
818 832 1189 886 universitatis
1208 848 1223 894 ;
1249 841 1303 882 at

223 906 548 959 universitas
583 906 834 956 omnium
864 914 1003 956 recte
1031 903 1301 953 desidera-

221 979 420 1030 bilium
451 978 509 1027 in
534 977 624 1027 his
652 975 1127 1044 comprehenditur
1158 972 1301 1039 peti-

219 1050 460 1101 tionibus
488 1049 646 1100 :ideo
695 1046 1081 1098 rationabiliter
1110 1059 1301 1095 omnes

223 1120 513 1186 petitiones
558 1119 662 1168 sub
701 1115 1005 1184 septenario
1040 1123 1121 1174 est
1148 1127 1302 1164 com-

223 1195 431 1261 plexus.

288 1280 319 1313 2
348 1263 486 1313 Esus
536 1277 844 1325 ratumne,
893 1276 1008 1319 Qua
1064 1274 1301 1310 mavo-

220 1350 456 1386 uznrtm
512 1334 616 1384 Dm
674 1347 948 1382 captanus
991 1346 1103 1380 mm
1138 1336 1302 1381 noin—

221 1423 399 1460 nANno
441 1408 678 1458 Pirum.
708 1434 770 1444 —
797 1406 971 1456 Habet
1017 1420 1147 1471 ergo
1186 1404 1300 1454 haec

222 1480 396 1532 oratio
431 1480 718 1531 Dominica
754 1488 872 1530 octo
895 1487 1086 1545 partes,
1119 1476 1302 1528 Prima

223 1564 308 1603 ὥς
387 1551 614 1617 captatio
672 1550 1086 1614 benevolentiae,
1137 1564 1301 1616 quam

221 1632 528 1689 sequuntur
588 1631 791 1688 septem
844 1620 1147 1687 petitiones·
1210 1620 1304 1671 Ga·

222 1703 405 1761 ptatur
418 1703 597 1743 autem
611 1690 979 1743 benevolentia
1006 1690 1300 1757 tripliciter,

222 1782 288 1819 ex
336 1775 483 1833 parte
523 1764 726 1831 rogati,
775 1764 903 1830 quia
931 1764 1119 1826 Pater,
1150 1764 1303 1828 cujus

220 1835 323 1887 filii
342 1851 534 1887 sumus
557 1851 652 1902 per
681 1835 883 1899 fidem3
923 1850 990 1885 ex
1026 1844 1173 1900 parte
1209 1849 1301 1884 ro-

221 1909 501 1978 gantium,
538 1908 667 1975 quia
711 1914 916 1971 noster,
961 1906 1119 1957 nobis
1147 1906 1302 1956 datus

222 1996 321 2050 per
343 1981 685 2043 charitatem3
722 1996 786 2030 ex
804 1989 952 2046 parte
969 1993 1300 2029 assessorum

222 2052 417 2119 rogati,
455 2052 587 2118 quia
632 2052 685 2101 in
720 2051 870 2101 coelis
905 2060 1003 2111 est,
1038 2050 1094 2099 id
1130 2059 1212 2099 est
1245 2049 1299 2098 in

221 2124 463 2188 Sanctis,
510 2140 744 2191 quorum
792 2122 993 2173 auxilio
1040 2121 1302 2188 erigimur

221 2210 319 2263 per
389 2210 561 2262 spem.
628 2194 884 2246 Dicamus
937 2208 1064 2260 ergo
1106 2208 1123 2244 z
1177 2193 1297 2243 Pa-

226 2276 324 2332 ter,
386 2269 445 2319 in
502 2285 667 2336 quem
722 2268 992 2319 credimus
1013 2306 1028 2329 ,
1087 2273 1293 2329 noster,

224 2356 391 2407 quem
427 2339 728 2406 diligimus,
760 2339 853 2405 qui
870 2353 929 2389 es
959 2339 1015 2389 in
1038 2338 1206 2401 coelss,
1232 2338 1298 2387 de

223 2411 426 2478 quibus
482 2425 801 2476 speramus;
852 2410 968 2461 haec
1000 2410 1149 2460 enim
1194 2409 1297 2460 tria

224 2481 431 2533 faciunt
449 2481 747 2532 orationem
779 2480 1020 2547 dignam,
1045 2480 1249 2531 scilicet
1279 2486 1313 2532 :'

225 2561 409 2603 motus
427 2549 573 2612 fidei,
612 2550 903 2610 charitatis,
926 2560 980 2600 et
1012 2550 1147 2616 spei.
1177 2551 1296 2616 Ipse

225 2623 451 2689 quidem
517 2623 785 2673 Dominus
854 2622 1056 2673 dicitur
1124 2623 1296 2673 Pater

222 2703 406 2748 noster
429 2695 712 2763 tripliciter
728 2734 742 2757 ,
778 2696 1072 2746 secundum
1098 2695 1294 2762 triplex

223 2781 342 2817 esse
373 2767 521 2834 quod
561 2767 630 2817 ab
665 2782 728 2817 eo
760 2764 1064 2832 accepimus
1088 2804 1103 2830 ,
1145 2765 1294 2816 scili-

223 2847 307 2889 oet
334 2855 349 2888 ε
385 2847 606 2898 naturae,
645 2837 827 2904 gratiae
861 2846 916 2887 et
943 2833 1296 2904 gloriae.Esse

223 2920 425 2961 naturae
476 2910 626 2960 dedit
679 2909 839 2960 nobis
885 2910 942 2960 in
996 2910 1291 2974 creatione3

223 2996 344 3033 esse
371 2981 575 3048 gratiae,
623 2981 682 3030 in
711 2981 1059 3044 recreatione,
1088 2996 1183 3031 seu
1204 2997 1295 3032 re-

223 3051 563 3118 demptione3
595 3061 650 3102 et
667 3066 784 3102 esse
818 3051 1023 3117 gloriae,
1053 3050 1109 3100 in
1141 3053 1293 3118 regni

223 3121 598 3174 comitatione.
654 3123 863 3172 Dicitur
944 3138 1073 3189 ergo
1144 3123 1295 3173 Pater

223 3194 478 3245 omnium
499 3194 817 3260 generaliter
848 3194 1056 3245 ratione
1072 3193 1294 3244 creatio-

223 3267 313 3317 nis
326 3281 343 3330 3
372 3267 463 3316 sed
481 3265 725 3317 fidelium
744 3266 1062 3333 specialiter,
1088 3266 1295 3317 ratione

220 3335 548 3403 adoptionis·
604 3338 836 3389 Nomine
889 3346 1070 3388 autern
1119 3337 1293 3388 Patris

222 3408 549 3476 intelligitur
576 3410 667 3460 hic
707 3420 817 3462 tota
852 3411 1109 3475 Trinitas,
1140 3409 1293 3460 scili-

222 3492 307 3533 cet
330 3483 499 3544 Pater,
525 3482 718 3547 Filius,
735 3493 787 3535 et
800 3484 1032 3550 Spiritus
1046 3485 1289 3535 Sanctus.

223 3553 275 3604 0
302 3563 503 3619 quanta
530 3553 729 3605 fiducia
751 3564 803 3604 et
833 3553 1099 3606 fiducialis
1122 3555 1292 3604 auda-

223 3623 323 3685 cia,
344 3626 491 3690 quod
516 3624 719 3675 factura
738 3625 1032 3687 Factorem,
1054 3634 1293 3676 creatura

197 3754 200 3755 ⁷
228 3692 531 3745 Creatorem
550 3734 566 3756 ,
621 3695 790 3746 homo
846 3695 1020 3746 Deum
1076 3696 1289 3748 Patrem

224 3760 418 3818 audeat
466 3781 776 3832 nuncupare
792 3765 814 3817 l·
865 3767 1002 3826 Quis
1045 3781 1289 3833 unquam

226 3846 392 3882 ausus
421 3848 501 3884 est
536 3839 593 3890 in
625 3839 788 3891 veteri
827 3839 968 3907 Lege
994 3839 1122 3890 talia
1148 3853 1289 3905 prae-

227 3906 487 3958 sumere?.
507 3907 679 3962 Nemo
700 3951 713 3975 ,
753 3911 963 3979 utique.
1007 3911 1169 3974 Quia,
1203 3925 1290 3962 se-

2366 290 2464 342 351

1407 404 1647 455 cundum
1677 404 1947 469 Glossam,
1969 406 2112 458 Deus
2140 408 2395 475 antiquis,
2410 418 2473 460 ut

1410 474 1596 536 servis,
1641 474 1918 526 dicebatur
1973 477 2272 541 Dominus;
2329 495 2473 529 nunc

1408 547 1605 598 dicitur
1636 548 1809 610 Pater,
1845 549 1932 599 cui
1963 566 2073 600 non
2118 551 2329 612 timore,
2378 552 2472 602 sed

1406 634 1606 680 amore,
1633 620 1915 671 servimus.
1946 621 2100 671 Unde
2119 632 2172 672 et
2199 623 2473 689 Augusti-

1408 705 1509 740 nus
1532 706 1550 739 .·
1580 710 1609 738 «
1646 692 1935 759 Nunquam
1965 692 2234 744 invenitur
2267 709 2471 760 praece-

1407 774 1561 829 ptum
1585 766 1786 831 populo
1805 766 1965 816 Israel
1993 776 2054 817 ut
2071 767 2267 818 diceret
2296 769 2469 819 Pater

1406 842 1616 899 noster,
1652 837 1745 888 sed
1787 847 1869 888 est
1908 837 1987 887 eis
2013 838 2314 889 insinuatus
2345 849 2469 890 tan-—

1408 923 1572 973 quam
1592 908 1862 959 Dominus
1886 909 2070 961 serviS.
2102 910 2214 960 Nos
2235 925 2360 961 vero
2375 926 2470 977 per

1406 979 1730 1045 sanguinem
1789 980 2009 1031 Domini
2057 982 2184 1032 Jesu
2232 981 2331 1031 filii
2373 981 2472 1032 ad·-

1406 1050 1645 1115 optionis
1683 1050 1871 1115 effecti,
1905 1051 2233 1103 confidenter
2269 1054 2470 1104 clama-

1409 1137 1576 1171 mus:
1611 1122 1758 1174 Abba
1791 1123 1980 1174 Pater.
2020 1142 2049 1171 n
2093 1124 2162 1173 Et
2213 1124 2408 1174 iterum
2452 1140 2468 1173 ε

1406 1213 1434 1242 α
1461 1195 1583 1255 Quo
1613 1195 1837 1246 nomine
1858 1206 1910 1247 et
1928 1198 2159 1249 charitas
2184 1198 2470 1261 excitatur3

1406 1266 1538 1334 quid
1569 1267 1717 1317 enim
1747 1267 1964 1318 charius
2009 1268 2138 1319 filiis
2166 1284 2283 1319 esse
2314 1269 2472 1321 debet

1408 1354 1573 1406 quam
1601 1338 1784 1405 pater?
1831 1339 1906 1389 Et
1950 1342 2179 1406 supplex
2221 1340 2470 1402 affectus,

1406 1426 1530 1461 cum
1550 1409 1798 1460 homines
1825 1410 2015 1461 dicunt
2036 1427 2051 1460 ε
2079 1412 2252 1462 Pater
2272 1418 2470 1475 noster,

1408 1492 1461 1534 et
1485 1484 1735 1549 quaedam
1764 1483 2116 1550 praesumptio
2149 1484 2474 1550 impetrandi

1407 1570 1530 1621 quae
1578 1555 1797 1620 petituri
1846 1571 2062 1619 sumus;
2127 1556 2261 1622 quid
2324 1556 2472 1607 enim

1410 1641 1521 1676 non
1554 1626 1644 1676 det
1673 1626 1780 1692 jam
1813 1625 1941 1677 filiis
1979 1627 2302 1693 petentibus,
2349 1643 2473 1678 cum

1407 1699 1512 1749 hoc
1538 1697 1654 1764 ipse
1681 1709 1806 1750 ante
1832 1700 2055 1759 dederit,
2068 1709 2128 1749 ut
2142 1698 2240 1750 filii
2261 1699 2471 1750 essent?

1411 1772 1687 1821 Postremo
1714 1780 1917 1837 quanta
1943 1786 2069 1821 cura
2088 1770 2333 1821 animum
2362 1780 2474 1836 tanf

1407 1841 1519 1907 git,
1556 1851 1620 1892 ut
1663 1842 1777 1908 qui‘
1801 1841 1933 1892 dicit
1975 1858 1991 1891 ε
2045 1841 2218 1892 Pater
2253 1848 2467 1904 noster,

1405 1922 1553 1963 tanto
1594 1913 1745 1963 Patre
1778 1928 1889 1962 non
1917 1912 1988 1962 sit
2033 1911 2319 1977 indignus!
2353 1912 2471 1962 Ad-

1407 1993 1698 2034 monentur
1721 1982 1812 2033 hic
1838 1984 2001 2033 etiam
2038 1982 2248 2042 divites,
2270 1981 2352 2032 vel
2372 1998 2471 2047 ge·-

1404 2069 1529 2104 nere
1583 2053 1795 2104 nobiles
1835 2053 2132 2103 secundum
2191 2053 2432 2103 seculum
2456 2091 2470 2113 ,

1405 2124 1531 2177 cum'
1579 2125 1871 2177 Christiani
1912 2125 2035 2176 facti
2092 2124 2318 2186 fuerint,
2359 2140 2470 2175 non

1402 2197 1683 2264 superbire
1703 2197 1956 2249 adversus
1980 2211 2239 2264 pauperes
2257 2205 2309 2248 et
2323 2195 2473 2262 igno-

1403 2269 1557 2330 biles,
1590 2267 1849 2333 quoniam
1870 2268 2034 2318 simul
2060 2267 2246 2317 dicunt
2265 2284 2278 2316 :
2298 2267 2472 2318 Pater

1402 2348 1613 2404 noster,
1645 2341 1791 2408 quod
1840 2357 1953 2391 non
1991 2351 2218 2407 possunt
2244 2355 2369 2391 vere
2409 2356 2469 2391 ac

1401 2413 1491 2480 pie
1519 2414 1712 2476 dicere,
1742 2412 1849 2464 nisi
1885 2429 1944 2465 se
1983 2413 2174 2464 fratres
2215 2428 2332 2463 esse
2373 2429 2468 2464 co-

1402 2496 1665 2552 gnoscant
1691 2503 1768 2536 22»
1797 2486 1914 2536 haec
1929 2486 2289 2553 Augustinus·
2310 2485 2469 2536 Unde

1401 2566 1454 2607 et
1513 2557 1940 2624 Chrysostomus
1971 2574 1990 2607 .-
2024 2575 2053 2604 κ
2095 2557 2312 2617 Quanta
2354 2556 2468 2606 Do·-

1400 2627 1537 2677 mini
1570 2627 1710 2678 circa
1739 2643 1840 2679 nos
1871 2626 2106 2688 dilectio,
2142 2638 2338 2694 quanta
2355 2627 2468 2677 mi-
2541 2674 2545 2679 .

1400 2699 1689 2750 sericordia
1726 2700 1840 2765 ejus
1872 2709 1929 2750 et
1955 2699 2142 2764 pietas,
2163 2715 2285 2765 quae
2309 2698 2468 2750 nobis

1398 2779 1562 2820 tantae
1614 2768 1799 2835 gratiae
1836 2783 2042 2818 munus
2090 2768 2349 2832 indulsit,
2401 2778 2469 2819 ut

1398 2840 1620 2891 licenter
1674 2839 1974 2890 Dominum
2026 2854 2087 2888 ac
2141 2839 2315 2888 Deum
2363 2854 2466 2889 no-

1399 2920 1570 2961 strum
1625 2909 1765 2962 servi
1814 2911 2024 2960 Patrem
2072 2908 2249 2959 dicere
2280 2909 2467 2959 audea-

1400 2981 1553 3032 mus!
1584 2982 1710 3042 Quo
1724 2980 1983 3047 vocabulo
2002 2994 2114 3029 non
2126 2979 2233 3045 jam
2252 2988 2466 3029 tantum

1399 3067 1600 3110 servos,
1634 3052 1728 3101 sed
1757 3050 1921 3101 etiam
1949 3049 2094 3100 filios
2119 3049 2219 3100 Dei
2238 3063 2354 3098 esse
2375 3048 2468 3099 de-

1400 3131 1683 3182 monstrat,
1722 3121 1853 3187 quia
1896 3137 2033 3189 ergo·
2066 3120 2202 3172 tanti
2228 3118 2468 3170 muneris

1398 3192 1623 3258 gratiam
1649 3191 1930 3251 consecuti
1962 3207 2172 3251 sumus,
2192 3188 2346 3256 quasi
2365 3187 2465 3239 filii

1398 3266 1497 3318 Dei
1542 3276 1701 3332 a’gere
1754 3275 1807 3317 et
1844 3266 2151 3318 conversari
2186 3265 2462 3323 debemus,

1399 3346 1461 3387 ut
1484 3336 1540 3385 id
1568 3351 1667 3386 nos
1692 3351 1813 3388 esse
1846 3338 1993 3405 quod
2023 3336 2271 3394 dicimur,
2313 3332 2468 3398 spiri-

1399 3407 1532 3458 tuali
1549 3416 1672 3458 actu
1697 3409 2015 3473 probemus;
2045 3421 2113 3456 ne
2139 3405 2291 3455 aliter
2311 3419 2467 3470 agen-

1398 3488 1479 3530 tes
1498 3493 1663 3545 quam
1682 3479 1780 3530 Dei
1801 3479 1946 3531 filios
1973 3476 2240 3537 convenit,
2261 3476 2335 3525 rei
2361 3474 2464 3526 sub

1396 3551 1748 3617 usurpatione
1763 3551 1896 3602 tanti
1912 3549 2151 3600 nominis
2169 3558 2463 3598 teneamur.

1397 3623 1566 3674 Docet
1590 3633 1771 3674 autem
1814 3631 1869 3673 et
1891 3621 2191 3688 generalem
2227 3636 2325 3686 pro
2360 3618 2465 3669 fra-

1395 3696 1572 3747 tribus
1597 3697 1766 3748 facere
1793 3695 2121 3758 orationem3
2173 3710 2283 3745 non
2311 3691 2461 3743 enim

1395 3768 1542 3832 dicit,
1570 3770 1723 3818 Pater
1742 3782 1915 3827 meus,
1941 3767 2035 3817 sed
2062 3767 2236 3817 Pater
2258 3770 2459 3827 noster,

1395 3849 1459 3889 ut
1494 3855 1592 3906 pro
1621 3839 1918 3901 communi,
1966 3838 2172 3888 scilicet
2217 3849 2468 3902 corpore,

1396 3925 1609 3976 precem
1647 3909 1857 3973 fundas,
1889 3919 1942 3962 et
1963 3909 2171 3976 ubique
2207 3923 2318 3959 non
2349 3916 2460 3959 tam
