2784 4452
486 263 581 313 DE
615 261 833 312 PRIMA
865 254 1253 311 EJECTIONE
1279 252 1753 307 VENDENTIUM
1784 254 1881 306 DE
1909 254 2216 308 TEMPLO.

246 379 424 446 dente,
452 394 550 447 per
568 379 713 446 quod
734 376 1021 429 tollebatur
1036 381 1311 442 peccatum

245 453 528 521 originale.
1208 454 1214 460 ·

314 537 379 575 ro
414 524 575 573 ipsun
600 534 730 571 πει
759 530 1013 570 insnum·
1034 529 1104 567 mr
1123 528 1313 565 urs-rt·

246 609 338 648 nto
365 607 714 647 smcrxssnnss
745 592 1081 642 Tmmurrs.
1099 612 1162 626 --
1187 586 1314 637 Ideo

246 665 407 719 etiam
434 666 539 715 hoc
570 662 906 729 evangelium
931 658 992 710 in
1018 659 1154 710 fato
1185 657 1312 708 Tri-

248 736 437 789 nitatis
459 735 672 801 legitur,
722 731 852 799 quia
873 731 939 788 ¹in
965 744 1031 781 eo
1061 727 1316 796 quaeiibet
1355 749 1358 750 ⁷

247 823 599 877 personarum
626 813 803 870 aperte
815 801 1152 869 exprimitur.
1175 799 1312 849 Nam

248 896 473 948 persona
513 878 638 929 Filii
691 887 770 927 est
796 914 811 937 ,
866 890 992 942 quae
1039 871 1309 939 loquitur3

247 968 479 1021 persona
509 950 677 1000 Patris
704 946 1041 1015 exprimitur,
1068 960 1196 996 cum
1226 943 1313 993 di-

248 1024 388 1075 citur
413 1039 427 1073 ι
454 1022 668 1073 Scimus
696 1020 820 1086 quia
864 1033 901 1069 a
941 1018 1058 1068 Deo
1088 1015 1281 1067 venisti
1291 1031 1313 1076 ,-

249 1110 479 1163 persona
505 1092 738 1159 Spiritus
766 1089 975 1151 Sancti,
1014 1104 1138 1139 cum
1174 1087 1313 1138 dici-

248 1178 338 1220 tur
365 1184 380 1217 ε
411 1166 546 1216 Nisi
584 1165 705 1231 quis
755 1169 976 1214 renatus
1017 1159 1187 1219 fuerit
1237 1173 1315 1209 ωε

247 1251 389 1303 aqua
419 1243 472 1287 et
503 1235 716 1301 Spiritu
742 1234 971 1295 Sancta,
1002 1243 1104 1283 non
1136 1233 1316 1296 potest

248 1308 457 1359 intrare
484 1306 538 1356 in
560 1320 785 1370 regnum
810 1303 1081 1354 coelorum.
1117 1299 1314 1366 Expri-

248 1389 477 1431 muntur
487 1387 667 1427 autem
687 1390 928 1442 personae
946 1374 1162 1437 divinae,
1188 1388 1314 1422 cum

248 1450 364 1502 suis
399 1448 774 1515 appropriatis.
802 1444 1141 1512 Exprimitur
1167 1443 1314 1493 enim

248 1536 479 1588 persona
513 1518 705 1578 Patris,
744 1533 867 1568 cum
907 1531 1008 1567 ¹sua
1047 1515 1281 1582 potentia
1299 1553 1314 1575 ,

249 1607 373 1643 curn
404 1590 601 1640 dicitur
630 1606 643 1639 ε
670 1590 843 1640 Nemo
873 1593 1054 1653 potest
1084 1587 1196 1638 hoec
1233 1586 1316 1637 si-

248 1679 364 1731 gna
378 1664 589 1730 facere,
615 1674 733 1728 quae
764 1668 819 1711 tu
828 1660 999 1727 faciS,
1022 1658 1129 1710 nisi
1135 1657 1318 1723 fuerit

249 1736 401 1786 Deus
440 1749 558 1785 cum
595 1748 657 1785 eo
667 1749 689 1795 ,·
741 1733 895 1799 signa
942 1732 1088 1781 enim
1147 1730 1319 1781 facere
1363 1743 1364 1746 ’

250 1806 448 1858 divinae
500 1806 754 1872 potentiae
824 1815 919 1856 est.
986 1802 1320 1869 Exprimitur

241 1891 477 1943 persona
517 1875 669 1935 Filii,
723 1891 847 1926 cum
890 1890 985 1925 sua
1031 1873 1317 1940 sapientia,

252 1963 376 1998 cum
428 1945 628 1996 dicitur
653 1962 667 1995 ε
696 1945 912 1996 Scimus
950 1944 1077 2011 quia
1120 1960 1156 1995 a
1200 1945 1325 1995 Deo

251 2015 473 2079 venisti,
524 2015 849 2081 Magister-5
888 2015 953 2065 ad
1000 2014 1318 2081 magistrum

252 2087 400 2141 enim
424 2097 622 2155 spectat
644 2087 962 2152 sapientiam
984 2086 1191 2138 docere.
1207 2087 1321 2137 Ex-

251 2157 507 2226 primitur
559 2160 788 2224 persona
830 2157 1067 2224 Spiritus
1111 2157 1319 2223 Sancti,

250 2250 376 2285 cum
426 2248 524 2283 sua
582 2232 854 2294 bonitate,
916 2247 1039 2282 cum
1078 2231 1277 2283 dicitur
1304 2248 1322 2282 t

253 2304 515 2371 Spar-itur,
533 2301 622 2353 ubi
648 2303 777 2366 vult,
806 2302 1012 2369 spir-an
1037 2319 1152 2353 non
1174 2302 1322 2354 enim

255 2376 452 2427 nostris
492 2374 701 2425 meritis
717 2413 733 2438 ,
761 2376 854 2424 sed
882 2390 947 2425 ex
968 2390 1068 2426 sua
1093 2375 1324 2442 gratuita

254 2449 512 2514 bonitate,
531 2465 592 2500 se
608 2449 767 2499 nobis
792 2448 1046 2500 infundit.
1068 2448 1327 2510 Quamvis

249 2522 404 2574 enim
465 2523 617 2572 Pater
669 2530 721 2572 et
766 2518 941 2571 Filius
990 2531 1042 2572 et
1089 2522 1327 2588 Spiritus

253 2596 479 2648 Sanctus
497 2595 731 2645 habeant
748 2594 993 2644 eamdem
1015 2594 1326 2660 potentiam,

255 2668 571 2740 sapientiam
592 2707 608 2730 ,
653 2676 712 2718 et
764 2667 1093 2732 bonitatem;
1145 2678 1328 2719 tamen

256 2739 385 2806 quia
411 2740 554 2805 apud
588 2752 691 2788 nos
726 2752 923 2788 nomen
971 2738 1158 2798 Patris,
1197 2754 1329 2805 pro-

258 2820 377 2877 pter
413 2810 786 2876 antiquitatem
807 2847 821 2873 ,
867 2809 1120 2875 importat
1146 2809 1330 2876 impo-

257 2879 512 2943 tentiam5
540 2895 608 2929 ne
627 2879 901 2945 simplices
928 2879 1033 2929 hoc
1049 2880 1335 2930 crederent

260 2954 329 3004 de
386 2954 537 3004 Patre
585 2951 786 3003 coelesti
809 2989 824 3010 ‚
867 2950 1183 3001 attribuitur
1223 2950 1328 3001 sibi

261 3025 515 3093 potentia.
535 3025 801 3076 Similiter
832 3039 1034 3075 nomen
1047 3024 1175 3074 Filii
1190 3023 1333 3090 apud

261 3111 364 3146 nos
381 3133 401 3157 ,
450 3105 664 3162 propter
718 3096 1079 3160 juventutem,
1123 3094 1335 3160 impor-

256 3177 334 3217 tat
393 3166 749 3233 imperitiam3
801 3166 923 3218 ideo
970 3181 1039 3216 ne
1087 3165 1156 3216 de
1198 3164 1338 3216 Filio

261 3237 365 3288 Dei
413 3238 517 3288 hoc
568 3239 814 3289 credatur
821 3276 843 3302 ,
888 3236 1199 3288 attribuitur
1225 3235 1335 3287 sihi

262 3306 543 3374 sapientia.
584 3308 846 3360 Similiter
873 3323 1073 3359 nomen
1103 3307 1339 3374 Spiritus

264 3381 444 3431 Sancti
465 3381 608 3447 apud
644 3397 743 3432 nos
761 3381 1017 3448 importat
1046 3382 1336 3448 quemdam

266 3446 524 3514 furorem,
545 3453 691 3518 juxta
703 3451 843 3504 illud
861 3452 1012 3505 Isaiae
1025 3469 1049 3506 z
1071 3451 1343 3515 Quiescite

2371 273 2471 325 27⁸

1414 371 1486 423 ab
1501 370 1725 435 homine,
1744 373 1899 441 cnjus
1913 376 2140 442 spiritus
2167 378 2222 429 in
2259 380 2483 433 naribus

1415 446 1533 512 ejus
1555 452 1669 508 σείς
1701 446 1828 498 ideo
1853 463 1922 498 ne
1949 449 2017 499 de
2050 449 2258 516 Spiritu
2286 452 2479 503 Sancto

1416 519 1522 569 hoc
1549 516 1817 578 credatur,
1844 517 2154 569 attribuitur
2181 519 2284 570 sibi
2312 521 2487 573 boni-

1414 601 1515 643 tas.
1545 589 1705 641 Fides
1732 601 1784 642 et
1821 588 2086 642 confessio
2117 603 2314 643 sanctae
2345 594 2482 645 Tri-

1418 666 1627 729 nitatis,
1664 663 1712 715 si
1744 678 1861 715 eam
1889 663 2077 713 devote
2104 664 2489 729 receperimuS,

1417 737 1575 796 valet,
1596 734 1740 786 *inter
1766 742 1952 797 cetera,
1981 733 2047 783 ad
2075 734 2487 786 tribulationum*

1418 806 1838 875 propulsionem.
1865 804 2020 865 Nam,
2046 804 2191 855 sicut
2216 806 2289 857 ait
2304 805 2487 858 Joan-

1420 896 1513 933 nes
1552 881 1952 941 Damascena-³,
1994 892 2117 927 cum
2146 880 2285 944 apud
2329 879 2480 930 Con-

1421 948 1822 1015 stantinopolim
1859 947 2160 1013 pestilentia
2190 948 2364 1013 gravis
2392 965 2483 1000 es—

1421 1036 1527 1086 set,
1556 1023 1777 1089 quidam
1810 1036 1945 1087 puer
1969 1021 2036 1072 de
2075 1022 2252 1072 medio
2280 1023 2495 1087 populi,

1420 1097 1479 1147 in
1503 1095 1698 1146 coelum
1730 1100 1936 1157 raptuS,
1987 1086 2251 1142 canticum
2287 1104 2477 1144 sanctae

1420 1167 1706 1221 Trinitatis
1726 1204 1741 1226 ,
1792 1164 1992 1216 scilicet
2024 1182 2038 1216 ε
2069 1166 2257 1215 Sancte
2308 1166 2452 1216 Deus
2469 1206 2493 1227 ,.

1420 1243 1611 1292 Sancte
1649 1237 1805 1288 fortis
1828 1275 1843 1298 ,
1881 1238 2070 1287 Sancte
2098 1246 2150 1286 et
2178 1236 2486 1287 misericors

1422 1315 1678 1373 Salvator,
1701 1310 1954 1360 miserere
1980 1308 2155 1368 nobis,
2173 1309 2240 1359 ab
2266 1310 2493 1375 Angelis

1421 1381 1502 1436 est
1565 1383 1785 1433 edoctus
1811 1397 1826 1430 ε
1858 1380 2024 1446 quod,
2071 1394 2194 1429 cum
2248 1379 2490 1443 redienS‚

1415 1471 1602 1507 coram
1669 1451 1871 1519 populo
1934 1450 2292 1510 decantasset,
2355 1467 2484 1501 mox

1422 1526 1603 1579 omnis
1630 1520 1933 1591 pestilentia
1957 1531 2038 1571 est
2060 1519 2253 1587 fugata.

1494 1613 1513 1647 1
1530 1613 1549 1647 1
1615 1596 1758 1656 Qum
1804 1607 2110 1643 uommrmt
2182 1592 2490 1643 N1conEuus

1425 1667 1753 1722 smmmcar?
1781 1695 1843 1705 —
1871 1667 1971 1717 Per
1999 1664 2353 1715 Nicodemum
2392 1665 2489 1731 qui

1423 1744 1571 1795 venit
1595 1742 1660 1793 ad
1688 1742 1892 1803 jesum,
1918 1749 1982 1789 ut
2006 1739 2073 1789 de
2097 1739 2487 1804 pertinentibus

1425 1816 1491 1865 ad
1519 1814 1682 1864 fidem
1710 1810 1924 1877 plenius
1951 1810 2280 1870 erudiretur,
2310 1811 2488 1876 signi-

1426 1884 1615 1935 ficatur
1625 1881 1923 1946 discipulus
1937 1878 2162 1930 humilis
2175 1889 2228 1930 et
2242 1880 2490 1946 diligenS,

1389 1977 1392 1978 ⁷
1426 1955 1521 2022 qui
1550 1952 1694 2004 venit
1718 1953 1790 2002 ad
1824 1952 2123 2014 doctorem,
2172 1960 2233 2000 ut
2272 1952 2340 2000 ab
2367 1951 2500 2017 ipso-

1429 2028 1761 2078 instruatur:
1787 2023 1884 2090 qui
1921 2023 2078 2073 debet
2110 2037 2235 2073 eum
2263 2024 2501 2074 dulciter·

1429 2096 1684 2163 recipere,
1711 2093 1954 2160 exemplo
1989 2092 2224 2154 Christi,
2258 2094 2354 2159 qui
2387 2095 2505 2144 Ni*
2582 2118 2585 2121 >

1431 2168 1719 2219 codemum
1745 2164 1973 2215 dulciter
2003 2165 2219 2231 recepit,
2244 2180 2307 2214 ac
2331 2180 2494 2214 man-

1430 2250 1581 2292 suere
1602 2240 1775 2300 valde,
1800 2248 1855 2290 et
1881 2254 2005 2289 cum
2032 2237 2214 2305 quiete
2241 2238 2291 2288 ei
2314 2239 2509 2305 loque--

1431 2314 1606 2364 batur.
1635 2311 1793 2371 Quod
1833 2319 1914 2361 est
1952 2319 2134 2360 contra
2179 2309 2507 2370 irascentes,

1431 2385 1526 2454 qui
1549 2379 1750 2436 fin-inse
1764 2392 1822 2434 et
1839 2399 1963 2434 cum
1990 2383 2219 2434 clamore
2245 2381 2496 2449 frequen-

1431 2468 1512 2509 ter
1566 2457 1868 2523 loquuntur
1894 2471 1910 2518 3
1970 2464 2151 2505 con-tra
2213 2469 2352 2520 quos
2415 2466 2495 2505 est

1433 2524 1732 2577 remedium
1778 2523 1939 2584 utile,
1994 2521 2230 2597 molliter
2276 2533 2328 2573 et
2379 2523 2497 2574 sine

1434 2600 1664 2651 clar-rme
1686 2598 2028 2665 respondere,
2046 2597 2345 2647 secundum
2362 2596 2500 2647 illud

1435 2668 1702 2737 Sapientis
1730 2686 1747 2720 ε
1770 2667 2077 2736 Responsio
2105 2668 2289 2718 mollis
2324 2668 2497 2734 fran-

1436 2741 1523 2807 git
1567 2738 1712 2791 iram
1724 2755 1748 2802 ς
1789 2753 1963 2790 sermo
2026 2738 2196 2788 durus
2272 2738 2507 2788 suscitat·

1427 2812 1696 2878 sumt-em.
1729 2810 1963 2870 Etenim,
1984 2809 2279 2860 secundum
2308 2809 2499 2877 Chry-

1439 2888 1746 2943 sostomma,
1784 2881 1833 2931 si
1861 2880 2069 2940 famuli,
2095 2895 2223 2930 cum
2244 2881 2501 2931 adversus

1440 2966 1532 3001 eos
1560 2949 1868 3010 irascimur,
1899 2958 2115 3015 portant
2140 2949 2423 3000 humiliter
2448 2959 2503 2999 et

1440 3036 1563 3071 cum
1594 3020 1813 3071 silentio
1843 3020 2257 3084 contumeliam,
2286 3030 2503 3086 propter

1441 3089 1696 3142 timorem
1731 3101 2002 3154 nostrum,
2037 3107 2149 3159 qua
2173 3091 2327 3142 venia
2353 3091 2502 3157 digni

1442 3161 1665 3222 erimus,
1691 3172 1966 3229 amquam
1986 3161 2385 3213 excusationem
2413 3162 2508 3210 ha-

1443 3232 1694 3284 bebimus
1718 3250 1838 3296 nos,
1864 3234 1958 3302 qui
1986 3245 2202 3302 propter
2222 3233 2321 3284 Dei
2352 3231 2507 3283 timo-

1443 3322 1556 3357 rem
1606 3307 1813 3374 aliquid
1856 3307 1995 3359 ferre
2024 3324 2139 3359 non
2177 3321 2502 3374 possumus,

1445 3377 1618 3446 magis
1632 3388 1817 3431 autem
1840 3378 2132 3431 nolumus!

1257 3655 1531 3710 ORATIO

335 3818 441 3882 ru,
485 3818 717 3872 Bonane
763 3820 1160 3883 univer-somna,
1207 3821 1310 3890 qui
1369 3821 1577 3872 nuum
1631 3806 1840 3874 habens
1877 3820 2261 3890 indigentiam,
2292 3820 2519 3872 votam

275 3896 543 3961 ternplum
577 3904 733 3948 tuum
764 3893 880 3948 fieri
916 3894 975 3947 in
1001 3894 1160 3948 nobis
1181 3911 1196 3946 z
1217 3893 1345 3961 ejice
1364 3909 1396 3947 a
1423 3893 1579 3946 corde
1604 3903 1658 3946 et
1689 3909 1910 3962 corpore
1937 3909 2058 3948 meo
2086 3894 2268 3947 omnia
2293 3892 2512 3945 offendi-
