2784 4452
760 323 854 373 DE
887 322 1106 415 t>RJMA
1133 319 1659 370 DISCIPULORUM
1691 318 2127 370 VOCATIONE.

324 441 511 507 primo
547 439 769 500 invenit,
805 439 1096 505 statimque
1120 438 1398 488 inventum

333 515 547 566 nuntiat
585 514 766 575 fratri,
818 513 1110 564 traditurus
1161 512 1209 563 ei
1257 513 1399 563 bona

330 602 452 654 quae
475 586 732 652 suscepit;
766 596 825 637 ut
850 585 987 644 sicut
1008 585 1289 651 sanguine,
1321 585 1400 635 sic

331 671 623 721 germanus
651 665 789 715 esset
809 665 863 706 et
887 655 991 706 fide
1006 673 1030 705 a
1058 671 1178 706 vera
1196 655 1391 720 pietas,

324 725 512 776 statim
568 727 878 776 thesaurum
917 725 1195 775 inventum
1245 718 1428 775 fratri]

320 794 617 856 nuntiavit,
645 795 775 862 quia
814 811 940 864 eum
979 795 1219 861 primum
1242 794 1396 844 inve-

308 867 432 927 nit,
458 876 515 917 et
540 867 587 916 si
632 866 797 916 alium
828 865 976 933 prius
995 867 1313 926 invenisset,
1344 865 1392 916 ei
1425 904 1428 909 .

325 937 642 998 nuntiasset,
672 948 724 988 et
772 938 839 988 ad
895 938 1220 988 Salvatorem
1266 953 1391 988 eum

322 1007 649 1069 adduxisset,
695 1007 900 1059 nullius
950 1008 1097 1058 enim
1127 1008 1273 1058 bono
1299 1007 1391 1058 in·-

322 1078 477 1131 vidit.

382 1150 418 1202 6
451 1151 724 1203 Cuma-us
750 1152 988 1202 Sntomm
1009 1154 1248 1202 Annium:
1268 1167 1387 1201 FRA-

321 1239 463 1272 ramt
491 1238 778 1281 mrum-un.
811 1252 871 1261 —
905 1223 982 1273 Et
1007 1223 1249 1273 adduxit
1264 1237 1390 1272 eum

308 1294 394 1344 ad
418 1294 629 1355 Jesum,
661 1294 715 1344 id
762 1305 843 1345 est
884 1295 1235 1353 Salvatorem,
1263 1293 1392 1360 quia
1423 1324 1426 1327 -

319 1379 430 1413 non
454 1363 758 1416 confidebat
796 1365 863 1415 de
912 1379 988 1422 se,
1029 1363 1175 1430 quod
1214 1372 1392 1428 posset

322 1449 448 1483 eum
506 1434 834 1485 sufficienter
886 1434 1167 1484 instruere.
1206 1433 1277 1484 Et
1327 1449 1388 1483 ex

320 1505 425 1555 hoc
445 1506 645 1570 accepit
671 1506 923 1566 Ecclesia,
955 1506 1100 1571 quod
1127 1505 1184 1554 in
1212 1520 1390 1555 sacra-

323 1586 507 1626 mento
531 1576 795 1642 Baptismi
826 1586 878 1626 et
915 1573 1388 1635 Confirmationis,

308 1644 491 1695 »utitur
515 1646 922 1706 adducentibus,
945 1645 1041 1712 qui
1073 1654 1391 1710 praesentent
1421 1692 1424 1697 ,

312 1717 674 1784 :suscipientes
720 1728 1131 1778 sacramentum,
1173 1717 1268 1783 qui
1290 1733 1388 1784 pa-
1421 1742 1424 1765 ς

322 1789 451 1840 trini
492 1790 672 1841 solent
702 1791 897 1841 vocari.
930 1792 1085 1841 Jesus
1119 1805 1246 1840 vero
1273 1791 1387 1840 ala-

319 1860 475 1911 criter
524 1875 650 1910 eum
708 1861 962 1926 suscepit,
988 1861 1212 1911 sciebat
1236 1861 1386 1911 enim

321 1931 456 1998 quid
513 1931 580 1982 de
632 1933 750 1998 ipso
778 1933 1013 1984 facturus
1053 1943 1210 1984 esset.
1252 1933 1388 1983 Vide
1418 1928 1423 1995 j

306 2004 408 2055 hic
458 2004 602 2055 Petri
642 2002 1003 2054 humilitatem
1046 2014 1098 2055 et
1124 2004 1423 2055 obedien-'

314 2073 469 2136 tiam,
500 2074 630 2141 quia
648 2090 758 2124 non
778 2075 1100 2140 dedignatur
1123 2076 1291 2142 major
1314 2090 1390 2125 se·

310 2143 416 2211 qui
436 2144 733 2204 minorem,
765 2145 860 2195 sed
885 2142 1170 2211 confestim
1199 2161 1388 2196 occur-

320 2213 413 2276 rit,
437 2224 490 2266 et
516 2214 659 2265 nihil
688 2215 904 2265 tardans
927 2214 1124 2266 obedit.
1155 2215 1389 2267 Intuitus

310 2292 496 2336 autem
528 2300 646 2337 eum
687 2287 851 2336 Jesus
882 2285 1038 2336 oculo
1094 2286 1391 2337 misericor·

310 2355 445 2415 diae,
483 2371 596 2406 non
621 2357 796 2406 solum
826 2356 1076 2419 exterius,
1107 2358 1200 2408 sed
1227 2368 1280 2408 et
1307 2357 1389 2407 in-

320 2426 490 2477 terius
519 2465 535 2487 ,
592 2426 782 2477 videns
840 2427 1181 2478 devotionem
1235 2428 1350 2492 ejus
1372 2468 1385 2489 ‚

318 2495 452 2561 quia
475 2511 568 2546 cor
613 2495 871 2556 intuetur,
923 2497 1072 2549 dixit
1098 2500 1150 2550 ei
1173 2517 1191 2550 .·
1223 2498 1310 2550 Tu
1330 2514 1387 2550 es

300 2566 527 2631 ..Sienom
555 2568 611 2618 id
639 2578 719 2619 est
747 2583 869 2620 vere
901 2571 1152 2622 obediens
1162 2588 1182 2634 ;
1231 2572 1385 2639 quasi

326 2637 526 2689 diceret
563 2655 577 2689 ε
616 2637 829 2690 Nomen
860 2649 1014 2691 tuum
1040 2652 1120 2692 est
1145 2642 1387 2708 proprie·
1417 2691 1420 2710 ζ

317 2708 415 2759 tati
445 2719 551 2760 tuae
580 2724 883 2760 consonum
902 2749 915 2770 ‚
947 2711 1112 2778 filius
1150 2711 1384 2776 Joanna,
1417 2749 1422 2778 ;

319 2797 416 2832 seu
447 2781 728 2842 Bar—Jona,
761 2783 814 2832 id
841 2795 919 2834 est
955 2783 1070 2849 eius
1099 2785 1153 2837 in
1175 2800 1278 2851 quo
1306 2793 1388 2837 est
1417 2794 1421 2844 ζ

318 2853 527 2919 gratia,
560 2868 656 2903 seu
681 2853 847 2919 filius
896 2855 1185 2919 columbae;
1231 2858 1386 2923 quasi

320 2924 564 2977 diceret:
600 2926 715 2976 Hoc
772 2942 1072 2993 cognomen
1128 2933 1387 2982 con'sonat

321 3007 416 3047 tuo
442 2996 677 3057 nomini,
707 2997 836 3064 quia
877 2997 970 3049 ille
1019 3000 1115 3065 qui
1155 3012 1236 3051 est
1266 2995 1388 3053 vere
1419 3001 1420 3004 ’

320 3068 602 3132 obediens,
646 3080 727 3119 est
776 3068 923 3120 filius
948 3070 1130 3137 gratiae
1154 3071 1387 3138 Spiritus

300 3139 520 3199 uSancti,
545 3155 665 3205 quae
684 3156 778 3206 per
800 3141 1105 3191 columbam
1133 3143 1387 3210 designa-

317 3218 429 3260 tur.
450 3209 642 3260 Merito
669 3210 859 3261 Simon
881 3209 1028 3262 filius
1056 3212 1263 3265 Joanxta
1291 3230 1387 3265 seu

304 3281 594 3332 Bar-,lona
622 3283 836 3347 dicitur,
870 3284 985 3335 sive
1035 3298 1270 3337 vocatur.
1298 3286 1388 3337 Si-

320 3368 452 3404 mon
500 3354 647 3405 enim
685 3354 1062 3421 interpretatur
1109 3359 1356 3411 obediens
1367 3376 1388 3422 ‚-

315 3422 545 3484 Joanna‚
575 3425 793 3491 gratim
837 3426 958 3490 Bar,
984 3427 1149 3493 filius
1160 3444 1181 3491 ,-
1211 3439 1265 3480 et
1290 3430 1386 3481 Jo-

306 3508 406 3554 na,
440 3494 717 3558 columbam
754 3497 911 3561 quasi
935 3497 984 3547 ei
1023 3498 1223 3549 diceret
1256 3517 1270 3550 ε
1300 3500 1386 3551 Tu
1417 3517 1421 3524 ’

300 3579 379 3614 -.es
423 3565 679 3616 obediens
716 3565 862 3618 filius
903 3568 1106 3634 gratiae,
1131 3572 1214 3620 vel
1241 3570 1388 3623 filius
1417 3569 1420 3614 ἶ

317 3636 614 3700 columboe,
662 3638 716 3689 id
768 3651 848 3691 est
903 3643 1136 3710 Spiritus
1185 3646 1384 3708 Sancti,

320 3707 450 3775 quia
472 3709 833 3760 humilitatem
863 3712 930 3763 de
957 3715 1127 3779 gratia
1153 3715 1387 3781 Spiritus
1417 3713 1420 3724 ”

320 3778 501 3830 Sancti
536 3781 896 3847 accepisti,ut,
919 3797 1136 3837 vocante
1153 3787 1384 3849 Andrea,
1417 3786 1422 3810 ²

325 3850 504 3906 videre
546 3869 635 3905 me
669 3854 1016 3909 desiderares.
1066 3859 1420 3926 Congruunt⁵

2465 317 2562 367 251

1507 447 1703 488 nuetur
1737 439 1881 504 quod
1923 437 2228 488 obedientia
2279 438 2571 489 necessaria

1506 520 1587 560 est
1633 509 1905 560 conversis
1947 510 2012 558 ad
2071 508 2350 559 Christum
2382 524 2477 574 per
2497 506 2568 559 fi-

1502 580 1648 639 dem,
1681 590 1735 630 et
1762 579 1907 647 quod
1947 578 2198 629 homines
2221 592 2317 644 per
2341 579 2568 645 gratiam

1501 650 1726 701 veniunt
1759 651 1826 700 ad
1876 646 2038 700 fidem
2087 649 2311 712 Christi,
2343 660 2395 700 et
2420 652 2568 716 quod

1504 736 1597 786 per
1645 719 1908 787 Spiritum
1955 720 2211 770 Sanctum
2289 718 2570 771 firmamur

1503 791 1560 842 in
1590 807 1771 843 amore
1791 791 1910 843 Dei.

1568 879 1599 929 7
1632 861 1697 913 131
1730 879 1909 913 noum
1952 863 2163 914 Cnpms
2203 878 2304 912 vat.
2332 859 2568 913 ‘Penus

1502 952 1845 988 turoi-munna
1922 952 2195 987 rnffimcrr.
2255 965 2315 974 —
2373 934 2569 986 Subdit

1500 1018 1679 1058 autem
1710 1025 1724 1058 z
1758 1005 1843 1058 Tu
1867 1007 2141 1058 vocaberis
2178 1005 2405 1073 cephas,
2426 1006 2569 1072 quod

1502 1078 1691 1129 Latine
1740 1078 2122 1145 interpretatur
2169 1080 2384 1138 Petrae,
2425 1086 2476 1126 et
2506 1075 2566 1126 in

1502 1149 1685 1199 Groeco
1742 1155 1931 1215 caput,
1990 1150 2073 1199 vel
2127 1149 2457 1214 capitaneus,
2494 1144 2567 1197 Et

1500 1218 1751 1285 congruit
1776 1219 2033 1284 mysterio
2062 1229 2123 1269 ut
2152 1219 2242 1269 ille
2270 1218 2364 1284 qui
2397 1219 2568 1268 debe-

1499 1291 1590 1342 bat
1643 1290 1874 1342 aliorum
1914 1307 2029 1342 esse
2076 1301 2235 1357 caput
2266 1301 2318 1341 et
2359 1291 2566 1341 Christi

1469 1362 1747 1422 *vicarius,
1792 1360 2101 1412 firmitatem
2152 1362 2364 1422 habeat,
2403 1358 2567 1427 qua'm

1496 1434 1744 1500 designat
1772 1432 1978 1485 Petrus.
2007 1434 2197 1484 Simon
2228 1433 2429 1499 quippe
2456 1443 2567 1484 erat

1483 1523 1701 1558 nomen
1748 1508 1866 1573 ejus
1934 1518 2059 1558 ante
2125 1507 2462 1557 vocationem
2516 1517 2568 1558 et

1493 1577 1923 1638 conversionem,
1968 1578 2060 1628 sed
2099 1587 2219 1643 post
2247 1576 2565 1643 impositum

1496 1646 1601 1698 fuit
1627 1646 1732 1698 sibi
1761 1663 1960 1698 nomen
1990 1645 2198 1697 Petrus.
2233 1646 2380 1697 Sicut
2403 1647 2565 1697 etiam

1495 1719 1710 1786 quando
1734 1718 2034 1784 baptizatur
2059 1719 2292 1779 adultuS,
2312 1727 2365 1767 et
2385 1733 2566 1784 quan-

1493 1789 1563 1839 do
1614 1789 1811 1856 aliquis
1853 1789 1913 1839 in
1960 1786 2156 1855 Papam
2207 1798 2287 1838 est
2334 1798 2561 1845 creatus,

1494 1869 1734 1910 mutatur
1787 1876 1986 1911 nomen
2021 1861 2152 1925 ejus,
2198 1858 2388 1909 Simon
2436 1874 2565 1926 ergo

1492 1942 1574 1982 est
1624 1930 1905 1997 proprium
1961 1946 2178 1995 nomen,
2217 1927 2411 1981 'Petrus
2437 1945 2565 1981 vero

1493 2013 1572 2053 est
1615 2018 1929 2069 cognomen,
1978 2002 2252 2052 Bar-Jona
2307 2013 2389 2052 est
2448 2002 2563 2052 He·-

1485 2072 1718 2133 braeum,
1753 2084 1805 2122 et
1851 2083 2009 2122 sonat
2033 2072 2196 2138 filius
2230 2073 2395 2123 Jona.
2437 2073 2561 2132 Sed,

1492 2144 1792 2194 secundum
1819 2143 1988 2192 alium
2014 2142 2430 2211 Evangelistam,
2471 2141 2564 2191 di-

1492 2214 1633 2265 citur
1654 2212 1800 2265 filius
1827 2214 2050 2274 Joanna‚
2088 2213 2233 2280 quia,
2262 2213 2562 2264 secundum

1495 2288 1778 2354 quosdam,
1834 2286 1977 2336 idem
2030 2296 2141 2337 erat
2167 2301 2366 2335 nomen
2398 2286 2563 2351 patris

1493 2358 1628 2408 Jona
1664 2366 1717 2407 et
1749 2358 1971 2417 joanna,
2003 2356 2305 2424 aliqualiter
2359 2365 2560 2417 tamen,

1495 2441 1714 2497 propter
1747 2430 2163 2481 subtractionem
2193 2431 2359 2481 unius
2401 2430 2565 2497 sylla-

1494 2502 1592 2562 bae,
1640 2499 2054 2552 diversificatum
2092 2501 2233 2552 sicut
2279 2501 2333 2550 in
2374 2500 2563 2551 Latino

1495 2571 1773 2634 Nicola'us,
1810 2590 1905 2640 pro
1946 2573 2188 2625 ColinuS.
2223 2572 2324 2624 Vel
2373 2573 2564 2624 dicen—

1492 2643 1625 2694 dum
1671 2645 1818 2711 quod
1862 2655 2012 2710 pater
2063 2644 2201 2695 Petri
2243 2654 2355 2695 erat
2399 2644 2565 2694 bino-

1494 2715 1658 2777 miuS,
1704 2726 1757 2768 et
1794 2715 1871 2766 sic
1918 2717 2054 2766 Jona
2095 2727 2147 2766 et
2185 2716 2392 2767 Joanna
2436 2727 2565 2767 sunt

1492 2791 1601 2840 duo
1652 2788 1874 2839 nomina
1920 2806 1934 2839 ι
1975 2800 2027 2839 et
2081 2788 2190 2839 hoc
2241 2789 2451 2841 videtur
2499 2805 2565 2841 ex

1493 2878 1681 2913 eorum
1714 2861 2155 2928 interpretatione
2182 2861 2406 2924 diversa,
2434 2863 2565 2930 quia

1495 2935 1702 2986 Joanna
1749 2934 2130 2999 interpretatur
2184 2933 2238 2984 in
2275 2951 2378 3001 quo
2410 2935 2564 3001 'gra—

1496 3005 1594 3068 tia,
1635 3014 1687 3055 et
1712 3005 1847 3055 Jona
1889 3005 2266 3071 interpretatur
2297 3006 2560 3057 columba.

1479 3076 1706 3143 'Cephas
1766 3075 2055 3128 Hebraeum
2112 3089 2192 3129 est
2242 3089 2294 3130 et
2345 3079 2561 3146 Syrum.

1497 3151 1684 3201 Petrus
1724 3149 1971 3201 Graecum
2013 3162 2066 3202 et
2113 3152 2383 3216 Latinum,
2414 3162 2467 3202 et
2508 3152 2564 3202 in

1494 3230 1722 3288 utraque
1757 3220 1944 3288 lingua
1971 3238 2172 3273 nomen
2213 3221 2379 3286 Petri,
2408 3237 2439 3272 a
2459 3236 2564 3287 pe-

1496 3298 1584 3342 tra
1634 3301 1714 3342 est
1763 3293 2083 3344 derivatum.
2131 3293 2365 3344 Vocatur
2413 3293 2563 3344 enim

1495 3365 1702 3425 Petrus,
1740 3365 1886 3431 quod
1928 3365 2305 3432 interpretatur
2340 3362 2561 3431 firmuS,

1494 3436 1564 3486 ob
1609 3438 1776 3488 robur
1804 3439 2020 3498 mentis,
2074 3450 2127 3488 et
2153 3434 2462 3488 firmitatem
2491 3437 2564 3489 fi-

1492 3507 1601 3566 dei,
1644 3517 1698 3557 et
1742 3519 1961 3575 propter
2007 3508 2219 3559 fidelem
2265 3507 2563 3560 confessio-—

1495 3592 1623 3627 nem
1671 3578 1895 3639 Christi,
1943 3595 2049 3646 qua
2094 3578 2274 3629 dixit:
2310 3598 2338 3626 α
2370 3580 2455 3631 Tu
2504 3594 2563 3632 es

1496 3646 1746 3699 Christus
1784 3647 1964 3699 Filius
1993 3649 2099 3699 Dei
2135 3650 2266 3712 vivi,
2306 3650 2410 3711 cui,
2438 3659 2562 3700 tan—

1493 3734 1659 3785 quam
1719 3718 2046 3772 fidelissimae
2103 3732 2290 3787 petrae,
2338 3720 2564 3773 firmiter

1490 3790 1733 3843 adhaesit.
1778 3793 1970 3843 Utrum
2017 3805 2197 3844 autem
2234 3794 2336 3845 hoc
2358 3809 2561 3846 nomen

1494 3865 1655 3915 modo
1693 3865 1741 3915 ei
1770 3865 2047 3931 imposuit,
2076 3883 2144 3917 an
2176 3867 2425 3933 promisit
2452 3868 2562 3918 im-

306 3936 448 3992 ‚ergo
470 3922 584 3976 haec
613 3925 839 3977 nomina
861 3928 1136 3996 mysterio,
1156 3941 1218 3982 ut
1243 3930 1386 3983 insi-
1417 3917 1423 3980 3
1493 3934 1833 4003 ponendum,
1884 3948 1965 3989 est
2017 3938 2303 3992 incertum.
2363 3940 2560 3992 Tutius
