2784 4452
746 315 1107 367 SERMONIS
1138 315 1208 365 IN
1240 313 1494 367 MONTE
1526 314 2041 366 CONTINUATIO.

274 431 480 499 operari
510 432 715 481 bonum
751 430 819 481 ad
852 446 1069 495 omnes;
1101 447 1212 482 non
1235 446 1337 482 au-

274 512 385 553 tem
400 501 457 552 in
474 503 571 552 hac
603 501 927 567 operatione,
944 502 1027 553 vel
1052 502 1238 562 solam,
1253 502 1336 553 vel

276 588 401 623 cum
452 588 616 638 regno
658 570 755 621 Dei
787 573 1084 623 mercedem
1124 582 1338 637 tempo-

276 642 471 693 ralium
509 643 760 710 cogitare.
801 643 879 693 Ita
924 644 1071 694 enim
1109 642 1268 693 etiam
1292 642 1338 692 si

275 713 567 781 aliquando
594 711 878 778 defuerint,
914 714 1061 783 quod
1102 714 1342 781 plerum-

2408 313 2510 381 373

1446 445 1552 497 que
1576 439 1790 497 propter
1816 430 2248 481 exercitationem
2277 439 2513 482 nostram

1446 502 1590 552 Deus
1625 501 1772 562 sinit,
1815 517 1927 551 non
1960 502 2138 551 solum
2170 517 2280 551 non
2320 502 2516 552 debili-

1448 581 1563 622 tant
1592 572 1929 638 propositum
1957 581 2225 633 nostrum,
2243 573 2336 624 sed
2355 572 2516 623 etiam

1448 642 1813 694 examinatum
1904 643 2242 709 propositum
2317 642 2515 695 confir-

1450 724 1601 766 mant
1628 731 1643 766 ε
1669 734 1698 763 ιο
1726 716 1840 767 haec
1858 715 2216 782 Augustinus·

1268 934 1543 986 ORATIO

237 1168 241 1172 ⁵
339 1103 572 1155 Domine
598 1105 724 1156 Iesu
765 1104 998 1166 Christe,
1044 1104 1128 1156 fac
1182 1121 1270 1157 me
1314 1123 1427 1157 non
1467 1105 1828 1157 thesaurizare
1869 1105 1926 1157 in
1971 1114 2110 1157 terra
2155 1104 2521 1156 emolumenta

276 1186 634 1238 terrenorum,
666 1177 759 1228 sed
788 1176 847 1228 in
882 1178 1015 1228 coelo
1045 1178 1269 1242 praemia
1297 1180 1646 1243 meritorum3
1674 1188 1728 1229 et
1756 1179 1888 1245 quia
1916 1194 2076 1230 nemo
2106 1188 2281 1245 potest
2307 1178 2520 1228 duobus

276 1249 516 1299 dominis
535 1249 731 1300 servire
774 1264 867 1315 per
911 1250 1335 1301 contrarietatem
1369 1252 1776 1317 obsequiorum,
1805 1251 1970 1301 libera
2004 1266 2091 1301 me
2131 1266 2162 1301 a
2190 1250 2435 1301 dominio
2470 1256 2524 1300 et

276 1322 532 1373 servitute
571 1322 781 1383 mundi,
813 1322 988 1372 carnis
1015 1332 1067 1373 et
1095 1322 1315 1385 diaboli,
1340 1334 1402 1374 ut
1431 1324 1716 1390 respiciam
1759 1323 2238 1389 contemplationes
2267 1322 2522 1381 coelesteS,

277 1410 390 1446 non
428 1403 691 1458 terrenas3
733 1395 901 1461 adjice
930 1396 995 1446 ad
1033 1405 1292 1446 staturam
1322 1407 1525 1448 naturae
1554 1412 1687 1447 meae
1718 1396 1963 1447 cubitum
1991 1396 2173 1462 gratiae
2203 1396 2260 1446 in
2291 1410 2515 1462 praesen-

274 1465 340 1530 ti,
375 1474 427 1516 et
441 1466 626 1533 gloriae
653 1466 709 1515 in
738 1467 937 1526 futuro,
968 1475 1029 1516 ut
1071 1466 1412 1518 considerem
1456 1468 1568 1519 lilia
1605 1466 1739 1533 agri,
1762 1467 1980 1516 devotos
2002 1467 2270 1525 Ecclesiae,
2293 1480 2519 1531 cooper-

275 1546 362 1588 tos
388 1536 650 1587 virtutum
680 1537 925 1598 candore,
965 1537 1313 1604 potiusquam
1344 1539 1530 1591 fenum
1565 1538 1759 1589 divites
1790 1537 1955 1589 seculi
2003 1537 2294 1588 mittendos
2334 1537 2391 1586 in
2425 1535 2524 1586 cli-

276 1609 481 1659 banum
510 1610 788 1675 gehennae.
812 1611 1059 1669 Quaeram
1080 1611 1342 1677 praecipue
1373 1628 1601 1679 regnum
1628 1611 1726 1662 Dei
1759 1620 1810 1661 et
1837 1609 2098 1676 justitiam
2133 1611 2266 1676 ejuS,
2295 1619 2356 1660 ut
2388 1623 2518 1659 cum

273 1680 470 1738 viatico
512 1683 1024 1750 temporalium·per
1051 1682 1194 1734 viam
1222 1684 1486 1736 virtutum
1523 1682 1829 1751 perveniam
1859 1682 1925 1732 ad
1958 1696 2188 1749 regnum
2231 1681 2510 1734 coelorum.

276 1754 473 1805 Amen.

1057 1993 1392 2099 CAPUT
1461 2028 1770 2099 xxxlx

280 2278 643 2348 Sermonis
686 2278 759 2347 in
803 2288 1032 2347 monte
1059 2276 1497 2348 continuatio
1527 2304 1551 2347 .·
1581 2280 1687 2348 De
1727 2277 2221 2348 misericordia
2248 2275 2522 2369 facien·

460 2393 576 2475 da,
609 2394 694 2462 de
734 2415 868 2462 non
884 2393 1295 2480 judicand0‚
1341 2415 1424 2462 ac
1473 2394 1558 2462 de
1606 2391 1872 2486 fiducia
1915 2391 2289 2463 orationis.

807 2643 997 2706 Lucae
1037 2663 1174 2727 cap.
1215 2646 1253 2708 6
1295 2655 1356 2707 et
1399 2643 1684 2708 Matthaei
1735 2664 1870 2728 cap.
1906 2667 1968 2730 7.

360 2897 381 2934 1
422 2884 826 2934 M1snn1conmie
871 2898 1259 2936 conmnarto.
1297 2913 1359 2924 -

291 2953 420 3005 Post
451 2955 566 3006 haec
594 2955 838 3004 hortatur
865 2969 964 3005 nos
1000 2955 1270 3005 Dominus
1294 2957 1357 3006 ad

290 3026 717 3077 misericordiam
750 3025 887 3076 circa
928 3026 1236 3092 proximum
1280 3027 1361 3078 fa-

294 3098 559 3159 ciendam,
595 3094 777 3148 dicens
805 3115 818 3148 :
847 3098 1040 3149 Estote
1064 3099 1364 3151 misericor-

291 3169 390 3220 des
412 3170 551 3221 sicut
582 3175 634 3219 et
661 3168 832 3220 Pater
854 3173 1028 3220 vester
1054 3168 1364 3221 misericors

294 3248 393 3292 est.
424 3242 567 3292 Deus
598 3242 745 3292 enim
776 3242 971 3292 relevat
994 3241 1237 3293 miserias
1268 3259 1365 3293 no-

293 3324 450 3375 stras,
475 3331 585 3365 non
613 3317 963 3381 exspectando
989 3315 1193 3382 aliquid
1218 3331 1249 3366 a
1276 3332 1369 3366 no·

295 3384 401 3449 bie,
433 3386 526 3435 sed
575 3397 789 3452 propter
830 3401 983 3437 suam
1038 3386 1362 3450 bonitatem3

294 3456 375 3508 sic
423 3472 523 3507 nos
570 3457 831 3508 debemus
862 3457 1064 3508 moveri
1110 3457 1176 3507 ad
1225 3459 1366 3508 rele-

294 3528 533 3580 vandum
597 3529 872 3580 miseriam
926 3529 1195 3596 proximi,
1254 3546 1365 3580 non

294 3609 515 3666 propter
573 3610 820 3650 nostrum
890 3600 1237 3650 commodum
1315 3610 1367 3650 et

297 3673 743 3732 emolumentum,
771 3672 862 3722 sed
888 3683 1103 3738 propter
1127 3672 1272 3723 illius
1290 3687 1368 3723 sa-

297 3745 468 3796 lutem
496 3756 550 3796 et
575 3744 774 3796 divinae
802 3745 1060 3797 bonitatis
1091 3761 1361 3809 amorem;

299 3815 396 3881 qui
445 3817 593 3866 enim
641 3825 856 3882 propter
911 3832 1071 3867 suum
1122 3832 1365 3867 commo-

245 3927 253 3933 .
299 3888 432 3940 dum
488 3889 573 3939 vel
630 3887 1057 3938 emolumentum
1116 3887 1364 3954 proximo

302 3957 536 4009 consulit
574 3959 658 4009 vel
698 3959 832 4010 bene
860 3957 1002 4020 facit,
1034 3973 1145 4010 non
1175 3958 1365 4024 utique

1467 2901 1564 2951 per
1594 2885 1908 2936 charitatem
1946 2883 2050 2934 hoc
2079 2882 2222 2944 facit,
2271 2882 2401 2950 quia
2427 2896 2537 2933 non

1468 2956 1615 3007 illius
1645 2971 1806 3022 quem
1836 2954 1991 3005 debet
2011 2963 2267 3020 tanquam
2300 2953 2537 3019 seipsum

1468 3027 1706 3093 diligere,
1736 3026 1828 3076 sed
1871 3041 2024 3076 suam
2063 3025 2349 3076 utilitatem
2384 3038 2539 3089 quae-

1469 3099 1556 3150 rit.
1589 3100 1721 3150 Vult
1749 3113 1847 3149 nos
1877 3098 2144 3149 Dominus
2174 3107 2377 3164 patrem
2408 3095 2538 3145 imi-

1470 3169 1568 3220 tari
1600 3169 1654 3219 in
1684 3169 2049 3220 misericordia
2076 3184 2184 3236 qua
2223 3183 2326 3217 nos
2357 3166 2541 3218 miseri

1472 3241 1706 3292 multum
1735 3241 2072 3307 indigemus3
2111 3240 2219 3292 non
2250 3238 2307 3289 in
2350 3249 2544 3305 poten-

1471 3314 1564 3377 tia,
1594 3328 1758 3378 quam
1788 3314 2018 3379 superbe
2061 3321 2309 3378 appetens
2353 3310 2547 3361 diabo-

1473 3371 1558 3436 lus
1587 3385 1643 3435 in
1675 3385 1950 3436 infernum
1980 3395 2059 3435 est
2094 3384 2388 3446 detractus;
2432 3399 2543 3433 non

1476 3455 1533 3506 in
1561 3455 1844 3522 sapientia,
1890 3471 2052 3522 quam
2081 3464 2336 3520 appetens
2379 3454 2549 3504 homo

1475 3530 1779 3596 paradisum
1826 3527 2075 3595 perdidit,
2124 3526 2547 3578 immortalitatis

1474 3602 1734 3668 spoliatus
1761 3600 1961 3667 gloria:
1980 3599 2237 3665 Magnum
2266 3614 2392 3664 ergo
2415 3614 2542 3664 prae-

1474 3675 1690 3725 conium
1736 3673 1944 3740 pietatis
2007 3672 2287 3723 animabus
2347 3670 2552 3722 nostris

1475 3745 1756 3811 imprimit,
1807 3759 1930 3809 quae
1959 3758 2059 3793 nos
2103 3742 2216 3792 Deo
2251 3741 2554 3794 conformes

1472 3816 1664 3866 reddit.
1716 3813 1965 3864 Naturale
1999 3822 2079 3863 est
2125 3811 2381 3862 omnibus
2424 3812 2549 3862 ani-

1473 3889 1704 3939 malibus
1737 3886 1976 3952 ejusdem
1995 3885 2190 3952 speciei
2224 3884 2289 3935 ad
2316 3884 2549 3936 invicem

1472 3956 1894 4010 misericordiam
1932 3970 2173 4021 servare-,3
2208 3955 2380 4007 multo
2419 3969 2543 4006 ma·-
