2784 4452
874 349 968 402 DE
1003 349 1421 403 CURATIONE
1448 350 1765 403 LEPROSI.

188 465 404 518 fetidus
425 476 479 517 et
504 466 917 526 abominabilis,
963 466 1040 518 sic
1082 481 1267 532 pecca-

195 547 344 587 tores
374 537 600 588 fetentes
630 548 758 589 sunt
786 548 838 588 et
877 537 1268 589 abominabiles

197 607 312 660 Deo
340 618 394 659 et
416 608 657 674 Angelis.
684 637 748 648 --
781 608 1003 668 Quat-tc,
1028 607 1156 673 quia
1185 607 1269 657 le-

197 678 349 744 prosi
370 689 681 743 separantur
711 678 780 729 ab
798 678 919 729 aliis
952 677 1267 729 hominibus

194 758 254 798 et
279 749 528 800 locantur
555 759 701 801 extra
729 750 894 810 alios,
916 748 992 799 sic
1021 760 1265 814 peccato-

192 833 282 869 res
322 819 482 885 positi
503 829 632 870 sunt
657 830 804 870 extra
827 820 1054 885 gratiam
1083 820 1186 870 Dei
1214 829 1266 873 et

185 898 342 939 extra
376 891 815 942 communionem
848 889 971 942 fidei
999 900 1052 941 et
1081 891 1264 942 Eccle-
1302 898 1307 905 '

193 960 308 1021 siae,
365 971 422 1013 et
466 972 778 1027 separantur
830 979 861 1014 a
919 963 1109 1025 bonis,
1174 962 1263 1015 hic

197 1042 464 1098 quantum
487 1034 556 1082 ad
581 1033 855 1094 meritum,
885 1034 977 1085 sed
999 1033 1057 1083 in
1079 1033 1262 1084 futuro

189 1113 469 1169 quantum
498 1105 565 1155 ad
592 1106 944 1167 consortium,
983 1116 1037 1158 et
1080 1122 1259 1173 quan-

187 1185 309 1225 tum
341 1176 412 1226 ad
438 1177 635 1236 locum,
660 1185 711 1227 et
738 1187 1003 1242 quantum
1030 1178 1098 1228 ad
1117 1193 1260 1242 prae-

188 1244 390 1296 mium.
415 1275 476 1284 —
515 1246 740 1307 Quinto,
771 1247 900 1313 quia
942 1246 1083 1298 sicut
1115 1248 1260 1312 lepra

187 1316 395 1368 varium
444 1317 700 1382 exprimit
735 1319 969 1368 colorem
1005 1317 1066 1366 in
1102 1328 1256 1378 cute,

186 1387 269 1441 sic
317 1399 592 1454 peccatum
636 1389 808 1441 varias
856 1390 1017 1441 habet
1057 1391 1259 1456 species

187 1459 252 1510 in
286 1468 484 1509 mente.
521 1460 614 1510 llla
646 1459 794 1510 enim
834 1459 1014 1510 anima
1049 1460 1258 1525 leprosa

186 1542 288 1591 ὧι,
313 1546 433 1596 quae
455 1531 723 1597 superbia,
750 1531 845 1591 ira,
873 1532 1109 1594 avaritia,
1129 1549 1261 1584 acci

184 1602 296 1661 dia,
330 1603 471 1668 gula,
510 1602 731 1663 invidia,
765 1603 848 1653 vel
887 1603 1099 1653 luxuria
1135 1619 1256 1655 sor-

179 1673 376 1725 descit.
426 1675 565 1725 Nam
605 1674 937 1740 significatur
975 1675 1036 1726 in
1080 1676 1256 1727 carnis

185 1756 401 1795 tumore
439 1745 749 1810 superbia,
737 1762 796 1796 in
826 1746 1107 1799 exustione
1145 1747 1255 1798 ira-

182 1817 404 1877 cundia,
431 1819 488 1869 in
519 1818 609 1870 siti
639 1818 877 1881 avaritia,
898 1820 956 1870 in
984 1821 1254 1886 pondero-

182 1888 341 1939 sitate
377 1889 593 1949 accidia,
627 1889 685 1939 in
715 1890 994 1956 prurigine
1019 1892 1161 1957 gula,
1196 1891 1253 1943 in

182 1960 474 2026 putredine
507 1959 729 2021 invidia,
775 1960 832 2011 in
871 1961 1037 2013 fetore
1078 1962 1252 2013 anhe-

178 2031 313 2082 litus
342 2031 573 2094 luxuria.
606 2031 756 2081 Talis
797 2033 1042 2098 leprosus
1080 2032 1253 2084 confi-

182 2103 371 2153 denter
414 2112 589 2152 currat
615 2103 680 2153 ad
708 2104 920 2165 Jesum,
953 2103 1153 2155 scilicet
1186 2104 1250 2154 ad

183 2175 475 2237 medicum,
511 2191 624 2226 non
649 2175 909 2242 desperet,
928 2191 1050 2228 vere
1075 2176 1253 2242 poeni-

181 2256 310 2306 teat,
339 2254 393 2297 et
420 2246 671 2297 mundari
694 2247 972 2298 desideret.
1008 2247 1150 2297 Cum
1182 2246 1253 2298 fi-

181 2316 293 2366 deli
322 2316 534 2382 leproso
560 2333 623 2368 ex
643 2317 948 2381 humilitate
974 2327 1026 2367 et
1052 2319 1255 2383 pudore

180 2387 246 2438 in
272 2386 463 2439 faciem
500 2388 767 2454 procidat,
796 2398 859 2439 ut
896 2390 963 2440 de
992 2404 1104 2441 suae
1130 2390 1253 2440 vitae

184 2458 412 2510 maculis
459 2459 749 2510 erubescat.
805 2460 907 2511 Sed
955 2459 1255 2511 confessio-

185 2547 318 2582 nem
340 2532 658 2584 verecundia
695 2548 806 2582 non
826 2533 1100 2598 reprimat,
1129 2534 1255 2586 vul-

184 2617 296 2655 nus
339 2603 604 2664 ostendat,
648 2618 710 2653 ac
741 2618 866 2653 cum
908 2603 1160 2669 lacrymis
1204 2613 1258 2655 et

178 2672 480 2738 gemitibus
511 2688 569 2724 se
608 2683 938 2738 peccatorem
988 2689 1255 2740 recogno-

183 2753 317 2805 scat,
335 2744 546 2795 detecto
556 2745 776 2794 vulnere
800 2744 1102 2797 remedium
1115 2760 1257 2811 quae-

184 2826 288 2876 rat,
336 2826 390 2866 et
416 2816 635 2866 Domini
665 2816 1090 2868 misericordiam
1117 2834 1258 2869 com·

184 2897 390 2952 puncto
417 2887 602 2938 animo
628 2898 680 2937 et
707 2888 865 2938 corde
897 2887 1179 2953 imploret,
1207 2899 1259 2940 et

183 2958 485 3010 remedium
511 2961 758 3025 postulet.
787 2960 901 3012 Deo
922 2976 981 3010 se
1007 2960 1258 3014 humiliet

177 3040 237 3081 ⁴et
272 3031 584 3095 deprecetur
604 3048 750 3092 eum,
785 3041 846 3081 ut
881 3046 977 3082 sua
1009 3031 1178 3097 gratia
1200 3046 1257 3082 se

183 3114 370 3169 tangat
391 3115 444 3154 et
466 3115 632 3156 sanet.
664 3103 999 3156 Confiteatur
1022 3119 1139 3154 sese
1161 3104 1259 3156 im·

179 3177 475 3237 mundum,
500 3187 553 3227 et
584 3176 864 3228 Christum
891 3186 1162 3242 potentem
1189 3178 1255 3229 ad

178 3264 245 3299 se
266 3250 663 3310 mundandum,
688 3259 739 3302 et
758 3250 899 3314 apud
922 3248 1105 3314 ipsum
1130 3264 1255 3302 cum

181 3322 399 3384 leproso
423 3321 618 3372 clamet
650 3330 706 3372 et
726 3321 869 3372 dicat
886 3337 903 3370 z
922 3319 1175 3382 Domine,
1206 3321 1257 3374 si

178 3392 288 3454 vis,
305 3397 463 3455 potes
488 3406 571 3442 me
594 3392 867 3443 mundare.
895 3392 951 3442 Si
973 3391 1126 3443 enim
1153 3392 1256 3445 hoc

173 3461 368 3528 egerit,
415 3473 593 3513 certus
648 3463 719 3514 sit
767 3465 834 3514 de
865 3463 1255 3524 misericordia,

181 3550 298 3584 non
329 3532 575 3599 desperet
602 3533 667 3584 de
709 3534 884 3595 venia,
933 3534 1063 3600 quia
1096 3534 1255 3586 beni-

179 3620 328 3670 gnus
353 3614 436 3654 est
478 3604 744 3656 Dominus
771 3604 867 3670 qui
892 3605 1167 3657 neminem
1188 3605 1254 3657 ad

182 3691 242 3725 se
274 3674 583 3726 venientem
615 3675 854 3741 repellit,
882 3676 975 3728 sed
999 3675 1255 3728 omnibus

178 3746 372 3796 sinum
411 3761 523 3797 suae
571 3746 953 3799 misericordiae
998 3748 1169 3814 aperit
1205 3757 1256 3797 et

177 3817 459 3883 expandit.
490 3818 615 3869 Non
637 3828 755 3883 eget
789 3817 964 3883 spatio
987 3832 1256 3870 annorum

179 3891 266 3940 vel
310 3889 650 3955 longitudine
677 3889 936 3955 temporis
979 3890 1039 3940 in
1078 3889 1257 3956 poeni-

174 3958 378 4023 tentia‚
423 3959 516 4011 sed
554 3967 646 4011 cor
674 3960 959 4012 contritum
993 3967 1045 4012 et
1077 3961 1255 4016 humi-

2326 355 2431 420 403

1375 466 1565 517 liatum
1606 465 1848 532 requirit,
1885 476 1938 518 et
1972 466 2135 535 digne
2165 469 2437 533 poeniten—

1374 537 1522 589 tibus
1582 548 1791 603 peccata
1848 554 1942 604 per
2015 539 2439 595 misericordiam

1375 609 1589 660 relaxat.
1640 609 1760 661 Tali
1815 609 1961 659 enim
2003 625 2198 662 manus
2241 611 2439 665 divinae

1373 678 1759 730 misericordiae
1795 680 2155 745 protenditur,
2185 681 2336 745 cujus
2370 691 2442 735 ta·

1373 759 1463 798 ctu
1499 758 1552 799 et
1582 749 1812 815 imperio
1851 759 2040 801 cuncta
2067 750 2180 814 ejus
2212 751 2441 803 crimina

1371 819 1688 872 relaxantur.
1722 821 1975 871 Extendit
2004 820 2150 870 enim
2170 821 2441 875 Dominus

1370 905 1615 951 manum,
1649 891 1866 956 quando
1903 890 2100 940 divinae
2132 891 2440 943 miseratio·—

1366 962 1455 1012 nis
1507 962 1771 1028 impendit
1816 964 2111 1024 auxilium,
2164 974 2216 1016 et
2258 966 2439 1018 statim

1368 1033 1718 1098 consequitur
1780 1034 2156 1087 remissionem
2212 1035 2440 1088 delicto-

1366 1120 1505 1155 rum.
1533 1105 1641 1155 Nec
1680 1114 1859 1156 tamen
1877 1105 2034 1156 debet
2061 1106 2311 1157 Ecclesiae
2348 1122 2439 1159 re-

1364 1174 1637 1226 conciliari
1662 1174 1802 1235 talis,
1838 1176 1943 1227 nisi
1972 1177 2171 1240 judicio
2190 1179 2438 1231 sacerdo-

1365 1245 1436 1295 tis
1447 1260 1462 1308 ;
1518 1260 1549 1296 a
1605 1245 1836 1310 peccatis
1896 1256 2074 1297 autern
2112 1249 2402 1300 mundatus
2422 1287 2437 1310 ,

1363 1316 1520 1367 debet
1551 1315 1884 1369 Deoiofferre
1920 1334 2139 1380 munus,
2170 1319 2224 1370 id
2250 1329 2328 1371 est
2351 1335 2439 1373 sa-

1364 1385 1625 1437 crificium
1657 1386 1848 1446 laudis,
1863 1396 1915 1437 et
1935 1403 2059 1437 eum
2082 1389 2287 1454 ubique
2316 1390 2438 1441 lau-

1363 1456 1517 1517 dare,
1547 1455 1684 1521 quia
1718 1456 1875 1507 debet
1913 1457 2029 1508 Deo
2065 1459 2218 1510 valde
2257 1469 2440 1525 gratus

1362 1543 1510 1588 esse,
1552 1538 1606 1579 et
1652 1543 1864 1594 semper
1910 1529 2105 1595 gratias
2161 1529 2438 1582 referendo

1361 1611 1415 1655 et
1468 1601 1732 1667 proximis
1793 1603 1936 1654 bona
1978 1619 2099 1669 quae
2141 1613 2317 1669 potest
2355 1604 2437 1659 fa·

1362 1673 1570 1733 ciendo,
1601 1689 1816 1725 servans
1845 1689 1968 1740 erga
2013 1675 2187 1724 Deum
2219 1684 2270 1725 et
2313 1691 2439 1742 πμ

1364 1746 1645 1812 proximos
1708 1747 1998 1798 caritatem.
2073 1748 2226 1798 Nihil
2291 1749 2438 1799 enim

1361 1818 1520 1868 nobis
1550 1833 1645 1884 per
1686 1835 1880 1871 vanam
1915 1819 2142 1885 gloriam
2182 1820 2438 1872 debemus

1360 1891 1673 1955 attribuere,
1699 1893 1797 1942 sed
1830 1892 2013 1942 omnia
2057 1892 2169 1942 Deo
2220 1893 2435 1945 offerre.

1362 1961 1443 2012 De
1477 1961 1735 2013 omnibus
1768 1960 1916 2012 enim
1948 1961 2205 2027 operibus
2239 1963 2438 2015 nostris

1359 2032 1508 2083 Deus
1536 2032 1654 2083 vult
1688 2040 1749 2081 ut
1785 2031 2081 2082 habeamus
2116 2042 2290 2082 totum
2318 2047 2438 2083 me-

1359 2103 1531 2153 ritum
1576 2112 1628 2153 et
1666 2102 1947 2169 proximus
1999 2101 2192 2152 habeat
2237 2104 2434 2155 bonum

1358 2176 1688 2242 exemplum,
1739 2175 1836 2229 sed
1880 2174 2029 2226 Deus
2076 2175 2194 2225 vult
2245 2175 2439 2230 habere

1359 2249 1574 2298 laudem
1616 2258 1670 2300 et
1704 2248 1950 2313 gloriam.
1978 2246 2107 2297 Tria
2137 2248 2288 2298 enim
2330 2248 2438 2300 sibi

1358 2321 1504 2371 Deus
1537 2319 1841 2385 specialiter
1863 2318 2173 2379 reservavit,
2217 2329 2268 2371 et
2300 2320 2436 2371 nulli

1359 2399 1615 2441 creaturae
1641 2405 1885 2456 unquam
1916 2389 2316 2441 communicare
2338 2405 2436 2442 vo-

1361 2460 1481 2523 luit,
1517 2460 1720 2512 scilicet
1747 2460 1994 2526 gloriam,
2029 2459 2345 2520 vindictam,
2387 2470 2439 2512 et

1360 2529 1548 2596 judicii
1587 2539 1923 2595 potestatem.
1970 2529 2211 2581 Gloriam
2258 2539 2439 2582 autem

1362 2602 1613 2655 auferunt
1653 2618 1787 2654 vane
1841 2601 2096 2669 gloriosi,
2082 2620 2093 2628 ·
2143 2601 2439 2652 vindictam

1362 2675 1582 2741 superbi
1620 2684 1675 2726 et
1699 2674 1962 2737 iracundi,
1992 2674 2086 2739 qui
2128 2676 2194 2724 de
2227 2674 2441 2739 injuriis

1363 2748 1471 2801 sibi
1493 2747 1660 2800 illatis
1688 2746 1958 2799 vindicare
1983 2762 2041 2797 se
2063 2747 2320 2812 cupiunt·
2308 2785 2325 2811 ,
2351 2747 2439 2813 ju·-

1363 2819 1589 2880 dicium,
1624 2817 1893 2870 temerarii
1922 2828 1972 2870 et
2003 2818 2440 2885 praesumptuosi,

1364 2891 1462 2958 qui
1486 2894 1552 2943 de
1577 2890 1806 2944 occultis
1827 2890 2063 2947 aliorum
2088 2891 2323 2956 judicare
2339 2906 2440 2943 vo-

1361 2962 1504 3014 lunt.

1427 3033 1461 3085 8
1506 3034 1827 3084 Garri-runo
1882 3048 2105 3084 nemost
2163 3034 2440 3084 Cuius-ruit

1361 3120 1738 3158 Puntcmrs.
1757 3132 1823 3143 —-
1851 3104 1917 3157 Et
1941 3104 2093 3170 quia,
2114 3114 2175 3155 ut
2195 3105 2326 3156 dicit
2350 3104 2440 3155 hic

1370 3180 1544 3241 Titus,
1573 3185 1786 3243 oportet
1812 3176 2190 3228 beneficiatum
2227 3185 2438 3241 gratum

1362 3264 1499 3308 esse,
1531 3246 1729 3313 gratias
1764 3246 2002 3307 reddere,
2037 3246 2245 3297 etiamsi
2285 3246 2440 3297 bene-

1362 3320 1551 3373 ficians
1572 3334 1685 3370 non
1708 3317 1975 3385 indigeat;
2000 3318 2120 3369 ideo
2144 3319 2267 3369 licet
2294 3334 2437 3384 prae-

1364 3394 1596 3459 cepisset
1623 3391 1891 3445 Dominus
1932 3392 2145 3456 leproso
2182 3392 2436 3442 mundato

1363 3476 1426 3517 ut
1464 3466 1530 3515 de
1559 3480 1655 3516 sua
1692 3464 1965 3516 curatione
2009 3471 2216 3522 taceret,
2256 3472 2436 3514 tamen

1362 3550 1639 3604 egressuS,
1666 3545 1719 3587 et
1748 3533 2018 3595 recedenS,
2044 3546 2352 3594 sermonem,
2382 3532 2437 3586 id

1363 3617 1446 3660 est
1468 3621 1630 3672 opera
1655 3615 1708 3657 et
1741 3604 1902 3656 verba
1919 3601 2164 3661 Domini,
2178 3601 2438 3669 dzffama-

1365 3680 1483 3740 bat,
1520 3686 1575 3728 et
1611 3690 1788 3729 sermo
1817 3672 2063 3724 sanitatis
2092 3682 2144 3723 et
2181 3673 2438 3725 doctrinae

1364 3750 1433 3800 de
1486 3748 1582 3799 illo
1627 3745 1799 3809 magis
1840 3743 2270 3808 perambulabat,
2310 3743 2439 3809 quia

1363 3819 1506 3875 hoc'
1493 3833 1612 3884 ipso
1641 3815 1788 3882 quod
1809 3814 1978 3865 homo
2004 3813 2143 3879 fugit
2161 3813 2358 3866 famam
2386 3824 2439 3865 et

1366 3889 1615 3957 gloriam,
1651 3884 1885 3951 acquirit
1911 3898 2046 3936 eam.
2087 3886 2246 3945 Nam,
2279 3893 2337 3935 ut
2366 3883 2439 3934 ait

1367 3958 1711 4020 BernarduS,
1740 3956 1847 4010 hoc
1862 3955 2038 4009 solum
2068 3956 2230 4008 habet
2249 3954 2437 4007 mundi
