2784 4452
342 330 446 372 *202

336 446 523 487 curam
551 433 848 501 perficiunt,
867 433 921 484 in
940 435 1092 484 omni
1117 433 1402 484 desiderio,

343 503 530 572 Neque
557 504 700 555 enim
747 516 962 571 peccare
1010 512 1276 563 metuunt,
1312 502 1407 552 sed

345 576 552 643 puniri3
586 592 681 627 nec
705 576 890 627 virtuti
920 575 1096 626 cordis
1124 589 1284 642 opera
1320 575 1410 623 da-

342 659 465 713 tur,
508 648 600 699 sed
642 647 929 699 valetudini
976 647 1244 714 corporis,
1294 646 1408 696 imo

341 718 509 770 etiam
536 719 814 785 voluptati.
833 718 912 769 De
934 718 1116 768 schola
1144 719 1410 784 Hypocra-

346 789 420 841 tis
443 799 495 840 et
525 789 741 855 Epicuri
764 788 1069 839 didicerunt
1093 789 1226 839 haee.
1251 789 1409 838 Tem·

346 873 450 928 pus
479 862 580 912 hoc
614 861 926 922 animabus,
952 876 1061 911 non
1090 860 1410 926 corporibus

344 941 430 984 est
459 932 787 998 assignatum
797 948 812 996 ;
839 932 954 983 dies
978 932 1167 983 salutis
1198 931 1407 998 utique,

348 1016 457 1054 non
472 1003 777 1068 voluptatis.
806 1023 833 1052 n
865 1003 931 1055 Et
956 1003 1186 1054 iterum:
1208 1022 1236 1050 ι(
1256 1001 1410 1052 Nihil

348 1075 634 1142 pretiosius
678 1080 917 1141 tempore
939 1115 952 1137 ,
997 1077 1090 1126 sed
1141 1073 1278 1126 heu!
1332 1074 1410 1124 nil

349 1148 512 1199 hodie
547 1148 711 1201 vilius
753 1148 1068 1200 aestimatur.
1108 1149 1413 1199 Transeunt

343 1217 464 1268 dies
494 1219 703 1287 salutiS,
740 1230 793 1270 et
827 1233 984 1270 nemo
1020 1220 1293 1286 recogitat,
1323 1233 1415 1268 ne—

350 1301 443 1340 mo
471 1289 580 1340 sibi
606 1304 713 1341 non
750 1290 985 1342 reditura
1017 1300 1294 1341 momenta
1311 1303 1412 1356 pe-

351 1361 509 1412 riisse
526 1372 807 1413 causatur:
835 1379 865 1410 r>
886 1362 999 1413 haec
1026 1361 1360 1412 Ber-nardus.

416 1430 444 1484 5
480 1434 560 1485 Dr:
587 1434 908 1485 runem-ona
932 1446 1099 1485 mun.
1133 1456 1202 1473 --·
1225 1434 1298 1485 Et
1323 1446 1414 1484 re-

349 1517 491 1565 vera,
518 1504 657 1555 nihil
680 1505 737 1556 in
767 1506 867 1556 hac
886 1505 999 1556 vita
1021 1506 1311 1572 pretiosius
1332 1514 1416 1555 est

348 1584 609 1640 tempore,
664 1575 792 1641 quia
856 1576 1003 1626 brevi
1053 1576 1186 1627 hora
1237 1585 1416 1641 posset

348 1644 476 1711 quis
500 1644 712 1694 veniam
744 1656 797 1696 et
821 1646 1067 1712 gratiam,
1095 1661 1155 1696 ac
1188 1645 1415 1711 gloriam

348 1715 594 1766 obtinere
631 1727 684 1767 et
712 1718 834 1783 plus
861 1731 1025 1784 quam
1061 1726 1206 1768 totus
1247 1730 1417 1768 mun-—

346 1788 455 1839 dus
486 1789 655 1839 valeat
682 1790 993 1856 promereri.
1022 1791 1142 1840 Non
1162 1800 1244 1841 est
1267 1790 1416 1841 enim

354 1858 492 1911 hora
515 1871 623 1911 tarn
652 1861 847 1922 brevis,
879 1861 936 1911 in
962 1876 1069 1929 qua
1097 1878 1208 1912 non
1246 1861 1417 1928 spiri-

350 1930 515 1982 tualia
542 1933 705 1993 lucra,
738 1948 837 1983 suo
873 1934 1052 1984 valore
1077 1933 1418 1999 incompara-

350 2002 532 2054 biliter
583 2002 768 2053 omnia
820 2012 1029 2054 terrena
1070 2004 1375 2054 excedentia
1401 2042 1415 2064 ,

355 2087 664 2138 comparare
715 2083 911 2140 posset.
975 2076 1206 2127 Attende
1253 2075 1418 2126 etiam

356 2147 486 2214 quia
516 2147 638 2212 plus
664 2148 804 2198 valet
822 2148 911 2199 hic
933 2148 992 2200 in
1022 2149 1276 2216 patientia
1302 2149 1418 2200 dies

347 2234 514 2283 unm,
567 2238 731 2291 quarn
768 2222 826 2275 in
875 2223 1183 2292 purgatorio
1222 2237 1417 2276 annus.

352 2292 509 2344 Unde
554 2294 613 2345 in
645 2295 888 2347 Ezechiei
920 2313 935 2346 ε
965 2296 1122 2347 Diem
1143 2311 1250 2363 pro
1279 2310 1419 2346 anno

352 2359 478 2415 dedi
519 2366 632 2416 tibi.
684 2365 849 2418 Poena
894 2376 1074 2418 tamen
1125 2365 1417 2436 purgatorii
1465 2405 1466 2408 η

346 2438 560 2487 excedit
585 2452 801 2488 ornnem
828 2453 1044 2505 poenam
1068 2442 1417 2507 temporalem

352 2504 518 2572 hujus
542 2507 682 2557 vitae.
710 2508 854 2559 Dicit
898 2510 1047 2561 enim
1076 2513 1421 2578 Augustinus

350 2576 500 2642 quod
554 2576 646 2626 ille
690 2576 833 2643 ignis
884 2581 1187 2661 *purgatorii
1233 2581 1421 2632 durior

348 2656 435 2697 est
478 2658 643 2713 quam
689 2648 957 2715 quidquid
1001 2665 1059 2701 ιη
1093 2650 1197 2700 hoc
1235 2651 1420 2701 secuio

352 2731 655 2787 poenarum,
696 2732 789 2772 aut
829 2723 1046 2786 sentire,
1087 2733 1180 2774 aut
1218 2724 1419 2786 videre,

353 2802 448 2844 aut
474 2795 706 2860 cogitare
733 2795 859 2862 quis
887 2806 1078 2862 potest.
1109 2797 1278 2863 Igitur
1300 2812 1423 2848 ma-

348 2864 441 2931 gis
486 2873 567 2915 est
612 2868 908 2917 curandum
965 2869 1032 2919 de
1077 2868 1219 2919 bona
1269 2868 1419 2931 vita,

355 2947 521 3000 quam
599 2935 666 2986 de
719 2935 898 3004 ionga.
955 2936 1111 2989 Unde
1171 2937 1377 2989 Seneca
1403 2954 1421 2989 .·

356 3023 388 3053 a
426 3007 604 3067 Quam
662 3008 798 3060 bene
846 3010 996 3062 vivas
1055 3007 1216 3062 refert
1238 3050 1252 3073 ,
1307 3025 1419 3062 non

357 3078 637 3146 quamdiu.
692 3082 829 3132 Actu
879 3082 1047 3135 vitam
1098 3083 1419 3147 metiamur,

356 3165 465 3203 non
495 3162 750 3218 ternpore.
780 3171 808 3202 »

421 3219 454 3272 6
487 3222 632 3273 Tmzs
656 3235 793 3273 sun-r
817 3235 1169 3277 Poemrssunlss
1201 3240 1417 3278 nurus.

355 3321 419 3333 —-
447 3293 591 3345 Sunt
616 3304 795 3345 autern
819 3306 928 3347 tres
962 3308 1138 3363 partes
1162 3300 1423 3365 poeniten-

356 3366 558 3428 tentiae,
610 3366 811 3419 scilicet
854 3384 868 3418 ε
910 3369 1087 3420 cordis
1138 3371 1419 3433 contriti0,

355 3437 469 3488 oris
496 3435 780 3501 confessio,
806 3448 859 3489 et
890 3439 1070 3505 operis
1108 3440 1420 3493 satisfactio.

360 3508 614 3576 Praecepit
650 3510 797 3560 enim
855 3511 1128 3578 Scriptura
1179 3513 1421 3565 scindere

348 3582 550 3644 corda,
599 3595 701 3633 non
755 3583 1065 3635 vestimenta
1081 3621 1101 3647 ,
1179 3585 1421 3636 confiteri

350 3650 675 3704 aiter-utrum
706 3660 966 3721 peccata,
1019 3665 1072 3705 et
1100 3654 1295 3720 facere
1332 3657 1422 3708 di-

349 3739 499 3790 gnos
565 3724 788 3791 fructus
847 3728 1193 3794 poem'tentiae.
1285 3728 1424 3780 Nam

352 3809 483 3843 cum
566 3810 729 3847 omne
814 3808 1085 3864 peccatum
1166 3799 1423 3850 commit-

358 3872 504 3914 tatur
550 3868 723 3929 corde,
786 3883 963 3935 opere,
1000 3870 1087 3921 vel
1127 3885 1254 3931 ore,
1302 3870 1421 3935 jus-

358 3941 476 3983 tum
532 3945 613 3986 est
681 3938 754 3989 ita
801 3941 973 3991 curari
1039 3955 1134 4007 per
1205 3951 1466 3992 contra-*

984 314 1222 369 muner:
1257 312 1505 368 muns
1533 310 1771 367 CAPUT
1802 284 1915 389 xic

1511 430 1673 491 rium,
1724 440 1790 481 ut
1839 438 2082 497 peccator
2134 428 2344 493 culpam
2389 428 2577 480 animo

1511 505 1817 563 detestetur,
1857 503 2021 553 verbo
2069 511 2294 561 acmset,
2338 510 2391 550 et
2437 499 2578 552 facto

1513 574 1783 642 poeniteat.
1817 575 1934 625 Istae
1962 584 2070 625 tres
2097 583 2272 639 partes
2299 573 2578 637 poeniten-

1512 648 1600 698 tiae
1661 656 1790 698 sunt
1838 646 1994 697 trinae
2045 645 2220 705 dicoe,
2268 645 2471 710 quibus
2507 645 2580 696 ad

1513 730 1710 771 terram
1742 718 2122 785 promissionis
2158 719 2285 769 itur.
2332 719 2410 768 De
2448 718 2581 784 qui—

1515 793 1618 843 bus
1655 792 1714 842 in
1753 792 1935 843 Exodo
1985 791 2224 841 dicitur:
2261 791 2430 842 Deus·
2461 791 2582 842 He-

1517 865 1780 916 braeorum
1848 863 2061 915 vocavit
2110 876 2246 926 ποε,
2289 869 2347 912 ut
2395 874 2581 913 ems

1516 935 1657 985 viam
1686 935 1847 985 trium
1875 933 2081 984 dier-zum
2104 934 2160 984 in
2196 932 2500 995 solitudine,
2527 937 2582 983 et

1517 1003 1879 1072 sacrificemus
1916 1003 2149 1054 Domino
2188 1003 2304 1053 Deo
2359 1008 2577 1063 nostro,

1517 1090 1582 1127 ne
1597 1077 1750 1142 forte
1772 1075 1988 1128 accidat
2013 1075 2165 1126 nobis
2187 1074 2379 1140 pestis,
2413 1073 2470 1122 id
2501 1082 2585 1123 est

1517 1150 1673 1214 culpa
1709 1147 1768 1198 in
1805 1146 2072 1215 praesenti,
2114 1156 2207 1196 aut
2255 1145 2489 1212 gladius,
2527 1143 2583 1194 id

1518 1229 1599 1270 est
1638 1231 1796 1285 poena
1825 1219 1883 1269 in
1911 1217 2111 1269 futuro.
2143 1218 2202 1266 In
2250 1216 2354 1266 hoc
2383 1214 2586 1275 triduo,

1519 1290 1770 1358 quaesivit
1790 1290 1958 1357 Virgo
1982 1289 2149 1340 Maria
2167 1287 2370 1338 Filium
2401 1300 2587 1348 suum,

1519 1373 1571 1412 et
1591 1361 1800 1412 invenit
1826 1360 2055 1411 eum.1n
2078 1374 2189 1426 quo
2223 1357 2368 1408 felici
2403 1357 2593 1408 triduo
2645 1396 2654 1407 .

1519 1434 1772 1485 similiter
1796 1443 1849 1484 et
1874 1442 1935 1484 tu
1956 1432 2005 1483 si
2030 1431 2324 1498 quaesieris,
2346 1428 2594 1480 invenies

1521 1508 1734 1570 Jesum,
1779 1506 1838 1556 id
1899 1516 1983 1557 est
2036 1504 2264 1555 salutem
2313 1511 2587 1552 aeternam.

1522 1578 1649 1628 Haec
1669 1587 1751 1628 est
1775 1578 1933 1637 scala,
1959 1589 2084 1626 curn
2105 1575 2282 1625 tribus
2309 1573 2586 1640 gradibus,

1522 1662 1686 1714 quam
1722 1647 1862 1697 vidit
1898 1647 2078 1710 Jacob,
2127 1655 2360 1695 erectam
2387 1659 2419 1693 a
2446 1644 2591 1693 terra

1521 1718 1783 1785 usquead
1813 1718 2027 1778 coelum,
2070 1727 2123 1768 et
2156 1715 2455 1766 Dominum
2491 1713 2591 1764 in-

1521 1791 1715 1842 nixum
1740 1791 1894 1841 scalae
1921 1799 2139 1856 propter
2156 1788 2260 1838 tria
2283 1805 2300 1838 :
2323 1787 2589 1852 primum,

1523 1874 1584 1913 ut
1621 1876 1741 1913 eam
1777 1861 1988 1912 fortiter
2043 1859 2338 1922 sustineat3¹
2387 1873 2589 1908 semn-

1523 1937 1672 1997 dum,
1699 1944 1759 1985 ut
1798 1933 2103 1984 ascendenti
2143 1945 2240 1998 per
2286 1946 2424 1991 eam,
2468 1944 2592 1981 rna·

1524 2023 1661 2068 nus,
1707 2006 1754 2058 si
1811 2019 2031 2057 necesse
2082 2004 2274 2064 fuerit,
2323 2001 2587 2068 porrigat3

1522 2079 1761 2140 tertium,
1785 2088 1848 2129 ut
1871 2078 2177 2137 ascendens,
2213 2089 2339 2126 cum
2373 2074 2590 2124 labora-

1522 2152 1675 2212 verit,
1704 2160 1759 2202 et
1793 2149 2043 2217 fatigatus
2088 2148 2269 2218 fuerit,
2313 2146 2374 2196 in
2403 2146 2590 2212 ipsum

1524 2222 1786 2289 respiciat,
1824 2232 1876 2273 et
1914 2231 2081 2272 totam
2123 2234 2279 2270 suam
2313 2232 2496 2269 curam
2530 2215 2589 2266 in

1523 2309 1649 2345 eum
1673 2296 1828 2360 jactet
1856 2308 1873 2344 z
1899 2308 2013 2343 non
2052 2291 2200 2342 enim
2239 2291 2317 2341 ita
2357 2287 2592 2339 crudelis

1523 2376 1606 2417 est
1625 2365 1776 2431 quod
1792 2379 1922 2414 eum
1944 2363 2132 2414 cadere
2157 2360 2448 2427 permittat.

1590 2451 1621 2503 7
1655 2436 1735 2486 De
1763 2447 2119 2485 contrat-norm
2137 2446 2345 2482 connis.
2374 2454 2440 2503 ⁴-
2479 2428 2596 2479 Pri-

1525 2523 1615 2559 ma
1642 2523 1770 2574 ergo
1801 2520 1925 2573 pars
1956 2504 2286 2572 poenitentioe
2308 2512 2389 2553 est
2415 2500 2596 2553 cordis

1525 2578 1798 2630 contritio,
1837 2579 1932 2628 Est
1967 2586 2144 2626 autern
2191 2573 2440 2625 contritio
2485 2573 2594 2622 do·

1523 2652 1608 2701 lor
1642 2647 1946 2701 voluntarie
1977 2656 2289 2712 assumptus
2329 2660 2429 2711 pro
2461 2658 2595 2709 peo-

1523 2719 1686 2781 oatis,
1732 2733 1859 2769 cum
1920 2716 2214 2784 proposito,
2271 2730 2369 2765 seu
2397 2714 2592 2764 inten-

1526 2791 1674 2842 tione
1721 2788 2012 2841 confitendi
2085 2798 2139 2839 et
2194 2783 2589 2845 satisfaciendi.

1509 2862 1652 2931 'quia
1703 2863 1891 2913 miuus
1947 2875 2071 2912 vere
2113 2869 2359 2911 censetur
2396 2856 2593 2908 contr-ir

1525 2947 1632 2998 tus,
1662 2936 1767 2987 nisi
1794 2936 1988 2986 habeat
2014 2933 2353 3000 propositum
2393 2930 2592 2995 hujus-

1525 3007 1694 3058 modi.
1729 3007 1790 3058 [ιι
1817 3020 1926 3073 qua
1948 3003 2289 3064 contritione,
2320 3002 2489 3051 homo
2513 2998 2593 3049 sir-

1526 3081 1754 3148 gillatim
1819 3078 2009 3131 omnia
2060 3087 2272 3144 peccata
2319 3089 2418 3126 sua
2474 3081 2597 3123 ame

1526 3151 1763 3203 tribunal
1812 3149 2149 3200 conscientiae
2198 3160 2308 3197 suae
2347 3145 2593 3205 adducat.

1526 3237 1587 3277 ut
1615 3225 1690 3275 ibi
1725 3224 1966 3289 seipsum
1991 3236 2267 3281 accusans,
2291 3220 2352 3271 in
2384 3217 2591 3269 amari-

1525 3295 1714 3347 tudine
1784 3294 1982 3344 antimae
2047 3307 2160 3343 suae
2231 3292 2298 3341 de
2358 3286 2596 3355 singulis

1526 3377 1852 3429 conteretur,
1928 3376 1979 3418 et
2023 3376 2207 3433 postea
2257 3362 2594 3416 confiteatur.

1525 3441 1604 3492 De
1655 3439 1887 3506 singuiis
1928 3438 2131 3506 quippe
2165 3437 2393 3504 peccatis
2439 3445 2596 3484 mor·-

1525 3511 1728 3563 talibus
1787 3510 2083 3577 requiritur
2160 3507 2410 3559 contritio
2471 3505 2595 3555 sin—

1527 3582 1748 3649 gularis·
1810 3581 2156 3633 Diversorum
2225 3578 2373 3629 enirn
2439 3587 2595 3625 mor-

1528 3653 1723 3703 borum
1784 3650 2009 3702 diversae
2062 3659 2192 3701 sunt
2270 3647 2553 3699 medicinae
2575 3682 2594 3710 ‚

1527 3723 1620 3774 sed
1643 3723 1899 3774 contritio
1940 3729 2021 3773 est
2056 3721 2321 3772 medicina
2347 3716 2597 3785 singula·

1527 3795 1603 3845 ris
1630 3804 1813 3846 contra
1854 3810 2028 3845 unum
2082 3803 2292 3844 tanturn
2337 3790 2592 3852 mortale3

1528 3882 1654 3934 ergo
1686 3881 1798 3919 non
1831 3867 2029 3919 sufficit
2053 3882 2162 3918 una
2197 3862 2503 3916 communis
2521 3861 2594 3911 de

1528 3941 1786 3994 omnibus
1831 3940 2075 4008 peccatis,
2119 3940 2214 3991 sed
2240 3939 2309 3989 de
2348 3934 2620 4006 quolibet·
