2784 4452
666 333 758 383 DE
793 331 1411 385 PRAESENTATIONE
1439 331 1696 385 DOMINI
1728 331 1800 383 IN
1831 332 2199 385 TEMPLUM.

291 450 453 517 fugit,
480 463 547 501 ac
566 449 817 515 juvenilis
837 448 993 515 vigor
1023 456 1077 499 et
1104 447 1363 500 fortitudo

287 520 461 572 affuit.
493 522 688 586 Magna
722 520 813 570 hic
838 520 1059 570 Domini
1104 529 1358 585 potestas,

286 596 384 647 sed
418 610 531 645 non
573 595 755 644 minor
787 594 902 659 ejus
937 595 1103 644 claret
1139 593 1360 645 humili·

286 675 392 716 tas.
418 665 525 725 Qui
554 666 687 716 coelo
715 674 962 731 terraque
988 679 1100 714 non
1129 664 1359 730 capitur,

284 736 562 802 grandaevi
608 735 851 786 hominis
889 735 1040 785 ulnis
1083 745 1358 802 gestatur3

285 808 385 874 qui
412 808 565 874 prius
593 807 835 873 seipsum
858 801 996 856 ferre
1015 805 1109 857 vix
1129 816 1355 872 poterat,

283 895 434 930 nunc
459 880 647 931 leviter
668 881 900 930 Puerum
910 878 1092 930 ferens
1112 880 1361 932 exsultat.

282 950 407 1015 Ipse
431 950 581 1001 enim
621 950 868 1016 portabat
893 965 924 1001 a
959 965 1069 1016 quo
1099 949 1357 1016 portaba-

281 1030 392 1083 tur,
418 1030 473 1071 et
495 1020 591 1087 qui
611 1021 769 1071 verbo
793 1021 1010 1083 agir-tutis
1035 1034 1150 1072 suoe
1174 1021 1357 1072 omnia

279 1101 500 1155 pormt;
547 1091 638 1141 ille
687 1092 933 1156 portabat
981 1091 1263 1142 Christum
1291 1090 1352 1143 in

275 1160 635 1221 humanitate,
681 1175 712 1210 a
744 1175 855 1226 quo
902 1161 1214 1226 portabatur
1258 1176 1355 1227 per

272 1231 636 1283 divinitatem„
656 1233 945 1299 Eleganter
960 1233 1128 1299 igitur
1140 1233 1348 1284 dictum

272 1311 359 1352 est
384 1318 400 1352 z
428 1302 619 1353 Senex
642 1303 880 1353 Puerum
901 1304 1175 1368 portabat,
1198 1304 1352 1355 Puer

271 1377 453 1423 autem
473 1386 649 1423 senem
671 1372 911 1438 regebat.
942 1372 1168 1424 Ferebat
1186 1389 1349 1426 senex

271 1440 563 1493 Christum
590 1442 870 1504 infantem,
897 1443 994 1510 qui
1018 1443 1178 1495 illum
1203 1460 1348 1512 rege-

269 1513 363 1563 bat
412 1513 474 1563 in
520 1523 794 1565 senectute
845 1513 1148 1580 degentem.
1194 1516 1347 1568 Felix

268 1583 494 1649 quidem
517 1585 741 1636 Simeon
762 1584 881 1647 iste,
906 1584 1003 1651 qui
1025 1600 1141 1636 non
1163 1588 1344 1639 solum

266 1654 469 1719 videre,
494 1656 589 1708 sed
612 1656 775 1707 etiam
795 1656 1077 1707 Christum
1104 1657 1162 1708 in
1182 1674 1344 1710 carne

266 1729 472 1779 meruit
509 1728 748 1795 portare!
779 1729 932 1779 Felix
958 1728 1224 1792 nimium,
1245 1732 1341 1799 qui

266 1807 475 1850 tantam
491 1801 916 1852 consolationem
935 1800 1152 1864 meruit,
1176 1819 1342 1871 quam

265 1869 704 1922 desideraverunt
757 1871 1073 1923 Patriarchae
1120 1883 1175 1924 et
1222 1874 1345 1926 Pro-

266 1938 462 2004 phetae,
500 1951 553 1992 et
585 1956 701 1991 non
723 1942 1071 2007 acceperunt!
1106 1943 1182 1994 Et
1227 1960 1340 1995 non

262 2010 497 2062 dubium
553 2012 692 2078 quin
746 2028 815 2063 ex
858 2013 1173 2079 hujusmodi
1217 2028 1342 2065 am-

262 2081 427 2145 plexu
446 2084 574 2134 Jesu
602 2082 826 2147 Christi,
855 2085 1056 2136 multas
1081 2088 1335 2140 consola-

261 2155 445 2207 tiones
467 2158 744 2222 receperit,
781 2166 837 2209 et
869 2157 1167 2224 singularia
1197 2161 1336 2213 cha-

260 2226 484 2279 rismata
528 2229 840 2294 gratiarum.
895 2231 1053 2281 Unde
1103 2240 1158 2282 et
1201 2232 1338 2284 dicit

259 2300 450 2350 doctor
474 2300 718 2363 Graecus,
756 2302 903 2367 quod
937 2301 1166 2354 Infantis
1200 2304 1332 2357 inef-

257 2368 422 2420 fabile
449 2369 604 2434 jubar
633 2370 766 2421 adeo
795 2371 1086 2424 illustravit
1122 2388 1331 2436 senem,

253 2450 318 2492 ut
353 2456 607 2507 processu
643 2443 922 2509 temporis,
962 2443 1147 2499 futura
1199 2463 1330 2498 mox

254 2512 363 2564 sibi
384 2511 579 2564 fierent
601 2524 744 2565 nota.
774 2515 898 2565 Non
932 2516 1121 2569 minus
1149 2517 1331 2570 felices

254 2594 403 2645 sunt,
440 2586 533 2652 qui
574 2600 677 2637 non
714 2586 962 2639 viderunt
1003 2594 1059 2640 et
1093 2589 1331 2642 credide-

254 2663 400 2709 runt.

323 2743 383 2779 11
412 2729 675 2780 ,Snmoms
718 2746 1003 2783 cmnctm.
1047 2758 1109 2770 -
1147 2733 1330 2785 Bene-

251 2801 403 2851 dixit
460 2817 681 2868 quoque
724 2812 780 2853 et
847 2804 1084 2856 laudavit
1126 2805 1301 2865 Deum
1308 2845 1328 2870 ‚

252 2873 454 2938 gratias
493 2875 702 2941 agendo
732 2892 830 2942 pro
857 2887 1008 2928 tanto
1044 2878 1325 2941 beneficio,

250 2947 459 2998 scilicet
483 2949 550 2999 de
581 2949 894 3015 impletione
924 2951 1324 3018 promissionis,

251 3026 304 3067 et
350 3017 420 3069 de
463 3018 799 3071 exhibitione
845 3021 1210 3086 Salvationis3
1263 3038 1324 3076 ac

249 3089 369 3139 viso
407 3092 783 3158 Redemptore,
830 3093 1000 3161 aperit
1034 3095 1321 3147 revelatio-

252 3173 380 3209 nem
402 3159 465 3209 in
499 3173 701 3212 secreto
735 3162 950 3230 dialogo
974 3162 1082 3213 sihi
1108 3163 1319 3228 factam,

248 3227 483 3280 dicens:
534 3232 700 3283 Nunc
748 3232 1000 3296 dimittis,
1041 3234 1319 3298 Domine,

249 3314 462 3353 servum
487 3309 632 3355 tuum
652 3305 706 3354 in
719 3320 894 3370 pace.-
915 3306 1047 3372 quia
1072 3306 1323 3359 viderunt

247 3374 391 3424 oculi
432 3375 536 3426 mei
569 3377 829 3430 Salutare
865 3385 1030 3444 tuum,
1071 3389 1193 3441 etc„
1220 3395 1319 3446 per

245 3455 443 3500 totum.
476 3448 573 3511 Te,
608 3449 808 3517 inquit,
850 3451 1104 3513 Domine,
1141 3453 1316 3504 bene-

200 3559 203 3562 .
241 3517 365 3568 dico
397 3535 416 3568 z
451 3519 745 3585 promissio
775 3531 868 3573 tua
907 3525 1175 3589 completa
1216 3532 1315 3586 est,

241 3590 576 3655 completum
590 3600 673 3641 est
683 3602 737 3642 et
751 3591 1080 3643 desiderium
1098 3610 1282 3645 meum
1297 3611 1314 3658 ;

240 3659 372 3726 quia
395 3661 551 3712 video
580 3662 862 3713 Christum
894 3664 1134 3716 Salutate
1155 3675 1314 3717 tuum

239 3731 543 3784 Dominum
584 3751 788 3796 meum,
817 3737 973 3788 Jesus
1008 3738 1158 3789 enim
1194 3739 1321 3790 Sal-

237 3808 416 3865 vator,
460 3804 576 3854 sive
607 3806 872 3856 salutaris
917 3806 1312 3873 interpretatur.

240 3875 510 3930 Viderunt
546 3879 767 3945 quidem
803 3881 944 3931 oculi
983 3882 1160 3933 earnis
1203 3882 1313 3932 ho-

242 3947 451 4001 minem
476 3965 492 4013 ;
523 3951 615 4002 sed
654 3951 792 4002 oculi
820 3953 1021 4005 mentis
1045 3968 1311 4020 cognove-

2444 349 2543 401 ιιι)

1472 457 1602 499 runt
1619 463 1745 499 eum
1768 463 1887 499 esse
1906 448 2099 499 Deum.
2123 447 2371 499 Dimittis
2393 463 2538 515 ergo,

1471 519 1530 569 id
1556 528 1654 580 est,
1683 518 1924 569 dimittes
1956 521 2041 569 vel
2076 517 2336 582 dimittas,
2362 528 2423 570 ut
2449 519 2541 571 in-

1470 591 1743 658 telligatur
1780 590 2029 657 optative,
2077 590 2135 639 id
2180 599 2279 649 est,
2328 589 2538 641 utinam

1469 663 1730 722 dimittas,
1783 663 1891 727 jam
1940 676 2086 712 nunc
2133 671 2186 711 et
2232 661 2300 709 de
2346 671 2537 721 cetero,

1468 747 1679 784 servum
1714 737 1877 795 tuum,
1918 731 2085 791 abire,
2117 730 2172 780 in
2201 744 2357 797 pace,
2390 740 2442 782 et
2471 731 2537 782 de

1466 802 1566 854 hac
1600 803 1708 856 vita
1746 803 1970 854 transire
2014 801 2073 852 in
2112 800 2290 853 cordis
2334 800 2532 866 quiete,

1466 871 1780 939 quieturum
1812 873 1871 924 in
1912 872 2038 923 sinu
2079 870 2325 921 Abrahae.
2370 869 2535 929 Quasi

1464 957 1647 994 secure
1676 942 1896 1004 morior,
1921 942 2052 1009 quia
2083 955 2321 1008 praesens
2347 947 2450 999 est,
2480 949 2532 991 et

1464 1015 1523 1066 in
1547 1016 1796 1082 proximo
1823 1030 2106 1082 passuruS,
2129 1029 2240 1081 quo
2280 1011 2531 1063 redimar.

1462 1087 1673 1140 Sciebat
1698 1104 1865 1156 quam
1901 1088 2041 1139 beati
2070 1087 2212 1137 oculi
2240 1085 2336 1153 qui
2363 1085 2531 1137 Chri-

1461 1169 1610 1211 stum
1653 1170 1831 1211 essent
1860 1158 2065 1222 visuri3
2101 1169 2154 1209 et
2200 1157 2320 1207 ideo
2361 1155 2533 1208 donec

1459 1230 1618 1283 illum
1666 1231 1887 1292 videret,
1945 1229 2160 1280 nolebat
2210 1235 2384 1278 morte
2424 1225 2530 1276 dis-

1458 1303 1613 1356 solvi.
1655 1304 1781 1355 Mox
1819 1311 2001 1354 autem
2037 1310 2099 1352 ut
2121 1299 2279 1360 vidit,
2310 1298 2527 1364 optabat

1457 1375 1595 1427 solvi
1619 1390 1650 1427 a
1672 1390 1913 1441 corpore,
1951 1383 2005 1425 et
2038 1373 2096 1423 in
2128 1371 2257 1422 sinu
2290 1370 2525 1421 Abrahae

1456 1461 1642 1512 pacem
1679 1447 1897 1498 habere.
1929 1445 2196 1496 Laetanter
2237 1441 2393 1493 enim.
2425 1442 2527 1492 de-

1453 1519 1708 1570 scendere
1756 1518 1969 1569 volebat
2016 1516 2084 1568 ad
2139 1513 2373 1565 limbum
2424 1529 2524 1579 pa-

1451 1602 1627 1652 trum,
1671 1608 1737 1643 ex
1791 1606 1901 1659 quo
1946 1589 2150 1641 sciebat
2196 1588 2524 1638 Salvatorem

1453 1676 1660 1717 natum.
1703 1666 1810 1716 Sed
1851 1663 2128 1732 quomodo
2169 1660 2228 1711 in
2272 1675 2398 1726 pace
2435 1659 2525 1709 di-

1450 1740 1704 1800 mittitur,
1724 1755 1850 1791 cum
1869 1752 2059 1789 omnes
2074 1746 2206 1787 tunc
2224 1743 2523 1785 sternerent

1448 1813 1646 1866 lectum
1674 1829 1838 1865 suum
1872 1812 1933 1864 in
1958 1810 2232 1863 tenebris?
2261 1809 2324 1860 In
2368 1823 2514 1873 pace,

1448 1887 1660 1954 inquit,
1697 1886 1922 1955 quietiS‚
1966 1901 2080 1935 non
2118 1884 2178 1934 in
2220 1897 2347 1949 pace
2374 1880 2521 1932 frui-

1445 1957 1615 2010 tionis
1653 1958 1772 2008 Dei.
1819 1957 1952 2007 Ecce
1993 1955 2216 2006 Simeon
2251 1952 2518 2019 perfectus

1444 2028 1567 2091 fuit,
1597 2029 1804 2080 habens
1839 2028 2008 2079 vitam
2044 2026 2104 2075 in
2143 2022 2418 2091 patientia,
2464 2030 2515 2072 et

1444 2109 1676 2151 mortem
1721 2100 1783 2151 in
1829 2096 2114 2150 desiderio.
2163 2095 2311 2145 Adeo
2355 2108 2514 2158 ergo,

1441 2171 1742 2224 secundum
1787 2170 2023 2232 Beatam,
2087 2168 2146 2218 in
2179 2165 2509 2232 quibusdam

1440 2244 1662 2311 perfecti
1699 2244 1918 2295 fuerunt
1945 2252 2122 2308 patres
2161 2238 2374 2293 Veteris
2401 2237 2512 2288 Te-

1438 2315 1711 2375 stamenti,
1737 2324 1800 2365 ut
1829 2312 1986 2364 Novi.

1508 2402 1570 2437 12
1640 2386 1863 2437 Taum
1928 2383 2214 2435 Cmusrmt
2276 2394 2346 2431 m·
2403 2394 2508 2429 Λιι-

1436 2471 1665 2507 pamm
1714 2469 2045 2507 vomam-mus
2087 2468 2209 2512 ome
2245 2465 2376 2502 surr·
2407 2464 2510 2500 nn-

1434 2542 1700 2579 cssssuu..
1729 2554 1795 2565 -
1833 2525 1939 2587 Qui
1976 2525 2092 2575 vult
2118 2533 2301 2575 tenere
2322 2521 2508 2572 Jesum

1436 2598 1691 2650 manibus
1732 2606 1786 2648 et
1827 2595 2139 2663 amplexari,
2183 2604 2236 2645 et
2279 2592 2340 2644 in
2379 2606 2506 2658 pace

1434 2666 1658 2729 dimitti,
1700 2667 1851 2719 omni
1879 2668 2062 2719 labore
2089 2665 2291 2716 nitatur
2318 2671 2380 2714 ut
2403 2662 2508 2725 hae

1435 2739 1558 2789 beat
1590 2738 1854 2805 Spiritum
1877 2738 2104 2799 ducem3
2131 2735 2421 2799 veniatque
2444 2731 2504 2782 in

1432 2810 1744 2871 Jerusalem,
1782 2807 2146 2860 conversando
2180 2806 2237 2856 in
2268 2804 2506 2857 coelesti-

1435 2883 1572 2947 bus;
1598 2884 1774 2935 veniat
1800 2882 1862 2933 in
1883 2880 2167 2947 templum,
2191 2878 2423 2946 aptando
2447 2891 2504 2927 se

1432 2959 1678 3023 exemplo
1719 2957 1939 3008 illerum
1968 2954 2027 3004 in
2063 2953 2265 3021 quibus
2293 2952 2501 3003 habitat

1430 3026 1595 3088 Deus»,
1620 3025 1957 3092 suspirandO,
1980 3033 2032 3075 et
2055 3038 2222 3074 unam
2253 3021 2500 3088 petend0,

1430 3108 1491 3150 ut
1531 3098 1800 3149 inhabitet
1835 3111 2049 3161 semper
2080 3095 2138 3147 in
2176 3095 2339 3145 domo
2381 3093 2498 3143 Do-

1429 3169 1602 3233 mini3
1630 3177 1867 3235 expectet
1893 3166 2195 3218 Dominum
2223 3175 2276 3216 et
2298 3164 2500 3215 adven—

1428 3250 1547 3291 tum
1566 3241 1698 3305 ejus·
1710 3239 1803 3290 Sic
1816 3238 1965 3290 enim
1986 3248 2038 3289 et
2057 3238 2238 3303 ipsum
2255 3236 2497 3286 Verbum

1426 3310 1525 3361 Dei
1550 3311 1610 3362 in
1633 3309 1888 3361 manibus
1910 3308 2165 3374 accipere,
2193 3315 2247 3356 et
2276 3302 2401 3355 fidei
2437 3318 2498 3354 ac

1425 3378 1562 3448 spei,
1598 3390 1652 3432 et
1674 3380 1952 3433 charitatis
1986 3377 2222 3429 brachiis
2257 3373 2495 3426 merebi-

1424 3463 1514 3504 tur
1542 3454 1827 3519 amplecti3
1861 3461 1914 3503 et
1935 3463 2061 3503 tunc
2089 3448 2409 3507 dimittetur,
2435 3457 2495 3499 ut

1423 3538 1535 3574 non
1562 3522 1742 3575 videat
1773 3533 2006 3574 mortem
2047 3530 2321 3579 aeternam,
2363 3517 2494 3583 quia

1422 3592 1559 3645 vidit
1578 3593 1769 3645 vitam.
1783 3595 2017 3645 Multum
2038 3590 2188 3641 enirn
2210 3587 2340 3639 felix
2354 3603 2492 3639 mor-

1422 3675 1538 3717 tem
1563 3666 1770 3718 videhit
1797 3666 1991 3726 carnis,
2036 3663 2367 3731 quicumque
2413 3661 2493 3712 sit

1422 3736 1703 3789 Christum
1741 3738 2038 3788 Dominum
2063 3733 2312 3799 satagerit
2339 3732 2491 3799 prius

1419 3808 1601 3860 videre
1628 3809 1804 3861 oculis
1837 3808 2030 3859 cordis.
2057 3806 2214 3858 Unde
2237 3804 2487 3856 Bernar-

1422 3882 1553 3934 ἄπει
1576 3901 1604 3931 α
1623 3883 1937 3934 Dimittetur
1955 3882 2014 3932 in
2035 3895 2178 3947 pace,
2203 3879 2296 3946 qui
2323 3878 2498 3931 Chri-

1421 3963 1565 4006 stum
1615 3953 1781 4004 habet
1821 3952 1880 4003 in
1920 3963 2159 4017 pectore3
2199 3952 2317 4017 ipse
2350 3952 2487 4002 enim
