<?xml version="1.0" encoding="UTF-8"?>
<!DOCTYPE html PUBLIC "-//W3C//DTD XHTML 1.0 Transitional//EN"
    "http://www.w3.org/TR/xhtml1/DTD/xhtml1-transitional.dtd">
<html xmlns="http://www.w3.org/1999/xhtml" xml:lang="en" lang="en">
 <head>
  <title>
</title>
<meta http-equiv="Content-Type" content="text/html;charset=utf-8" />
  <meta name='ocr-system' content='tesseract 3.04.00' />
  <meta name='ocr-capabilities' content='ocr_page ocr_carea ocr_par ocr_line ocrx_word'/>
</head>
<body>
  <div class='ocr_page' id='page_1' title='image "./vitajesuchristi00sachgoog/vitajesuchristi00sachgoog_0064.png"; bbox 0 0 2784 4452; ppageno 0'>
   <div class='ocr_carea' id='block_1_1' title="bbox 419 285 1977 362">
    <p class='ocr_par' dir='ltr' id='par_1_1' title="bbox 419 285 1977 362">
     <span class='ocr_line' id='line_1_1' title="bbox 419 285 1977 362; baseline -0.003 -15"><span class='ocrx_word' id='word_1_1' title='bbox 419 285 489 362; x_wconf 81' lang='lat'>48&#39;</span> <span class='ocrx_word' id='word_1_2' title='bbox 1096 292 1335 344; x_wconf 79' lang='lat' dir='ltr'>PmMAE</span> <span class='ocrx_word' id='word_1_3' title='bbox 1368 292 1617 343; x_wconf 78' lang='lat' dir='ltr'>PART15</span> <span class='ocrx_word' id='word_1_4' title='bbox 1649 292 1884 344; x_wconf 78' lang='lat' dir='ltr'><strong>CAPUT</strong></span> <span class='ocrx_word' id='word_1_5' title='bbox 1911 293 1977 343; x_wconf 86' lang='lat' dir='ltr'>v.</span> 
     </span>
    </p>
   </div>
   <div class='ocr_carea' id='block_1_2' title="bbox 372 409 1480 3984">
    <p class='ocr_par' dir='ltr' id='par_1_2' title="bbox 404 409 1480 1406">
     <span class='ocr_line' id='line_1_2' title="bbox 415 409 1478 472; baseline -0.005 -9"><span class='ocrx_word' id='word_1_6' title='bbox 415 414 524 463; x_wconf 93' lang='lat' dir='ltr'>duo</span> <span class='ocrx_word' id='word_1_7' title='bbox 554 411 652 463; x_wconf 93' lang='lat' dir='ltr'>filii</span> <span class='ocrx_word' id='word_1_8' title='bbox 674 450 687 472; x_wconf 89' lang='lat'>,</span> <span class='ocrx_word' id='word_1_9' title='bbox 726 411 816 462; x_wconf 91' lang='lat' dir='ltr'>sed</span> <span class='ocrx_word' id='word_1_10' title='bbox 864 426 1024 461; x_wconf 78' lang='lat' dir='ltr'>unus,</span> <span class='ocrx_word' id='word_1_11' title='bbox 1068 410 1135 460; x_wconf 91' lang='lat' dir='ltr'>Et</span> <span class='ocrx_word' id='word_1_12' title='bbox 1170 409 1294 459; x_wconf 91' lang='lat' dir='ltr'>licet</span> <span class='ocrx_word' id='word_1_13' title='bbox 1330 409 1478 459; x_wconf 89' lang='lat' dir='ltr'>aliud</span> 
     </span>
     <span class='ocr_line' id='line_1_3' title="bbox 415 478 1477 550; baseline -0.006 -17"><span class='ocrx_word' id='word_1_14' title='bbox 415 483 634 550; x_wconf 89' lang='lat' dir='ltr'>quidem</span> <span class='ocrx_word' id='word_1_15' title='bbox 662 497 726 532; x_wconf 90' lang='lat' dir='ltr'>ex</span> <span class='ocrx_word' id='word_1_16' title='bbox 760 491 830 540; x_wconf 92' lang='lat' dir='ltr'>te,</span> <span class='ocrx_word' id='word_1_17' title='bbox 869 480 1016 530; x_wconf 92' lang='lat' dir='ltr'>aliud</span> <span class='ocrx_word' id='word_1_18' title='bbox 1039 495 1102 529; x_wconf 88' lang='lat' dir='ltr'>ex</span> <span class='ocrx_word' id='word_1_19' title='bbox 1131 478 1225 528; x_wconf 92' lang='lat' dir='ltr'>illo</span> <span class='ocrx_word' id='word_1_20' title='bbox 1252 478 1341 537; x_wconf 88' lang='lat' dir='ltr'>sit,</span> <span class='ocrx_word' id='word_1_21' title='bbox 1370 479 1477 544; x_wconf 85' lang='lat' dir='ltr'>jam</span> 
     </span>
     <span class='ocr_line' id='line_1_4' title="bbox 413 550 1480 616; baseline -0.006 -12"><span class='ocrx_word' id='word_1_22' title='bbox 413 565 591 605; x_wconf 89' lang='lat' dir='ltr'>tamen</span> <span class='ocrx_word' id='word_1_23' title='bbox 625 569 738 603; x_wconf 89' lang='lat' dir='ltr'>non</span> <span class='ocrx_word' id='word_1_24' title='bbox 766 552 1025 616; x_wconf 86' lang='lat' dir='ltr'>cujusque</span> <span class='ocrx_word' id='word_1_25' title='bbox 1043 564 1193 607; x_wconf 91' lang='lat' dir='ltr'>suus,</span> <span class='ocrx_word' id='word_1_26' title='bbox 1221 550 1314 599; x_wconf 90' lang='lat' dir='ltr'>sed</span> <span class='ocrx_word' id='word_1_27' title='bbox 1335 565 1480 599; x_wconf 89' lang='lat' dir='ltr'>unus</span> 
     </span>
     <span class='ocr_line' id='line_1_5' title="bbox 413 617 1478 691; baseline -0.007 -14"><span class='ocrx_word' id='word_1_28' title='bbox 413 627 696 691; x_wconf 89' lang='lat' dir='ltr'>utriusque</span> <span class='ocrx_word' id='word_1_29' title='bbox 721 624 866 675; x_wconf 89' lang='lat' dir='ltr'>filius</span> <span class='ocrx_word' id='word_1_30' title='bbox 889 617 1026 672; x_wconf 77' lang='lat' dir='ltr'>erit‘:</span> <span class='ocrx_word' id='word_1_31' title='bbox 1048 642 1074 671; x_wconf 73' lang='lat'>&gt;³</span> <span class='ocrx_word' id='word_1_32' title='bbox 1099 623 1211 674; x_wconf 88' lang='lat' dir='ltr'>haec</span> <span class='ocrx_word' id='word_1_33' title='bbox 1228 624 1478 672; x_wconf 85' lang='lat' dir='ltr'>Bernar-</span> 
     </span>
     <span class='ocr_line' id='line_1_6' title="bbox 413 695 1474 762; baseline -0.007 -12"><span class='ocrx_word' id='word_1_34' title='bbox 413 701 531 751; x_wconf 76' lang='lat' dir='ltr'>dus,</span> <span class='ocrx_word' id='word_1_35' title='bbox 567 700 634 749; x_wconf 93' lang='lat' dir='ltr'>Et</span> <span class='ocrx_word' id='word_1_36' title='bbox 672 708 798 749; x_wconf 92' lang='lat' dir='ltr'>nota</span> <span class='ocrx_word' id='word_1_37' title='bbox 845 697 992 762; x_wconf 90' lang='lat' dir='ltr'>quod</span> <span class='ocrx_word' id='word_1_38' title='bbox 1030 695 1160 746; x_wconf 90' lang='lat' dir='ltr'>dicit</span> <span class='ocrx_word' id='word_1_39' title='bbox 1197 696 1474 756; x_wconf 86' lang='lat' dir='ltr'>Sanctum,</span> 
     </span>
     <span class='ocr_line' id='line_1_7' title="bbox 410 767 1477 833; baseline -0.007 -10"><span class='ocrx_word' id='word_1_40' title='bbox 410 773 655 823; x_wconf 88' lang='lat' dir='ltr'>absolute</span> <span class='ocrx_word' id='word_1_41' title='bbox 689 780 741 820; x_wconf 91' lang='lat' dir='ltr'>et</span> <span class='ocrx_word' id='word_1_42' title='bbox 769 767 1101 819; x_wconf 86' lang='lat' dir='ltr'>substantive</span> <span class='ocrx_word' id='word_1_43' title='bbox 1139 769 1342 833; x_wconf 83' lang='lat' dir='ltr'><strong>absque</strong></span> <span class='ocrx_word' id='word_1_44' title='bbox 1375 768 1477 817; x_wconf 90' lang='lat' dir='ltr'>de-</span> 
     </span>
     <span class='ocr_line' id='line_1_8' title="bbox 409 838 1478 906; baseline -0.008 -11"><span class='ocrx_word' id='word_1_45' title='bbox 409 843 816 902; x_wconf 82' lang='lat' dir='ltr'>terminatione3</span> <span class='ocrx_word' id='word_1_46' title='bbox 857 839 984 906; x_wconf 89' lang='lat' dir='ltr'>quia</span> <span class='ocrx_word' id='word_1_47' title='bbox 1033 838 1078 889; x_wconf 92' lang='lat' dir='ltr'>si</span> <span class='ocrx_word' id='word_1_48' title='bbox 1111 839 1310 888; x_wconf 90' lang='lat' dir='ltr'>diceret</span> <span class='ocrx_word' id='word_1_49' title='bbox 1344 853 1478 887; x_wconf 88' lang='lat' dir='ltr'>san·-</span> 
     </span>
     <span class='ocr_line' id='line_1_9' title="bbox 408 909 1473 975; baseline -0.007 -10"><span class='ocrx_word' id='word_1_50' title='bbox 408 925 490 965; x_wconf 91' lang='lat' dir='ltr'>cta</span> <span class='ocrx_word' id='word_1_51' title='bbox 523 929 661 973; x_wconf 91' lang='lat' dir='ltr'>car0,</span> <span class='ocrx_word' id='word_1_52' title='bbox 683 922 898 962; x_wconf 89' lang='lat' dir='ltr'>sanctus</span> <span class='ocrx_word' id='word_1_53' title='bbox 929 911 1112 971; x_wconf 90' lang='lat' dir='ltr'>hom0‚</span> <span class='ocrx_word' id='word_1_54' title='bbox 1146 910 1231 960; x_wconf 87' lang='lat' dir='ltr'>vel</span> <span class='ocrx_word' id='word_1_55' title='bbox 1254 909 1473 975; x_wconf 88' lang='lat' dir='ltr'>aliquod</span> 
     </span>
     <span class='ocr_line' id='line_1_10' title="bbox 408 979 1473 1047; baseline -0.006 -12"><span class='ocrx_word' id='word_1_56' title='bbox 408 983 708 1043; x_wconf 88' lang='lat' dir='ltr'>consimile,</span> <span class='ocrx_word' id='word_1_57' title='bbox 740 997 928 1047; x_wconf 89' lang='lat' dir='ltr'>parum</span> <span class='ocrx_word' id='word_1_58' title='bbox 951 980 1223 1030; x_wconf 88' lang='lat' dir='ltr'>videretur</span> <span class='ocrx_word' id='word_1_59' title='bbox 1253 979 1473 1040; x_wconf 83' lang='lat' dir='ltr'>dixisse,</span> 
     </span>
     <span class='ocr_line' id='line_1_11' title="bbox 409 1053 1475 1120; baseline -0.006 -13"><span class='ocrx_word' id='word_1_60' title='bbox 409 1073 506 1107; x_wconf 91' lang='lat' dir='ltr'>nec</span> <span class='ocrx_word' id='word_1_61' title='bbox 555 1055 902 1120; x_wconf 86' lang='lat' dir='ltr'>expressisset</span> <span class='ocrx_word' id='word_1_62' title='bbox 959 1053 1296 1104; x_wconf 87' lang='lat' dir='ltr'>sanctitatem</span> <span class='ocrx_word' id='word_1_63' title='bbox 1360 1054 1475 1117; x_wconf 89' lang='lat' dir='ltr'>ejus</span> 
     </span>
     <span class='ocr_line' id='line_1_12' title="bbox 406 1122 1473 1192; baseline -0.005 -15"><span class='ocrx_word' id='word_1_64' title='bbox 406 1126 686 1192; x_wconf 89' lang='lat' dir='ltr'>complete.</span> <span class='ocrx_word' id='word_1_65' title='bbox 739 1125 923 1174; x_wconf 89' lang='lat' dir='ltr'>Posuit</span> <span class='ocrx_word' id='word_1_66' title='bbox 993 1139 1120 1189; x_wconf 89' lang='lat' dir='ltr'>ergo</span> <span class='ocrx_word' id='word_1_67' title='bbox 1192 1122 1473 1173; x_wconf 89' lang='lat' dir='ltr'>indefinite</span> 
     </span>
     <span class='ocr_line' id='line_1_13' title="bbox 405 1191 1473 1261; baseline -0.007 -13"><span class='ocrx_word' id='word_1_68' title='bbox 405 1198 680 1257; x_wconf 81' lang='lat' dir='ltr'>Sanctum,</span> <span class='ocrx_word' id='word_1_69' title='bbox 734 1195 863 1261; x_wconf 90' lang='lat' dir='ltr'>quia</span> <span class='ocrx_word' id='word_1_70' title='bbox 893 1193 1160 1260; x_wconf 92' lang='lat' dir='ltr'>quidquid</span> <span class='ocrx_word' id='word_1_71' title='bbox 1191 1191 1294 1242; x_wconf 91' lang='lat' dir='ltr'>fuit</span> <span class='ocrx_word' id='word_1_72' title='bbox 1325 1193 1473 1258; x_wconf 93' lang='lat' dir='ltr'>quod</span> 
     </span>
     <span class='ocr_line' id='line_1_14' title="bbox 404 1265 1471 1335; baseline -0.005 -16"><span class='ocrx_word' id='word_1_73' title='bbox 404 1268 571 1335; x_wconf 91' lang='lat' dir='ltr'>Virgo</span> <span class='ocrx_word' id='word_1_74' title='bbox 605 1267 810 1334; x_wconf 90' lang='lat' dir='ltr'>genuit,</span> <span class='ocrx_word' id='word_1_75' title='bbox 850 1268 1033 1332; x_wconf 88' lang='lat' dir='ltr'>procul</span> <span class='ocrx_word' id='word_1_76' title='bbox 1067 1266 1233 1316; x_wconf 93' lang='lat' dir='ltr'>dubio</span> <span class='ocrx_word' id='word_1_77' title='bbox 1258 1281 1318 1315; x_wconf 92' lang='lat' dir='ltr'>ac</span> <span class='ocrx_word' id='word_1_78' title='bbox 1349 1265 1471 1315; x_wconf 89' lang='lat' dir='ltr'>sin-</span> 
     </span>
     <span class='ocr_line' id='line_1_15' title="bbox 405 1337 1097 1406; baseline -0.004 -17"><span class='ocrx_word' id='word_1_79' title='bbox 405 1339 660 1406; x_wconf 88' lang='lat' dir='ltr'>gulariter</span> <span class='ocrx_word' id='word_1_80' title='bbox 694 1340 949 1389; x_wconf 85' lang='lat' dir='ltr'>Sanctum</span> <span class='ocrx_word' id='word_1_81' title='bbox 976 1337 1097 1387; x_wconf 89' lang='lat' dir='ltr'>fuit.</span> 
     </span>
    </p>

    <p class='ocr_par' dir='ltr' id='par_1_3' title="bbox 372 1413 1471 3984">
     <span class='ocr_line' id='line_1_16' title="bbox 468 1413 1471 1462; baseline -0.005 0"><span class='ocrx_word' id='word_1_82' title='bbox 468 1428 534 1462; x_wconf 89' lang='lat'>20</span> <span class='ocrx_word' id='word_1_83' title='bbox 571 1413 820 1462; x_wconf 74' lang='lat' dir='ltr'>ExEMPLo</span> <span class='ocrx_word' id='word_1_84' title='bbox 853 1413 1157 1462; x_wconf 73' lang='lat' dir='ltr'>EmzABETH</span> <span class='ocrx_word' id='word_1_85' title='bbox 1187 1424 1471 1459; x_wconf 61' lang='lat' dir='ltr'>paona-run</span> 
     </span>
     <span class='ocr_line' id='line_1_17' title="bbox 401 1483 1469 1536; baseline -0.005 0"><span class='ocrx_word' id='word_1_86' title='bbox 401 1502 492 1536; x_wconf 74' lang='lat' dir='ltr'>Nn.</span> <span class='ocrx_word' id='word_1_87' title='bbox 524 1501 643 1536; x_wconf 70' lang='lat' dir='ltr'>assa</span> <span class='ocrx_word' id='word_1_88' title='bbox 674 1501 1001 1535; x_wconf 64' lang='lat' dir='ltr'>mposstmmz</span> <span class='ocrx_word' id='word_1_89' title='bbox 1032 1499 1172 1533; x_wconf 79' lang='lat' dir='ltr'>APUD</span> <span class='ocrx_word' id='word_1_90' title='bbox 1199 1483 1374 1532; x_wconf 70' lang='lat' dir='ltr'>Danu.</span> <span class='ocrx_word' id='word_1_91' title='bbox 1409 1511 1469 1519; x_wconf 95' lang='lat'>—</span> 
     </span>
     <span class='ocr_line' id='line_1_18' title="bbox 403 1555 1471 1624; baseline -0.004 -17"><span class='ocrx_word' id='word_1_92' title='bbox 403 1558 470 1608; x_wconf 91' lang='lat' dir='ltr'>Et</span> <span class='ocrx_word' id='word_1_93' title='bbox 504 1573 570 1607; x_wconf 91' lang='lat' dir='ltr'>ne</span> <span class='ocrx_word' id='word_1_94' title='bbox 596 1557 763 1624; x_wconf 87' lang='lat' dir='ltr'>Virgo</span> <span class='ocrx_word' id='word_1_95' title='bbox 798 1558 866 1607; x_wconf 94' lang='lat' dir='ltr'>de</span> <span class='ocrx_word' id='word_1_96' title='bbox 897 1566 1050 1622; x_wconf 89' lang='lat' dir='ltr'>partu</span> <span class='ocrx_word' id='word_1_97' title='bbox 1086 1556 1142 1605; x_wconf 91' lang='lat' dir='ltr'>in</span> <span class='ocrx_word' id='word_1_98' title='bbox 1179 1555 1362 1620; x_wconf 89' lang='lat' dir='ltr'>aliquo</span> <span class='ocrx_word' id='word_1_99' title='bbox 1384 1556 1471 1604; x_wconf 93' lang='lat' dir='ltr'>de-</span> 
     </span>
     <span class='ocr_line' id='line_1_19' title="bbox 401 1628 1467 1696; baseline -0.005 -15"><span class='ocrx_word' id='word_1_100' title='bbox 401 1640 653 1696; x_wconf 86' lang='lat' dir='ltr'>speraret,</span> <span class='ocrx_word' id='word_1_101' title='bbox 688 1641 741 1680; x_wconf 90' lang='lat' dir='ltr'>et</span> <span class='ocrx_word' id='word_1_102' title='bbox 777 1640 837 1679; x_wconf 92' lang='lat' dir='ltr'>ut</span> <span class='ocrx_word' id='word_1_103' title='bbox 870 1628 1029 1679; x_wconf 90' lang='lat' dir='ltr'>fidem</span> <span class='ocrx_word' id='word_1_104' title='bbox 1071 1629 1315 1693; x_wconf 86' lang='lat' dir='ltr'>exemplo</span> <span class='ocrx_word' id='word_1_105' title='bbox 1347 1629 1467 1677; x_wconf 87' lang='lat' dir='ltr'>An-</span> 
     </span>
     <span class='ocr_line' id='line_1_20' title="bbox 401 1697 1469 1767; baseline -0.004 -16"><span class='ocrx_word' id='word_1_106' title='bbox 401 1702 553 1767; x_wconf 89' lang='lat' dir='ltr'>gelus</span> <span class='ocrx_word' id='word_1_107' title='bbox 572 1709 831 1751; x_wconf 90' lang='lat' dir='ltr'>astrueret</span> <span class='ocrx_word' id='word_1_108' title='bbox 851 1709 903 1749; x_wconf 92' lang='lat' dir='ltr'>et</span> <span class='ocrx_word' id='word_1_109' title='bbox 921 1697 1276 1758; x_wconf 89' lang='lat' dir='ltr'>confirmaret,</span> <span class='ocrx_word' id='word_1_110' title='bbox 1296 1713 1469 1748; x_wconf 90' lang='lat' dir='ltr'>exem-</span> 
     </span>
     <span class='ocr_line' id='line_1_21' title="bbox 401 1770 1467 1838; baseline -0.003 -16"><span class='ocrx_word' id='word_1_111' title='bbox 401 1773 552 1838; x_wconf 91' lang='lat' dir='ltr'>plum</span> <span class='ocrx_word' id='word_1_112' title='bbox 619 1771 818 1822; x_wconf 91' lang='lat' dir='ltr'>sterilis</span> <span class='ocrx_word' id='word_1_113' title='bbox 888 1786 1023 1820; x_wconf 89' lang='lat' dir='ltr'>anus</span> <span class='ocrx_word' id='word_1_114' title='bbox 1092 1781 1147 1820; x_wconf 83' lang='lat' dir='ltr'>et-</span> <span class='ocrx_word' id='word_1_115' title='bbox 1218 1770 1467 1835; x_wconf 87' lang='lat' dir='ltr'>pariturae</span> 
     </span>
     <span class='ocr_line' id='line_1_22' title="bbox 399 1839 1468 1907; baseline -0.001 -15"><span class='ocrx_word' id='word_1_116' title='bbox 399 1843 631 1904; x_wconf 88' lang='lat' dir='ltr'>induxit,</span> <span class='ocrx_word' id='word_1_117' title='bbox 663 1842 999 1907; x_wconf 91' lang='lat' dir='ltr'>seniorisque</span> <span class='ocrx_word' id='word_1_118' title='bbox 1032 1839 1249 1890; x_wconf 88' lang='lat' dir='ltr'>feminae</span> <span class='ocrx_word' id='word_1_119' title='bbox 1289 1850 1340 1890; x_wconf 93' lang='lat' dir='ltr'>et</span> <span class='ocrx_word' id='word_1_120' title='bbox 1369 1851 1468 1891; x_wconf 89' lang='lat' dir='ltr'>ste-</span> 
     </span>
     <span class='ocr_line' id='line_1_23' title="bbox 396 1912 1466 1980; baseline -0.005 -14"><span class='ocrx_word' id='word_1_121' title='bbox 396 1915 515 1966; x_wconf 90' lang='lat' dir='ltr'>rilis</span> <span class='ocrx_word' id='word_1_122' title='bbox 549 1914 881 1980; x_wconf 89' lang='lat' dir='ltr'>inopinatam</span> <span class='ocrx_word' id='word_1_123' title='bbox 922 1913 1302 1963; x_wconf 87' lang='lat' dir='ltr'>fecunditatem</span> <span class='ocrx_word' id='word_1_124' title='bbox 1334 1912 1466 1962; x_wconf 91' lang='lat' dir='ltr'>Vir-</span> 
     </span>
     <span class='ocr_line' id='line_1_24' title="bbox 396 1983 1466 2052; baseline -0.002 -17"><span class='ocrx_word' id='word_1_125' title='bbox 396 1986 511 2052; x_wconf 88' lang='lat' dir='ltr'>gini</span> <span class='ocrx_word' id='word_1_126' title='bbox 546 1984 842 2045; x_wconf 87' lang='lat' dir='ltr'>nuntiavit,</span> <span class='ocrx_word' id='word_1_127' title='bbox 885 1994 945 2034; x_wconf 89' lang='lat' dir='ltr'>ut</span> <span class='ocrx_word' id='word_1_128' title='bbox 984 1993 1242 2034; x_wconf 88' lang='lat' dir='ltr'>assereret</span> <span class='ocrx_word' id='word_1_129' title='bbox 1279 1983 1466 2033; x_wconf 90' lang='lat' dir='ltr'>omnia</span> 
     </span>
     <span class='ocr_line' id='line_1_25' title="bbox 395 2054 1464 2120; baseline -0.004 -14"><span class='ocrx_word' id='word_1_130' title='bbox 395 2056 637 2106; x_wconf 89' lang='lat' dir='ltr'>decentia</span> <span class='ocrx_word' id='word_1_131' title='bbox 662 2056 772 2104; x_wconf 91' lang='lat' dir='ltr'>Deo</span> <span class='ocrx_word' id='word_1_132' title='bbox 803 2054 1100 2120; x_wconf 90' lang='lat' dir='ltr'>possibilia,</span> <span class='ocrx_word' id='word_1_133' title='bbox 1146 2071 1266 2120; x_wconf 88' lang='lat' dir='ltr'>quae</span> <span class='ocrx_word' id='word_1_134' title='bbox 1294 2054 1464 2116; x_wconf 69' lang='lat' dir='ltr'>{solito</span> 
     </span>
     <span class='ocr_line' id='line_1_26' title="bbox 395 2127 1460 2189; baseline -0.002 -11"><span class='ocrx_word' id='word_1_135' title='bbox 395 2129 584 2179; x_wconf 90' lang='lat' dir='ltr'>ordine</span> <span class='ocrx_word' id='word_1_136' title='bbox 635 2138 835 2178; x_wconf 87' lang='lat' dir='ltr'>naturae</span> <span class='ocrx_word' id='word_1_137' title='bbox 881 2128 1132 2177; x_wconf 90' lang='lat' dir='ltr'>videntur</span> <span class='ocrx_word' id='word_1_138' title='bbox 1169 2127 1460 2189; x_wconf 80' lang='lat' dir='ltr'>contraria3</span> 
     </span>
     <span class='ocr_line' id='line_1_27' title="bbox 392 2200 1462 2268; baseline -0.005 -15"><span class='ocrx_word' id='word_1_139' title='bbox 392 2212 446 2253; x_wconf 93' lang='lat' dir='ltr'>et</span> <span class='ocrx_word' id='word_1_140' title='bbox 510 2200 604 2268; x_wconf 92' lang='lat' dir='ltr'>qui</span> <span class='ocrx_word' id='word_1_141' title='bbox 646 2203 806 2267; x_wconf 89' lang='lat' dir='ltr'>supra</span> <span class='ocrx_word' id='word_1_142' title='bbox 855 2209 1097 2251; x_wconf 87' lang='lat' dir='ltr'>naturam</span> <span class='ocrx_word' id='word_1_143' title='bbox 1145 2210 1462 2265; x_wconf 90' lang='lat' dir='ltr'>conceptum</span> 
     </span>
     <span class='ocr_line' id='line_1_28' title="bbox 390 2273 1460 2335; baseline -0.004 -9"><span class='ocrx_word' id='word_1_144' title='bbox 390 2276 537 2327; x_wconf 89' lang='lat' dir='ltr'>dedit</span> <span class='ocrx_word' id='word_1_145' title='bbox 573 2275 772 2335; x_wconf 90' lang='lat' dir='ltr'>sterili,</span> <span class='ocrx_word' id='word_1_146' title='bbox 814 2275 1035 2325; x_wconf 91' lang='lat' dir='ltr'>daturus</span> <span class='ocrx_word' id='word_1_147' title='bbox 1092 2290 1201 2323; x_wconf 89' lang='lat' dir='ltr'>non</span> <span class='ocrx_word' id='word_1_148' title='bbox 1240 2273 1460 2323; x_wconf 91' lang='lat' dir='ltr'>dubita-</span> 
     </span>
     <span class='ocr_line' id='line_1_29' title="bbox 390 2343 1459 2412; baseline -0.003 -15"><span class='ocrx_word' id='word_1_149' title='bbox 390 2357 538 2397; x_wconf 88' lang='lat' dir='ltr'>retur</span> <span class='ocrx_word' id='word_1_150' title='bbox 557 2356 608 2396; x_wconf 89' lang='lat' dir='ltr'>et</span> <span class='ocrx_word' id='word_1_151' title='bbox 625 2345 856 2412; x_wconf 91' lang='lat' dir='ltr'>Virgini.</span> <span class='ocrx_word' id='word_1_152' title='bbox 874 2346 938 2395; x_wconf 91' lang='lat' dir='ltr'>Et</span> <span class='ocrx_word' id='word_1_153' title='bbox 953 2356 1013 2396; x_wconf 91' lang='lat' dir='ltr'>ut</span> <span class='ocrx_word' id='word_1_154' title='bbox 1032 2343 1240 2394; x_wconf 87' lang='lat' dir='ltr'>facilius</span> <span class='ocrx_word' id='word_1_155' title='bbox 1255 2344 1459 2394; x_wconf 86' lang='lat' dir='ltr'>credat:</span> 
     </span>
     <span class='ocr_line' id='line_1_30' title="bbox 388 2416 1456 2484; baseline -0.004 -15"><span class='ocrx_word' id='word_1_156' title='bbox 388 2419 549 2479; x_wconf 87' lang='lat' dir='ltr'>Ecce,</span> <span class='ocrx_word' id='word_1_157' title='bbox 571 2417 768 2483; x_wconf 89' lang='lat' dir='ltr'>inquit,</span> <span class='ocrx_word' id='word_1_158' title='bbox 784 2416 1069 2484; x_wconf 57' lang='lat' dir='ltr'>Elizabeth</span> <span class='ocrx_word' id='word_1_159' title='bbox 1090 2422 1321 2482; x_wconf 82' lang='lat' dir='ltr'>cognata</span> <span class='ocrx_word' id='word_1_160' title='bbox 1345 2422 1456 2478; x_wconf 87' lang='lat' dir='ltr'>tua,</span> 
     </span>
     <span class='ocr_line' id='line_1_31' title="bbox 390 2496 1457 2545; baseline -0.003 -7"><span class='ocrx_word' id='word_1_161' title='bbox 390 2504 512 2539; x_wconf 89' lang='lat' dir='ltr'>cum</span> <span class='ocrx_word' id='word_1_162' title='bbox 551 2497 689 2537; x_wconf 90' lang='lat' dir='ltr'>esset</span> <span class='ocrx_word' id='word_1_163' title='bbox 724 2501 918 2545; x_wconf 88' lang='lat' dir='ltr'>senex,</span> <span class='ocrx_word' id='word_1_164' title='bbox 955 2496 1314 2540; x_wconf 75' lang='lat' dir='ltr'>etvocaretur</span> <span class='ocrx_word' id='word_1_165' title='bbox 1343 2496 1457 2536; x_wconf 91' lang='lat' dir='ltr'>ste-</span> 
     </span>
     <span class='ocr_line' id='line_1_32' title="bbox 387 2556 1458 2623; baseline -0.002 -15"><span class='ocrx_word' id='word_1_166' title='bbox 387 2559 505 2608; x_wconf 86' lang='lat' dir='ltr'>rilis</span> <span class='ocrx_word' id='word_1_167' title='bbox 546 2567 760 2623; x_wconf 90' lang='lat' dir='ltr'>propter</span> <span class='ocrx_word' id='word_1_168' title='bbox 793 2566 974 2606; x_wconf 89' lang='lat' dir='ltr'>notam</span> <span class='ocrx_word' id='word_1_169' title='bbox 1003 2556 1316 2621; x_wconf 85' lang='lat' dir='ltr'>jamdudum</span> <span class='ocrx_word' id='word_1_170' title='bbox 1342 2558 1458 2621; x_wconf 89' lang='lat' dir='ltr'>ejus</span> 
     </span>
     <span class='ocr_line' id='line_1_33' title="bbox 386 2628 1456 2692; baseline -0.001 -14"><span class='ocrx_word' id='word_1_171' title='bbox 386 2629 738 2688; x_wconf 88' lang='lat' dir='ltr'>sterilitatem,</span> <span class='ocrx_word' id='word_1_172' title='bbox 779 2628 884 2692; x_wconf 85' lang='lat' dir='ltr'>jam</span> <span class='ocrx_word' id='word_1_173' title='bbox 932 2642 1024 2675; x_wconf 90' lang='lat' dir='ltr'>sex</span> <span class='ocrx_word' id='word_1_174' title='bbox 1068 2640 1283 2676; x_wconf 91' lang='lat' dir='ltr'>menses</span> <span class='ocrx_word' id='word_1_175' title='bbox 1328 2638 1456 2678; x_wconf 92' lang='lat' dir='ltr'>sunt</span> 
     </span>
     <span class='ocr_line' id='line_1_34' title="bbox 386 2698 1453 2767; baseline -0.003 -17"><span class='ocrx_word' id='word_1_176' title='bbox 386 2701 531 2767; x_wconf 89' lang='lat' dir='ltr'>quod</span> <span class='ocrx_word' id='word_1_177' title='bbox 560 2699 803 2765; x_wconf 89' lang='lat' dir='ltr'>concepit</span> <span class='ocrx_word' id='word_1_178' title='bbox 844 2698 1049 2758; x_wconf 92' lang='lat' dir='ltr'>filium,</span> <span class='ocrx_word' id='word_1_179' title='bbox 1084 2713 1178 2764; x_wconf 90' lang='lat' dir='ltr'>per</span> <span class='ocrx_word' id='word_1_180' title='bbox 1219 2698 1315 2748; x_wconf 92' lang='lat' dir='ltr'>Dei</span> <span class='ocrx_word' id='word_1_181' title='bbox 1338 2699 1453 2748; x_wconf 86' lang='lat' dir='ltr'>vir-</span> 
     </span>
     <span class='ocr_line' id='line_1_35' title="bbox 381 2768 1450 2836; baseline -0.002 -15"><span class='ocrx_word' id='word_1_182' title='bbox 381 2780 574 2821; x_wconf 82' lang='lat' dir='ltr'>tutem.</span> <span class='ocrx_word' id='word_1_183' title='bbox 595 2772 799 2821; x_wconf 87' lang='lat' dir='ltr'>Tamen</span> <span class='ocrx_word' id='word_1_184' title='bbox 823 2770 952 2836; x_wconf 91' lang='lat' dir='ltr'>quia</span> <span class='ocrx_word' id='word_1_185' title='bbox 979 2768 1122 2819; x_wconf 89' lang='lat' dir='ltr'>istud</span> <span class='ocrx_word' id='word_1_186' title='bbox 1143 2771 1450 2835; x_wconf 89' lang='lat' dir='ltr'>exemplum</span> 
     </span>
     <span class='ocr_line' id='line_1_36' title="bbox 383 2839 1449 2907; baseline -0.002 -15"><span class='ocrx_word' id='word_1_187' title='bbox 383 2859 494 2892; x_wconf 90' lang='lat' dir='ltr'>non</span> <span class='ocrx_word' id='word_1_188' title='bbox 550 2852 630 2892; x_wconf 92' lang='lat' dir='ltr'>est</span> <span class='ocrx_word' id='word_1_189' title='bbox 681 2857 1072 2907; x_wconf 89' lang='lat' dir='ltr'>usquequaque</span> <span class='ocrx_word' id='word_1_190' title='bbox 1121 2839 1415 2907; x_wconf 90' lang='lat' dir='ltr'>perfectum</span> <span class='ocrx_word' id='word_1_191' title='bbox 1436 2880 1449 2901; x_wconf 93' lang='lat'>,</span> 
     </span>
     <span class='ocr_line' id='line_1_37' title="bbox 382 2912 1451 2980; baseline -0.001 -17"><span class='ocrx_word' id='word_1_192' title='bbox 382 2913 511 2980; x_wconf 92' lang='lat' dir='ltr'>quia</span> <span class='ocrx_word' id='word_1_193' title='bbox 543 2914 717 2978; x_wconf 82' lang='lat' dir='ltr'>majus</span> <span class='ocrx_word' id='word_1_194' title='bbox 756 2922 835 2962; x_wconf 92' lang='lat' dir='ltr'>est</span> <span class='ocrx_word' id='word_1_195' title='bbox 869 2912 1137 2979; x_wconf 89' lang='lat' dir='ltr'>virginem</span> <span class='ocrx_word' id='word_1_196' title='bbox 1172 2912 1451 2977; x_wconf 89' lang='lat' dir='ltr'>concipere</span> 
     </span>
     <span class='ocr_line' id='line_1_38' title="bbox 383 2982 1448 3050; baseline -0.002 -17"><span class='ocrx_word' id='word_1_197' title='bbox 383 2998 548 3050; x_wconf 90' lang='lat' dir='ltr'>quam</span> <span class='ocrx_word' id='word_1_198' title='bbox 569 2983 824 3043; x_wconf 92' lang='lat' dir='ltr'>sterilem,</span> <span class='ocrx_word' id='word_1_199' title='bbox 851 2993 903 3033; x_wconf 91' lang='lat' dir='ltr'>et</span> <span class='ocrx_word' id='word_1_200' title='bbox 932 2982 1052 3033; x_wconf 93' lang='lat' dir='ltr'>ideo</span> <span class='ocrx_word' id='word_1_201' title='bbox 1083 2982 1324 3048; x_wconf 86' lang='lat' dir='ltr'>Angelus</span> <span class='ocrx_word' id='word_1_202' title='bbox 1358 2982 1448 3031; x_wconf 90' lang='lat' dir='ltr'>in-</span> 
     </span>
     <span class='ocr_line' id='line_1_39' title="bbox 383 3054 1446 3106; baseline -0.002 0"><span class='ocrx_word' id='word_1_203' title='bbox 383 3056 531 3106; x_wconf 90' lang='lat' dir='ltr'>ducit</span> <span class='ocrx_word' id='word_1_204' title='bbox 589 3055 814 3105; x_wconf 90' lang='lat' dir='ltr'>rationis</span> <span class='ocrx_word' id='word_1_205' title='bbox 888 3054 1173 3106; x_wconf 88' lang='lat' dir='ltr'>efficaciam</span> <span class='ocrx_word' id='word_1_206' title='bbox 1233 3070 1298 3104; x_wconf 85' lang='lat' dir='ltr'>ex</span> <span class='ocrx_word' id='word_1_207' title='bbox 1348 3055 1446 3105; x_wconf 93' lang='lat' dir='ltr'>Dei</span> 
     </span>
     <span class='ocr_line' id='line_1_40' title="bbox 381 3126 1449 3197; baseline -0.001 -21"><span class='ocrx_word' id='word_1_208' title='bbox 381 3126 790 3197; x_wconf 79' lang='lat' dir='ltr'>omnipotentia,</span> <span class='ocrx_word' id='word_1_209' title='bbox 811 3126 994 3176; x_wconf 90' lang='lat' dir='ltr'>dicens</span> <span class='ocrx_word' id='word_1_210' title='bbox 1017 3143 1031 3175; x_wconf 80' lang='lat'>2</span> <span class='ocrx_word' id='word_1_211' title='bbox 1056 3126 1199 3187; x_wconf 83' lang='lat' dir='ltr'>Quia</span> <span class='ocrx_word' id='word_1_212' title='bbox 1222 3140 1324 3176; x_wconf 88' lang='lat' dir='ltr'>non</span> <span class='ocrx_word' id='word_1_213' title='bbox 1345 3126 1449 3176; x_wconf 86' lang='lat' dir='ltr'>erit</span> 
     </span>
     <span class='ocr_line' id='line_1_41' title="bbox 381 3199 1444 3266; baseline -0.002 -16"><span class='ocrx_word' id='word_1_214' title='bbox 381 3199 710 3266; x_wconf 84' lang='lat' dir='ltr'>impossibile</span> <span class='ocrx_word' id='word_1_215' title='bbox 755 3199 902 3266; x_wconf 83' lang='lat' dir='ltr'>apud</span> <span class='ocrx_word' id='word_1_216' title='bbox 934 3200 1105 3250; x_wconf 87' lang='lat' dir='ltr'>Deum</span> <span class='ocrx_word' id='word_1_217' title='bbox 1142 3213 1293 3250; x_wconf 85' lang='lat' dir='ltr'>omne</span> <span class='ocrx_word' id='word_1_218' title='bbox 1318 3214 1444 3249; x_wconf 83' lang='lat' dir='ltr'>ver·-</span> 
     </span>
     <span class='ocr_line' id='line_1_42' title="bbox 379 3272 1441 3339; baseline -0.002 -15"><span class='ocrx_word' id='word_1_219' title='bbox 379 3273 516 3334; x_wconf 81' lang='lat' dir='ltr'>bum,</span> <span class='ocrx_word' id='word_1_220' title='bbox 543 3272 598 3321; x_wconf 93' lang='lat' dir='ltr'>id</span> <span class='ocrx_word' id='word_1_221' title='bbox 623 3283 718 3334; x_wconf 91' lang='lat' dir='ltr'>est,</span> <span class='ocrx_word' id='word_1_222' title='bbox 745 3272 928 3323; x_wconf 90' lang='lat' dir='ltr'>omnis</span> <span class='ocrx_word' id='word_1_223' title='bbox 953 3289 1039 3323; x_wconf 90' lang='lat' dir='ltr'>res</span> <span class='ocrx_word' id='word_1_224' title='bbox 1072 3273 1235 3339; x_wconf 89' lang='lat' dir='ltr'>digna</span> <span class='ocrx_word' id='word_1_225' title='bbox 1256 3273 1441 3332; x_wconf 87' lang='lat' dir='ltr'>verb0,</span> 
     </span>
     <span class='ocr_line' id='line_1_43' title="bbox 378 3344 1443 3411; baseline -0.002 -16"><span class='ocrx_word' id='word_1_226' title='bbox 378 3344 513 3411; x_wconf 90' lang='lat' dir='ltr'>quin</span> <span class='ocrx_word' id='word_1_227' title='bbox 536 3344 759 3411; x_wconf 91' lang='lat' dir='ltr'>implere</span> <span class='ocrx_word' id='word_1_228' title='bbox 778 3344 948 3410; x_wconf 87' lang='lat' dir='ltr'>possit</span> <span class='ocrx_word' id='word_1_229' title='bbox 968 3360 1131 3394; x_wconf 91' lang='lat' dir='ltr'>omne</span> <span class='ocrx_word' id='word_1_230' title='bbox 1157 3344 1320 3394; x_wconf 90' lang='lat' dir='ltr'>verbo</span> <span class='ocrx_word' id='word_1_231' title='bbox 1342 3359 1443 3393; x_wconf 93' lang='lat' dir='ltr'>suo</span> 
     </span>
     <span class='ocr_line' id='line_1_44' title="bbox 378 3416 1440 3483; baseline -0.003 -15"><span class='ocrx_word' id='word_1_232' title='bbox 378 3417 707 3483; x_wconf 89' lang='lat' dir='ltr'>promissum</span> <span class='ocrx_word' id='word_1_233' title='bbox 740 3435 752 3467; x_wconf 79' lang='lat' dir='ltr'>t</span> <span class='ocrx_word' id='word_1_234' title='bbox 780 3418 863 3467; x_wconf 90' lang='lat' dir='ltr'>vel</span> <span class='ocrx_word' id='word_1_235' title='bbox 921 3418 1172 3477; x_wconf 89' lang='lat' dir='ltr'>verbum,</span> <span class='ocrx_word' id='word_1_236' title='bbox 1237 3416 1289 3465; x_wconf 87' lang='lat' dir='ltr'>id</span> <span class='ocrx_word' id='word_1_237' title='bbox 1343 3425 1440 3475; x_wconf 90' lang='lat' dir='ltr'>est,</span> 
     </span>
     <span class='ocr_line' id='line_1_45' title="bbox 377 3489 1441 3557; baseline -0.002 -17"><span class='ocrx_word' id='word_1_238' title='bbox 377 3491 755 3557; x_wconf 90' lang='lat' dir='ltr'>quodcumque</span> <span class='ocrx_word' id='word_1_239' title='bbox 799 3506 936 3556; x_wconf 89' lang='lat' dir='ltr'>opus</span> <span class='ocrx_word' id='word_1_240' title='bbox 981 3491 1061 3540; x_wconf 91' lang='lat' dir='ltr'>vel</span> <span class='ocrx_word' id='word_1_241' title='bbox 1104 3491 1335 3549; x_wconf 90' lang='lat' dir='ltr'>factum,</span> <span class='ocrx_word' id='word_1_242' title='bbox 1384 3489 1441 3538; x_wconf 91' lang='lat' dir='ltr'>in</span> 
     </span>
     <span class='ocr_line' id='line_1_46' title="bbox 375 3560 1439 3627; baseline -0.004 -15"><span class='ocrx_word' id='word_1_243' title='bbox 375 3562 493 3626; x_wconf 88' lang='lat' dir='ltr'>ejus</span> <span class='ocrx_word' id='word_1_244' title='bbox 539 3561 896 3627; x_wconf 88' lang='lat' dir='ltr'>dispositione</span> <span class='ocrx_word' id='word_1_245' title='bbox 952 3560 1244 3626; x_wconf 89' lang='lat' dir='ltr'>provisum.</span> <span class='ocrx_word' id='word_1_246' title='bbox 1302 3560 1439 3609; x_wconf 89' lang='lat' dir='ltr'>Nam</span> 
     </span>
     <span class='ocr_line' id='line_1_47' title="bbox 375 3631 1438 3691; baseline 0 -11"><span class='ocrx_word' id='word_1_247' title='bbox 375 3631 550 3682; x_wconf 88' lang='lat' dir='ltr'>dicere</span> <span class='ocrx_word' id='word_1_248' title='bbox 569 3632 665 3682; x_wconf 93' lang='lat' dir='ltr'>Dei</span> <span class='ocrx_word' id='word_1_249' title='bbox 688 3641 768 3683; x_wconf 91' lang='lat' dir='ltr'>est</span> <span class='ocrx_word' id='word_1_250' title='bbox 780 3632 970 3691; x_wconf 89' lang='lat' dir='ltr'>facere,</span> <span class='ocrx_word' id='word_1_251' title='bbox 984 3632 1279 3682; x_wconf 89' lang='lat' dir='ltr'>secundum</span> <span class='ocrx_word' id='word_1_252' title='bbox 1305 3631 1438 3680; x_wconf 94' lang='lat' dir='ltr'>illud</span> 
     </span>
     <span class='ocr_line' id='line_1_48' title="bbox 377 3703 1437 3771; baseline 0 -19"><span class='ocrx_word' id='word_1_253' title='bbox 377 3703 572 3753; x_wconf 89' lang='lat' dir='ltr'>Psalmi</span> <span class='ocrx_word' id='word_1_254' title='bbox 605 3721 618 3755; x_wconf 72' lang='grc' dir='ltr'>ε</span> <span class='ocrx_word' id='word_1_255' title='bbox 648 3705 773 3771; x_wconf 80' lang='lat' dir='ltr'>Ipse</span> <span class='ocrx_word' id='word_1_256' title='bbox 814 3704 964 3754; x_wconf 85' lang='lat' dir='ltr'>dixit</span> <span class='ocrx_word' id='word_1_257' title='bbox 999 3710 1050 3754; x_wconf 88' lang='lat' dir='ltr'>et</span> <span class='ocrx_word' id='word_1_258' title='bbox 1075 3704 1235 3769; x_wconf 86' lang='lat' dir='ltr'>facta</span> <span class='ocrx_word' id='word_1_259' title='bbox 1281 3709 1437 3764; x_wconf 79' lang='lat' dir='ltr'>sunt,</span> 
     </span>
     <span class='ocr_line' id='line_1_49' title="bbox 372 3771 1437 3840; baseline 0.002 -18"><span class='ocrx_word' id='word_1_260' title='bbox 372 3774 639 3840; x_wconf 87' lang='lat' dir='ltr'>quidquid</span> <span class='ocrx_word' id='word_1_261' title='bbox 657 3775 803 3825; x_wconf 90' lang='lat' dir='ltr'>enim</span> <span class='ocrx_word' id='word_1_262' title='bbox 825 3771 1306 3825; x_wconf 71' lang='lat' dir='ltr'>corstradictionem</span> <span class='ocrx_word' id='word_1_263' title='bbox 1328 3790 1437 3824; x_wconf 92' lang='lat' dir='ltr'>non</span> 
     </span>
     <span class='ocr_line' id='line_1_50' title="bbox 373 3844 1436 3912; baseline 0.003 -19"><span class='ocrx_word' id='word_1_264' title='bbox 373 3844 628 3910; x_wconf 87' lang='lat' dir='ltr'>implicat,</span> <span class='ocrx_word' id='word_1_265' title='bbox 663 3857 839 3896; x_wconf 89' lang='lat' dir='ltr'>totum</span> <span class='ocrx_word' id='word_1_266' title='bbox 883 3856 964 3896; x_wconf 82' lang='lat' dir='ltr'>est</span> <span class='ocrx_word' id='word_1_267' title='bbox 996 3847 1108 3896; x_wconf 91' lang='lat' dir='ltr'>Deo</span> <span class='ocrx_word' id='word_1_268' title='bbox 1145 3845 1436 3912; x_wconf 88' lang='lat' dir='ltr'>possibile,</span> 
     </span>
     <span class='ocr_line' id='line_1_51' title="bbox 372 3916 1439 3984; baseline 0.001 -19"><span class='ocrx_word' id='word_1_269' title='bbox 372 3916 671 3980; x_wconf 86' lang='lat' dir='ltr'>cujusmodi</span> <span class='ocrx_word' id='word_1_270' title='bbox 702 3927 783 3968; x_wconf 88' lang='lat' dir='ltr'>est</span> <span class='ocrx_word' id='word_1_271' title='bbox 805 3917 1072 3983; x_wconf 85' lang='lat' dir='ltr'>virginem</span> <span class='ocrx_word' id='word_1_272' title='bbox 1094 3932 1306 3984; x_wconf 89' lang='lat' dir='ltr'>parere;</span> <span class='ocrx_word' id='word_1_273' title='bbox 1343 3917 1439 3967; x_wconf 79' lang='lat' dir='ltr'>sed</span> 
     </span>
    </p>
   </div>
   <div class='ocr_carea' id='block_1_3' title="bbox 1546 408 2659 3983">
    <p class='ocr_par' dir='ltr' id='par_1_4' title="bbox 1559 408 2659 2973">
     <span class='ocr_line' id='line_1_52' title="bbox 1589 408 2656 475; baseline 0.001 -16"><span class='ocrx_word' id='word_1_274' title='bbox 1589 425 1710 475; x_wconf 90' lang='lat' dir='ltr'>quae</span> <span class='ocrx_word' id='word_1_275' title='bbox 1743 409 2022 474; x_wconf 90' lang='lat' dir='ltr'>implicant</span> <span class='ocrx_word' id='word_1_276' title='bbox 2051 408 2545 469; x_wconf 89' lang='lat' dir='ltr'>contradictionem,</span> <span class='ocrx_word' id='word_1_277' title='bbox 2574 420 2656 471; x_wconf 93' lang='lat' dir='ltr'>ut,</span> 
     </span>
     <span class='ocr_line' id='line_1_53' title="bbox 1587 480 2659 542; baseline 0.001 -12"><span class='ocrx_word' id='word_1_278' title='bbox 1587 481 1998 531; x_wconf 88' lang='lat' dir='ltr'>contradictoria</span> <span class='ocrx_word' id='word_1_279' title='bbox 2036 480 2201 530; x_wconf 91' lang='lat' dir='ltr'>simul</span> <span class='ocrx_word' id='word_1_280' title='bbox 2246 495 2365 530; x_wconf 90' lang='lat' dir='ltr'>esse</span> <span class='ocrx_word' id='word_1_281' title='bbox 2395 496 2538 541; x_wconf 90' lang='lat' dir='ltr'>vera,</span> <span class='ocrx_word' id='word_1_282' title='bbox 2573 490 2659 542; x_wconf 88' lang='lat' dir='ltr'>ut,</span> 
     </span>
     <span class='ocr_line' id='line_1_54' title="bbox 1586 551 2655 620; baseline 0.002 -17"><span class='ocrx_word' id='word_1_283' title='bbox 1586 569 1647 603; x_wconf 93' lang='lat' dir='ltr'>ea</span> <span class='ocrx_word' id='word_1_284' title='bbox 1684 569 1804 620; x_wconf 88' lang='lat' dir='ltr'>quae</span> <span class='ocrx_word' id='word_1_285' title='bbox 1842 553 1977 603; x_wconf 90' lang='lat' dir='ltr'>facta</span> <span class='ocrx_word' id='word_1_286' title='bbox 2013 562 2158 613; x_wconf 89' lang='lat' dir='ltr'>sunt,</span> <span class='ocrx_word' id='word_1_287' title='bbox 2190 551 2322 602; x_wconf 90' lang='lat' dir='ltr'>fiant</span> <span class='ocrx_word' id='word_1_288' title='bbox 2355 570 2466 603; x_wconf 90' lang='lat' dir='ltr'>non</span> <span class='ocrx_word' id='word_1_289' title='bbox 2496 554 2655 615; x_wconf 90' lang='lat' dir='ltr'>facta,</span> 
     </span>
     <span class='ocr_line' id='line_1_55' title="bbox 1587 626 2658 691; baseline 0.001 -14"><span class='ocrx_word' id='word_1_290' title='bbox 1587 637 1705 687; x_wconf 69' lang='lat' dir='ltr'>etc„</span> <span class='ocrx_word' id='word_1_291' title='bbox 1734 627 2063 691; x_wconf 85' lang='lat' dir='ltr'>hujusmodi,</span> <span class='ocrx_word' id='word_1_292' title='bbox 2089 626 2213 677; x_wconf 91' lang='lat' dir='ltr'>talia</span> <span class='ocrx_word' id='word_1_293' title='bbox 2239 643 2347 676; x_wconf 91' lang='lat' dir='ltr'>non</span> <span class='ocrx_word' id='word_1_294' title='bbox 2379 637 2508 677; x_wconf 91' lang='lat' dir='ltr'>sunt</span> <span class='ocrx_word' id='word_1_295' title='bbox 2539 629 2658 678; x_wconf 94' lang='lat' dir='ltr'>Deo</span> 
     </span>
     <span class='ocr_line' id='line_1_56' title="bbox 1588 691 2658 764; baseline 0.001 -17"><span class='ocrx_word' id='word_1_296' title='bbox 1588 698 1885 764; x_wconf 91' lang='lat' dir='ltr'>possibilia,</span> <span class='ocrx_word' id='word_1_297' title='bbox 1913 713 2020 746; x_wconf 90' lang='lat' dir='ltr'>non</span> <span class='ocrx_word' id='word_1_298' title='bbox 2049 708 2266 763; x_wconf 90' lang='lat' dir='ltr'>propter</span> <span class='ocrx_word' id='word_1_299' title='bbox 2288 691 2658 763; x_wconf 82' lang='lat' dir='ltr'>impossibili-</span> 
     </span>
     <span class='ocr_line' id='line_1_57' title="bbox 1581 770 2659 836; baseline 0.002 -17"><span class='ocrx_word' id='word_1_300' title='bbox 1581 780 1745 819; x_wconf 90' lang='lat' dir='ltr'>tatem</span> <span class='ocrx_word' id='word_1_301' title='bbox 1767 770 1885 829; x_wconf 93' lang='lat' dir='ltr'>Dei,</span> <span class='ocrx_word' id='word_1_302' title='bbox 1910 770 2001 819; x_wconf 91' lang='lat' dir='ltr'>sed</span> <span class='ocrx_word' id='word_1_303' title='bbox 2039 780 2255 836; x_wconf 91' lang='lat' dir='ltr'>propter</span> <span class='ocrx_word' id='word_1_304' title='bbox 2290 771 2659 835; x_wconf 90' lang='lat' dir='ltr'>impossibili-</span> 
     </span>
     <span class='ocr_line' id='line_1_58' title="bbox 1584 840 2658 906; baseline 0.003 -16"><span class='ocrx_word' id='word_1_305' title='bbox 1584 849 1747 890; x_wconf 89' lang='lat' dir='ltr'>tatem</span> <span class='ocrx_word' id='word_1_306' title='bbox 1764 840 1838 890; x_wconf 90' lang='lat' dir='ltr'>rei</span> <span class='ocrx_word' id='word_1_307' title='bbox 1855 856 1870 903; x_wconf 79' lang='lat'>3</span> <span class='ocrx_word' id='word_1_308' title='bbox 1892 840 2045 906; x_wconf 89' lang='lat' dir='ltr'>quasi</span> <span class='ocrx_word' id='word_1_309' title='bbox 2061 841 2272 890; x_wconf 91' lang='lat' dir='ltr'>doceret</span> <span class='ocrx_word' id='word_1_310' title='bbox 2286 857 2381 906; x_wconf 89' lang='lat' dir='ltr'>per</span> <span class='ocrx_word' id='word_1_311' title='bbox 2393 842 2658 894; x_wconf 87' lang='lat' dir='ltr'>virtutem</span> 
     </span>
     <span class='ocr_line' id='line_1_59' title="bbox 1583 911 2659 977; baseline 0.004 -16"><span class='ocrx_word' id='word_1_312' title='bbox 1583 922 1636 962; x_wconf 91' lang='lat' dir='ltr'>et</span> <span class='ocrx_word' id='word_1_313' title='bbox 1661 911 1926 962; x_wconf 90' lang='lat' dir='ltr'>actionem</span> <span class='ocrx_word' id='word_1_314' title='bbox 1957 921 2175 972; x_wconf 88' lang='lat' dir='ltr'>naturae,</span> <span class='ocrx_word' id='word_1_315' title='bbox 2211 929 2309 977; x_wconf 89' lang='lat' dir='ltr'>nec</span> <span class='ocrx_word' id='word_1_316' title='bbox 2331 913 2533 964; x_wconf 87' lang='lat' dir='ltr'>sterilis</span> <span class='ocrx_word' id='word_1_317' title='bbox 2555 931 2659 966; x_wconf 88' lang='lat' dir='ltr'>nec</span> 
     </span>
     <span class='ocr_line' id='line_1_60' title="bbox 1581 982 2657 1049; baseline 0.006 -17"><span class='ocrx_word' id='word_1_318' title='bbox 1581 982 1733 1049; x_wconf 89' lang='lat' dir='ltr'>virgo</span> <span class='ocrx_word' id='word_1_319' title='bbox 1777 993 1952 1048; x_wconf 90' lang='lat' dir='ltr'>potest</span> <span class='ocrx_word' id='word_1_320' title='bbox 1991 983 2299 1048; x_wconf 87' lang='lat' dir='ltr'>concipere,</span> <span class='ocrx_word' id='word_1_321' title='bbox 2341 985 2434 1034; x_wconf 90' lang='lat' dir='ltr'>sed</span> <span class='ocrx_word' id='word_1_322' title='bbox 2464 986 2657 1039; x_wconf 87' lang='lat' dir='ltr'>divina</span> 
     </span>
     <span class='ocr_line' id='line_1_61' title="bbox 1583 1053 2652 1119; baseline 0.004 -16"><span class='ocrx_word' id='word_1_323' title='bbox 1583 1053 1822 1119; x_wconf 89' lang='lat' dir='ltr'>potentia</span> <span class='ocrx_word' id='word_1_324' title='bbox 1842 1064 2016 1119; x_wconf 90' lang='lat' dir='ltr'>potest</span> <span class='ocrx_word' id='word_1_325' title='bbox 2029 1054 2131 1103; x_wconf 91' lang='lat' dir='ltr'>hoc</span> <span class='ocrx_word' id='word_1_326' title='bbox 2146 1053 2652 1107; x_wconf 89' lang='lat' dir='ltr'>facere.Secundum</span> 
     </span>
     <span class='ocr_line' id='line_1_62' title="bbox 1581 1125 2654 1190; baseline 0.006 -16"><span class='ocrx_word' id='word_1_327' title='bbox 1581 1125 1940 1187; x_wconf 84' lang='lat' dir='ltr'>Bernardum,</span> <span class='ocrx_word' id='word_1_328' title='bbox 1974 1125 2105 1175; x_wconf 89' lang='lat' dir='ltr'>dicit</span> <span class='ocrx_word' id='word_1_329' title='bbox 2135 1139 2286 1175; x_wconf 86' lang='lat' dir='ltr'>omne</span> <span class='ocrx_word' id='word_1_330' title='bbox 2335 1127 2569 1190; x_wconf 83' lang='lat' dir='ltr'>verbum,</span> <span class='ocrx_word' id='word_1_331' title='bbox 2598 1140 2654 1180; x_wconf 89' lang='lat' dir='ltr'>et</span> 
     </span>
     <span class='ocr_line' id='line_1_63' title="bbox 1581 1196 2651 1265; baseline 0.005 -19"><span class='ocrx_word' id='word_1_332' title='bbox 1581 1213 1692 1247; x_wconf 90' lang='lat' dir='ltr'>non</span> <span class='ocrx_word' id='word_1_333' title='bbox 1726 1212 1889 1247; x_wconf 90' lang='lat' dir='ltr'>omne</span> <span class='ocrx_word' id='word_1_334' title='bbox 1926 1196 2178 1257; x_wconf 89' lang='lat' dir='ltr'>factibile,</span> <span class='ocrx_word' id='word_1_335' title='bbox 2203 1198 2331 1263; x_wconf 90' lang='lat' dir='ltr'>quia</span> <span class='ocrx_word' id='word_1_336' title='bbox 2362 1215 2527 1265; x_wconf 91' lang='lat' dir='ltr'>quam</span> <span class='ocrx_word' id='word_1_337' title='bbox 2564 1201 2651 1253; x_wconf 90' lang='lat' dir='ltr'>fa-</span> 
     </span>
     <span class='ocr_line' id='line_1_64' title="bbox 1579 1269 2651 1340; baseline 0.006 -22"><span class='ocrx_word' id='word_1_338' title='bbox 1579 1269 1677 1319; x_wconf 92' lang='lat' dir='ltr'>cile</span> <span class='ocrx_word' id='word_1_339' title='bbox 1733 1281 1957 1335; x_wconf 88' lang='lat' dir='ltr'>possunt</span> <span class='ocrx_word' id='word_1_340' title='bbox 2011 1270 2261 1320; x_wconf 90' lang='lat' dir='ltr'>homines</span> <span class='ocrx_word' id='word_1_341' title='bbox 2316 1272 2465 1337; x_wconf 94' lang='lat' dir='ltr'>loqui</span> <span class='ocrx_word' id='word_1_342' title='bbox 2513 1275 2651 1340; x_wconf 92' lang='lat' dir='ltr'>quid</span> 
     </span>
     <span class='ocr_line' id='line_1_65' title="bbox 1578 1341 2652 1406; baseline 0.007 -18"><span class='ocrx_word' id='word_1_343' title='bbox 1578 1341 1785 1400; x_wconf 89' lang='lat' dir='ltr'>volunt,</span> <span class='ocrx_word' id='word_1_344' title='bbox 1825 1341 1901 1390; x_wconf 89' lang='lat' dir='ltr'>sic</span> <span class='ocrx_word' id='word_1_345' title='bbox 1927 1341 2417 1406; x_wconf 85' lang='lat' dir='ltr'>incomparabiliter</span> <span class='ocrx_word' id='word_1_346' title='bbox 2437 1343 2652 1395; x_wconf 90' lang='lat' dir='ltr'>facilius</span> 
     </span>
     <span class='ocr_line' id='line_1_66' title="bbox 1580 1414 2656 1484; baseline 0.005 -20"><span class='ocrx_word' id='word_1_347' title='bbox 1580 1425 1757 1479; x_wconf 92' lang='lat' dir='ltr'>potest</span> <span class='ocrx_word' id='word_1_348' title='bbox 1787 1415 1932 1464; x_wconf 91' lang='lat' dir='ltr'>Deus</span> <span class='ocrx_word' id='word_1_349' title='bbox 1972 1414 2195 1479; x_wconf 89' lang='lat' dir='ltr'>implere</span> <span class='ocrx_word' id='word_1_350' title='bbox 2229 1415 2494 1481; x_wconf 90' lang='lat' dir='ltr'>quidquid</span> <span class='ocrx_word' id='word_1_351' title='bbox 2531 1435 2656 1484; x_wconf 87' lang='lat' dir='ltr'>pos-</span> 
     </span>
     <span class='ocr_line' id='line_1_67' title="bbox 1578 1485 2651 1551; baseline 0.006 -17"><span class='ocrx_word' id='word_1_352' title='bbox 1578 1495 1706 1535; x_wconf 92' lang='lat' dir='ltr'>sunt</span> <span class='ocrx_word' id='word_1_353' title='bbox 1737 1485 1817 1535; x_wconf 91' lang='lat' dir='ltr'>illi</span> <span class='ocrx_word' id='word_1_354' title='bbox 1853 1486 2015 1537; x_wconf 88' lang='lat' dir='ltr'>verbo</span> <span class='ocrx_word' id='word_1_355' title='bbox 2049 1485 2363 1551; x_wconf 83' lang='lat' dir='ltr'>exprimere.</span> <span class='ocrx_word' id='word_1_356' title='bbox 2395 1488 2651 1540; x_wconf 78' lang='lat' dir='ltr'>Praeterea</span> 
     </span>
     <span class='ocr_line' id='line_1_68' title="bbox 1576 1557 2652 1621; baseline 0.004 -15"><span class='ocrx_word' id='word_1_357' title='bbox 1576 1558 1870 1606; x_wconf 90' lang='lat' dir='ltr'>secundum</span> <span class='ocrx_word' id='word_1_358' title='bbox 1887 1557 2136 1606; x_wconf 90' lang='lat' dir='ltr'>eumdem</span> <span class='ocrx_word' id='word_1_359' title='bbox 2152 1558 2507 1621; x_wconf 73' lang='lat' dir='ltr'>Ber-nardum,</span> <span class='ocrx_word' id='word_1_360' title='bbox 2526 1575 2652 1610; x_wconf 89' lang='lat' dir='ltr'>con-</span> 
     </span>
     <span class='ocr_line' id='line_1_69' title="bbox 1576 1629 2649 1694; baseline 0.003 -15"><span class='ocrx_word' id='word_1_361' title='bbox 1576 1640 1759 1694; x_wconf 92' lang='lat' dir='ltr'>ceptus</span> <span class='ocrx_word' id='word_1_362' title='bbox 1784 1629 2061 1679; x_wconf 88' lang='lat' dir='ltr'>Elizabeth</span> <span class='ocrx_word' id='word_1_363' title='bbox 2097 1629 2310 1694; x_wconf 87' lang='lat' dir='ltr'>Virgini</span> <span class='ocrx_word' id='word_1_364' title='bbox 2344 1631 2649 1693; x_wconf 89' lang='lat' dir='ltr'>nuntiatur,</span> 
     </span>
     <span class='ocr_line' id='line_1_70' title="bbox 1576 1699 2647 1752; baseline 0.003 -3"><span class='ocrx_word' id='word_1_365' title='bbox 1576 1710 1636 1750; x_wconf 93' lang='lat' dir='ltr'>ut</span> <span class='ocrx_word' id='word_1_366' title='bbox 1660 1700 1790 1749; x_wconf 92' lang='lat' dir='ltr'>dum</span> <span class='ocrx_word' id='word_1_367' title='bbox 1830 1699 2150 1749; x_wconf 88' lang='lat' dir='ltr'>miraculum</span> <span class='ocrx_word' id='word_1_368' title='bbox 2189 1700 2447 1751; x_wconf 89' lang='lat' dir='ltr'>miraculo</span> <span class='ocrx_word' id='word_1_369' title='bbox 2484 1703 2647 1752; x_wconf 91' lang='lat' dir='ltr'>addi-</span> 
     </span>
     <span class='ocr_line' id='line_1_71' title="bbox 1575 1772 2646 1841; baseline 0.004 -19"><span class='ocrx_word' id='word_1_370' title='bbox 1575 1782 1679 1834; x_wconf 90' lang='lat' dir='ltr'>tur,</span> <span class='ocrx_word' id='word_1_371' title='bbox 1728 1772 1923 1838; x_wconf 88' lang='lat' dir='ltr'>gaudio</span> <span class='ocrx_word' id='word_1_372' title='bbox 1972 1774 2291 1824; x_wconf 89' lang='lat' dir='ltr'>cumuletur.</span> <span class='ocrx_word' id='word_1_373' title='bbox 2333 1775 2466 1824; x_wconf 91' lang='lat' dir='ltr'>Item</span> <span class='ocrx_word' id='word_1_374' title='bbox 2512 1776 2646 1841; x_wconf 88' lang='lat' dir='ltr'>quia</span> 
     </span>
     <span class='ocr_line' id='line_1_72' title="bbox 1572 1844 2646 1908; baseline 0.004 -15"><span class='ocrx_word' id='word_1_375' title='bbox 1572 1845 1924 1894; x_wconf 89' lang='lat' dir='ltr'>occultaverat</span> <span class='ocrx_word' id='word_1_376' title='bbox 1942 1859 2021 1904; x_wconf 90' lang='lat' dir='ltr'>se,</span> <span class='ocrx_word' id='word_1_377' title='bbox 2042 1854 2094 1894; x_wconf 92' lang='lat' dir='ltr'>et</span> <span class='ocrx_word' id='word_1_378' title='bbox 2116 1844 2221 1908; x_wconf 87' lang='lat' dir='ltr'>jam</span> <span class='ocrx_word' id='word_1_379' title='bbox 2249 1845 2512 1895; x_wconf 88' lang='lat' dir='ltr'>occultare</span> <span class='ocrx_word' id='word_1_380' title='bbox 2531 1862 2646 1897; x_wconf 91' lang='lat' dir='ltr'>non</span> 
     </span>
     <span class='ocr_line' id='line_1_73' title="bbox 1574 1908 2648 1980; baseline 0.004 -16"><span class='ocrx_word' id='word_1_381' title='bbox 1574 1924 1807 1979; x_wconf 88' lang='lat' dir='ltr'>poterat,</span> <span class='ocrx_word' id='word_1_382' title='bbox 1841 1915 2165 1965; x_wconf 89' lang='lat' dir='ltr'>conveniens</span> <span class='ocrx_word' id='word_1_383' title='bbox 2209 1908 2312 1964; x_wconf 88' lang='lat' dir='ltr'>fuit</span> <span class='ocrx_word' id='word_1_384' title='bbox 2341 1916 2490 1980; x_wconf 92' lang='lat' dir='ltr'>quod</span> <span class='ocrx_word' id='word_1_385' title='bbox 2517 1927 2648 1968; x_wconf 89' lang='lat' dir='ltr'>ante</span> 
     </span>
     <span class='ocr_line' id='line_1_74' title="bbox 1572 1984 2648 2050; baseline 0.004 -15"><span class='ocrx_word' id='word_1_386' title='bbox 1572 1995 1773 2035; x_wconf 88' lang='lat' dir='ltr'>ceteros</span> <span class='ocrx_word' id='word_1_387' title='bbox 1814 1984 1980 2050; x_wconf 90' lang='lat' dir='ltr'>Virgo</span> <span class='ocrx_word' id='word_1_388' title='bbox 2029 1985 2131 2035; x_wconf 90' lang='lat' dir='ltr'>hoc</span> <span class='ocrx_word' id='word_1_389' title='bbox 2177 1985 2353 2036; x_wconf 88' lang='lat' dir='ltr'>sciret.</span> <span class='ocrx_word' id='word_1_390' title='bbox 2388 1987 2539 2046; x_wconf 87' lang='lat' dir='ltr'>Item,</span> <span class='ocrx_word' id='word_1_391' title='bbox 2582 1998 2648 2039; x_wconf 88' lang='lat' dir='ltr'>ut</span> 
     </span>
     <span class='ocr_line' id='line_1_75' title="bbox 1571 2056 2647 2121; baseline 0.006 -17"><span class='ocrx_word' id='word_1_392' title='bbox 1571 2065 1681 2105; x_wconf 92' lang='lat' dir='ltr'>tam</span> <span class='ocrx_word' id='word_1_393' title='bbox 1727 2056 2105 2116; x_wconf 79' lang='lat' dir='ltr'>Praecursoris,</span> <span class='ocrx_word' id='word_1_394' title='bbox 2149 2071 2313 2121; x_wconf 91' lang='lat' dir='ltr'>quam</span> <span class='ocrx_word' id='word_1_395' title='bbox 2351 2058 2647 2110; x_wconf 90' lang='lat' dir='ltr'>Salvatoris</span> 
     </span>
     <span class='ocr_line' id='line_1_76' title="bbox 1571 2126 2641 2192; baseline 0.004 -16"><span class='ocrx_word' id='word_1_396' title='bbox 1571 2136 1719 2191; x_wconf 91' lang='lat' dir='ltr'>gesta</span> <span class='ocrx_word' id='word_1_397' title='bbox 1756 2127 1931 2186; x_wconf 88' lang='lat' dir='ltr'>sciret,</span> <span class='ocrx_word' id='word_1_398' title='bbox 1970 2140 2091 2192; x_wconf 85' lang='lat' dir='ltr'>quae</span> <span class='ocrx_word' id='word_1_399' title='bbox 2126 2126 2413 2192; x_wconf 89' lang='lat' dir='ltr'>scriptores</span> <span class='ocrx_word' id='word_1_400' title='bbox 2445 2128 2641 2180; x_wconf 91' lang='lat' dir='ltr'>docere</span> 
     </span>
     <span class='ocr_line' id='line_1_77' title="bbox 1569 2197 2641 2264; baseline 0.006 -18"><span class='ocrx_word' id='word_1_401' title='bbox 1569 2197 1813 2248; x_wconf 90' lang='lat' dir='ltr'>debebat.</span> <span class='ocrx_word' id='word_1_402' title='bbox 1852 2199 1984 2248; x_wconf 91' lang='lat' dir='ltr'>Item</span> <span class='ocrx_word' id='word_1_403' title='bbox 2007 2208 2224 2264; x_wconf 89' lang='lat' dir='ltr'>propter</span> <span class='ocrx_word' id='word_1_404' title='bbox 2256 2199 2641 2252; x_wconf 87' lang='lat' dir='ltr'>sanctificatio-</span> 
     </span>
     <span class='ocr_line' id='line_1_78' title="bbox 1570 2269 2644 2335; baseline 0.006 -17"><span class='ocrx_word' id='word_1_405' title='bbox 1570 2285 1695 2319; x_wconf 90' lang='lat' dir='ltr'>nem</span> <span class='ocrx_word' id='word_1_406' title='bbox 1716 2269 1985 2334; x_wconf 86' lang='lat' dir='ltr'>Baptistae,</span> <span class='ocrx_word' id='word_1_407' title='bbox 2007 2286 2170 2335; x_wconf 89' lang='lat' dir='ltr'>quem</span> <span class='ocrx_word' id='word_1_408' title='bbox 2202 2271 2376 2320; x_wconf 89' lang='lat' dir='ltr'>adhuc</span> <span class='ocrx_word' id='word_1_409' title='bbox 2399 2271 2456 2321; x_wconf 90' lang='lat' dir='ltr'>in</span> <span class='ocrx_word' id='word_1_410' title='bbox 2481 2283 2644 2324; x_wconf 89' lang='lat' dir='ltr'>utero</span> 
     </span>
     <span class='ocr_line' id='line_1_79' title="bbox 1568 2340 2643 2405; baseline 0.006 -17"><span class='ocrx_word' id='word_1_411' title='bbox 1568 2341 1755 2389; x_wconf 89' lang='lat' dir='ltr'>matris</span> <span class='ocrx_word' id='word_1_412' title='bbox 1794 2340 2030 2405; x_wconf 90' lang='lat' dir='ltr'>positum</span> <span class='ocrx_word' id='word_1_413' title='bbox 2070 2342 2223 2391; x_wconf 91' lang='lat' dir='ltr'>Jesus</span> <span class='ocrx_word' id='word_1_414' title='bbox 2245 2342 2417 2391; x_wconf 92' lang='lat' dir='ltr'>voluit</span> <span class='ocrx_word' id='word_1_415' title='bbox 2448 2345 2643 2394; x_wconf 90' lang='lat' dir='ltr'>sancti-</span> 
     </span>
     <span class='ocr_line' id='line_1_80' title="bbox 1566 2410 2642 2479; baseline 0.004 -19"><span class='ocrx_word' id='word_1_416' title='bbox 1566 2410 1738 2460; x_wconf 90' lang='lat' dir='ltr'>ficare.</span> <span class='ocrx_word' id='word_1_417' title='bbox 1770 2412 1901 2461; x_wconf 89' lang='lat' dir='ltr'>Item</span> <span class='ocrx_word' id='word_1_418' title='bbox 1934 2423 1994 2461; x_wconf 91' lang='lat' dir='ltr'>ut</span> <span class='ocrx_word' id='word_1_419' title='bbox 2022 2413 2256 2478; x_wconf 81' lang='lat' dir='ltr'>antiquae</span> <span class='ocrx_word' id='word_1_420' title='bbox 2282 2424 2518 2479; x_wconf 73' lang='lat' dir='ltr'>cognatae</span> <span class='ocrx_word' id='word_1_421' title='bbox 2546 2416 2642 2465; x_wconf 87' lang='lat' dir='ltr'>ob-</span> 
     </span>
     <span class='ocr_line' id='line_1_81' title="bbox 1565 2485 2639 2551; baseline 0.004 -17"><span class='ocrx_word' id='word_1_422' title='bbox 1565 2485 1816 2550; x_wconf 88' lang='lat' dir='ltr'>sequium</span> <span class='ocrx_word' id='word_1_423' title='bbox 1868 2488 2243 2551; x_wconf 69' lang='lat' dir='ltr'>praeberet‚set</span> <span class='ocrx_word' id='word_1_424' title='bbox 2281 2498 2340 2536; x_wconf 92' lang='lat' dir='ltr'>ut</span> <span class='ocrx_word' id='word_1_425' title='bbox 2379 2487 2639 2538; x_wconf 69' lang='lat' dir='ltr'>‹humili-</span> 
     </span>
     <span class='ocr_line' id='line_1_82' title="bbox 1564 2557 2641 2622; baseline 0.005 -17"><span class='ocrx_word' id='word_1_426' title='bbox 1564 2564 1726 2605; x_wconf 90' lang='lat' dir='ltr'>tatem</span> <span class='ocrx_word' id='word_1_427' title='bbox 1783 2557 2049 2622; x_wconf 90' lang='lat' dir='ltr'>impleret.</span> <span class='ocrx_word' id='word_1_428' title='bbox 2099 2557 2265 2607; x_wconf 89' lang='lat' dir='ltr'>Maria</span> <span class='ocrx_word' id='word_1_429' title='bbox 2324 2557 2526 2622; x_wconf 90' lang='lat' dir='ltr'>quippe</span> <span class='ocrx_word' id='word_1_430' title='bbox 2584 2570 2641 2610; x_wconf 92' lang='lat' dir='ltr'>et</span> 
     </span>
     <span class='ocr_line' id='line_1_83' title="bbox 1564 2628 2642 2695; baseline 0.004 -18"><span class='ocrx_word' id='word_1_431' title='bbox 1564 2628 1843 2682; x_wconf 87' lang='lat' dir='ltr'>Elizabeth</span> <span class='ocrx_word' id='word_1_432' title='bbox 1878 2640 2131 2695; x_wconf 71' lang='lat' dir='ltr'>cognatae,</span> <span class='ocrx_word' id='word_1_433' title='bbox 2168 2645 2262 2679; x_wconf 91' lang='lat' dir='ltr'>seu</span> <span class='ocrx_word' id='word_1_434' title='bbox 2297 2630 2642 2683; x_wconf 84' lang='lat' dir='ltr'>consobrinae</span> 
     </span>
     <span class='ocr_line' id='line_1_84' title="bbox 1561 2698 2641 2766; baseline 0.006 -19"><span class='ocrx_word' id='word_1_435' title='bbox 1561 2698 1780 2748; x_wconf 90' lang='lat' dir='ltr'>fuerunt</span> <span class='ocrx_word' id='word_1_436' title='bbox 1802 2699 1858 2749; x_wconf 90' lang='lat' dir='ltr'>in</span> <span class='ocrx_word' id='word_1_437' title='bbox 1884 2702 2120 2750; x_wconf 89' lang='lat' dir='ltr'>secundo</span> <span class='ocrx_word' id='word_1_438' title='bbox 2145 2701 2329 2766; x_wconf 90' lang='lat' dir='ltr'>gradu,</span> <span class='ocrx_word' id='word_1_439' title='bbox 2354 2700 2481 2765; x_wconf 92' lang='lat' dir='ltr'>quia</span> <span class='ocrx_word' id='word_1_440' title='bbox 2505 2699 2641 2753; x_wconf 84' lang='lat' dir='ltr'>filiae</span> 
     </span>
     <span class='ocr_line' id='line_1_85' title="bbox 1560 2769 2639 2836; baseline 0.005 -19"><span class='ocrx_word' id='word_1_441' title='bbox 1560 2769 1789 2836; x_wconf 76' lang='lat' dir='ltr'>duarum</span> <span class='ocrx_word' id='word_1_442' title='bbox 1828 2785 2095 2830; x_wconf 90' lang='lat' dir='ltr'>sororum,</span> <span class='ocrx_word' id='word_1_443' title='bbox 2136 2770 2338 2820; x_wconf 91' lang='lat' dir='ltr'>scilicet</span> <span class='ocrx_word' id='word_1_444' title='bbox 2373 2772 2545 2820; x_wconf 88' lang='lat' dir='ltr'>Annae</span> <span class='ocrx_word' id='word_1_445' title='bbox 2582 2782 2639 2822; x_wconf 92' lang='lat' dir='ltr'>et</span> 
     </span>
     <span class='ocr_line' id='line_1_86' title="bbox 1562 2839 2637 2905; baseline 0.004 -17"><span class='ocrx_word' id='word_1_446' title='bbox 1562 2839 1861 2905; x_wconf 89' lang='lat' dir='ltr'>Hysmeriae</span> <span class='ocrx_word' id='word_1_447' title='bbox 1884 2857 1898 2890; x_wconf 76' lang='lat'>2</span> <span class='ocrx_word' id='word_1_448' title='bbox 1924 2840 2027 2891; x_wconf 90' lang='lat' dir='ltr'>fuit</span> <span class='ocrx_word' id='word_1_449' title='bbox 2059 2842 2222 2891; x_wconf 91' lang='lat' dir='ltr'>etiam</span> <span class='ocrx_word' id='word_1_450' title='bbox 2260 2840 2540 2891; x_wconf 86' lang='lat' dir='ltr'>Elizabeth</span> <span class='ocrx_word' id='word_1_451' title='bbox 2565 2842 2637 2893; x_wconf 89' lang='lat' dir='ltr'>de</span> 
     </span>
     <span class='ocr_line' id='line_1_87' title="bbox 1559 2911 2378 2973; baseline 0.001 -13"><span class='ocrx_word' id='word_1_452' title='bbox 1559 2911 1708 2961; x_wconf 90' lang='lat' dir='ltr'>tribu</span> <span class='ocrx_word' id='word_1_453' title='bbox 1738 2912 1893 2973; x_wconf 86' lang='lat' dir='ltr'>Juda,</span> <span class='ocrx_word' id='word_1_454' title='bbox 1928 2912 2066 2964; x_wconf 89' lang='lat' dir='ltr'>sicut</span> <span class='ocrx_word' id='word_1_455' title='bbox 2106 2924 2157 2963; x_wconf 92' lang='lat' dir='ltr'>et</span> <span class='ocrx_word' id='word_1_456' title='bbox 2194 2912 2378 2962; x_wconf 90' lang='lat' dir='ltr'>Maria.</span> 
     </span>
    </p>

    <p class='ocr_par' dir='ltr' id='par_1_5' title="bbox 1546 2984 2639 3983">
     <span class='ocr_line' id='line_1_88' title="bbox 1622 2984 2636 3041; baseline 0.004 -8"><span class='ocrx_word' id='word_1_457' title='bbox 1622 2999 1681 3033; x_wconf 87' lang='lat'>21</span> <span class='ocrx_word' id='word_1_458' title='bbox 1750 2984 2084 3035; x_wconf 66' lang='lat' dir='ltr'>Expzc-rmo</span> <span class='ocrx_word' id='word_1_459' title='bbox 2120 3000 2373 3035; x_wconf 73' lang='lat' dir='ltr'>AssENsus</span> <span class='ocrx_word' id='word_1_460' title='bbox 2414 2985 2636 3041; x_wconf 65' lang='lat' dir='ltr'>MARIAE.</span> 
     </span>
     <span class='ocr_line' id='line_1_89' title="bbox 1560 3056 2639 3121; baseline 0.002 -15"><span class='ocrx_word' id='word_1_461' title='bbox 1560 3085 1619 3094; x_wconf 94' lang='lat'><em>-</em></span> <span class='ocrx_word' id='word_1_462' title='bbox 1656 3058 1865 3107; x_wconf 90' lang='lat' dir='ltr'>Intuere</span> <span class='ocrx_word' id='word_1_463' title='bbox 1895 3057 1984 3107; x_wconf 89' lang='lat' dir='ltr'>hic</span> <span class='ocrx_word' id='word_1_464' title='bbox 2019 3068 2072 3108; x_wconf 93' lang='lat' dir='ltr'>et</span> <span class='ocrx_word' id='word_1_465' title='bbox 2110 3057 2365 3107; x_wconf 89' lang='lat' dir='ltr'>meditare</span> <span class='ocrx_word' id='word_1_466' title='bbox 2400 3056 2639 3121; x_wconf 86' lang='lat' dir='ltr'>qualiter</span> 
     </span>
     <span class='ocr_line' id='line_1_90' title="bbox 1557 3128 2634 3193; baseline 0.002 -16"><span class='ocrx_word' id='word_1_467' title='bbox 1557 3137 1669 3177; x_wconf 89' lang='lat' dir='ltr'>tota</span> <span class='ocrx_word' id='word_1_468' title='bbox 1728 3128 1968 3177; x_wconf 89' lang='lat' dir='ltr'>Trinitas</span> <span class='ocrx_word' id='word_1_469' title='bbox 2007 3138 2087 3179; x_wconf 90' lang='lat' dir='ltr'>est</span> <span class='ocrx_word' id='word_1_470' title='bbox 2132 3128 2206 3177; x_wconf 90' lang='lat' dir='ltr'>ibi</span> <span class='ocrx_word' id='word_1_471' title='bbox 2251 3142 2503 3193; x_wconf 80' lang='lat' dir='ltr'>praesenS,</span> <span class='ocrx_word' id='word_1_472' title='bbox 2539 3144 2634 3179; x_wconf 88' lang='lat' dir='ltr'>re-</span> 
     </span>
     <span class='ocr_line' id='line_1_91' title="bbox 1554 3196 2637 3264; baseline 0 -16"><span class='ocrx_word' id='word_1_473' title='bbox 1554 3197 1902 3263; x_wconf 90' lang='lat' dir='ltr'>sponsionem</span> <span class='ocrx_word' id='word_1_474' title='bbox 1929 3198 2091 3263; x_wconf 85' lang='lat' dir='ltr'>hujus</span> <span class='ocrx_word' id='word_1_475' title='bbox 2130 3213 2241 3247; x_wconf 89' lang='lat' dir='ltr'>suae</span> <span class='ocrx_word' id='word_1_476' title='bbox 2274 3196 2399 3248; x_wconf 83' lang='lat' dir='ltr'>filiae</span> <span class='ocrx_word' id='word_1_477' title='bbox 2433 3197 2637 3264; x_wconf 89' lang='lat' dir='ltr'>singu—</span> 
     </span>
     <span class='ocr_line' id='line_1_92' title="bbox 1552 3270 2633 3336; baseline 0.001 -17"><span class='ocrx_word' id='word_1_478' title='bbox 1552 3270 1681 3320; x_wconf 89' lang='lat' dir='ltr'>laris</span> <span class='ocrx_word' id='word_1_479' title='bbox 1716 3281 2017 3336; x_wconf 79' lang='lat' dir='ltr'>expectanS,</span> <span class='ocrx_word' id='word_1_480' title='bbox 2053 3279 2105 3320; x_wconf 93' lang='lat' dir='ltr'>et</span> <span class='ocrx_word' id='word_1_481' title='bbox 2131 3280 2374 3320; x_wconf 90' lang='lat' dir='ltr'>amanter</span> <span class='ocrx_word' id='word_1_482' title='bbox 2395 3286 2453 3319; x_wconf 90' lang='lat' dir='ltr'>ac</span> <span class='ocrx_word' id='word_1_483' title='bbox 2476 3270 2633 3320; x_wconf 90' lang='lat' dir='ltr'>dele-</span> 
     </span>
     <span class='ocr_line' id='line_1_93' title="bbox 1551 3342 2639 3408; baseline 0.004 -17"><span class='ocrx_word' id='word_1_484' title='bbox 1551 3342 1814 3392; x_wconf 90' lang='lat' dir='ltr'>ctabiliter</span> <span class='ocrx_word' id='word_1_485' title='bbox 1836 3344 1949 3408; x_wconf 86' lang='lat' dir='ltr'>ejus</span> <span class='ocrx_word' id='word_1_486' title='bbox 1967 3342 2341 3393; x_wconf 90' lang='lat' dir='ltr'>verecundiam</span> <span class='ocrx_word' id='word_1_487' title='bbox 2367 3352 2419 3392; x_wconf 91' lang='lat' dir='ltr'>et</span> <span class='ocrx_word' id='word_1_488' title='bbox 2447 3358 2639 3395; x_wconf 80' lang='lat' dir='ltr'>mores</span> 
     </span>
     <span class='ocr_line' id='line_1_94' title="bbox 1551 3414 2632 3479; baseline 0.003 -16"><span class='ocrx_word' id='word_1_489' title='bbox 1551 3414 1846 3479; x_wconf 81' lang='lat' dir='ltr'>aspicienS,</span> <span class='ocrx_word' id='word_1_490' title='bbox 1889 3424 1941 3464; x_wconf 91' lang='lat' dir='ltr'>et</span> <span class='ocrx_word' id='word_1_491' title='bbox 1985 3415 2146 3464; x_wconf 91' lang='lat' dir='ltr'>verba</span> <span class='ocrx_word' id='word_1_492' title='bbox 2200 3414 2528 3464; x_wconf 88' lang='lat' dir='ltr'>auscultans.</span> <span class='ocrx_word' id='word_1_493' title='bbox 2578 3415 2632 3466; x_wconf 88' lang='lat' dir='ltr'>O</span> 
     </span>
     <span class='ocr_line' id='line_1_95' title="bbox 1551 3484 2634 3550; baseline 0.003 -17"><span class='ocrx_word' id='word_1_494' title='bbox 1551 3484 1728 3550; x_wconf 82' lang='lat' dir='ltr'>qualis</span> <span class='ocrx_word' id='word_1_495' title='bbox 1756 3495 1836 3536; x_wconf 92' lang='lat' dir='ltr'>est</span> <span class='ocrx_word' id='word_1_496' title='bbox 1858 3485 2199 3544; x_wconf 89' lang='lat' dir='ltr'>domuncula,</span> <span class='ocrx_word' id='word_1_497' title='bbox 2221 3484 2316 3533; x_wconf 90' lang='lat' dir='ltr'>ubi</span> <span class='ocrx_word' id='word_1_498' title='bbox 2341 3484 2473 3533; x_wconf 89' lang='lat' dir='ltr'>tales</span> <span class='ocrx_word' id='word_1_499' title='bbox 2496 3496 2634 3536; x_wconf 91' lang='lat' dir='ltr'>sunt</span> 
     </span>
     <span class='ocr_line' id='line_1_96' title="bbox 1554 3554 2636 3607; baseline 0.001 -2"><span class='ocrx_word' id='word_1_500' title='bbox 1554 3565 1604 3605; x_wconf 91' lang='lat' dir='ltr'>et</span> <span class='ocrx_word' id='word_1_501' title='bbox 1633 3556 1757 3606; x_wconf 92' lang='lat' dir='ltr'>talia</span> <span class='ocrx_word' id='word_1_502' title='bbox 1786 3554 2130 3607; x_wconf 87' lang='lat' dir='ltr'>exercentur!</span> <span class='ocrx_word' id='word_1_503' title='bbox 2167 3556 2302 3605; x_wconf 92' lang='lat' dir='ltr'>Nam</span> <span class='ocrx_word' id='word_1_504' title='bbox 2337 3554 2461 3606; x_wconf 91' lang='lat' dir='ltr'>licet</span> <span class='ocrx_word' id='word_1_505' title='bbox 2492 3571 2636 3606; x_wconf 91' lang='lat' dir='ltr'>san-</span> 
     </span>
     <span class='ocr_line' id='line_1_97' title="bbox 1550 3625 2627 3692; baseline 0.001 -16"><span class='ocrx_word' id='word_1_506' title='bbox 1550 3637 1633 3676; x_wconf 89' lang='lat' dir='ltr'>cta</span> <span class='ocrx_word' id='word_1_507' title='bbox 1677 3626 1917 3678; x_wconf 89' lang='lat' dir='ltr'>Trinitas</span> <span class='ocrx_word' id='word_1_508' title='bbox 1955 3628 2026 3678; x_wconf 90' lang='lat' dir='ltr'>sit</span> <span class='ocrx_word' id='word_1_509' title='bbox 2062 3626 2286 3692; x_wconf 91' lang='lat' dir='ltr'>ubique,</span> <span class='ocrx_word' id='word_1_510' title='bbox 2324 3625 2400 3675; x_wconf 93' lang='lat' dir='ltr'>ibi</span> <span class='ocrx_word' id='word_1_511' title='bbox 2438 3636 2627 3677; x_wconf 90' lang='lat' dir='ltr'>tamen</span> 
     </span>
     <span class='ocr_line' id='line_1_98' title="bbox 1551 3698 2625 3766; baseline 0.002 -18"><span class='ocrx_word' id='word_1_512' title='bbox 1551 3716 1698 3750; x_wconf 91' lang='lat' dir='ltr'>nunc</span> <span class='ocrx_word' id='word_1_513' title='bbox 1748 3700 1931 3766; x_wconf 88' lang='lat' dir='ltr'>aliquo</span> <span class='ocrx_word' id='word_1_514' title='bbox 1980 3700 2140 3750; x_wconf 91' lang='lat' dir='ltr'>modo</span> <span class='ocrx_word' id='word_1_515' title='bbox 2188 3698 2449 3765; x_wconf 91' lang='lat' dir='ltr'>singulari</span> <span class='ocrx_word' id='word_1_516' title='bbox 2500 3715 2625 3750; x_wconf 88' lang='lat' dir='ltr'>eam</span> 
     </span>
     <span class='ocr_line' id='line_1_99' title="bbox 1549 3770 2631 3835; baseline 0 -14"><span class='ocrx_word' id='word_1_517' title='bbox 1549 3786 1667 3821; x_wconf 93' lang='lat' dir='ltr'>esse</span> <span class='ocrx_word' id='word_1_518' title='bbox 1727 3772 2003 3821; x_wconf 86' lang='lat' dir='ltr'>mediteris</span> <span class='ocrx_word' id='word_1_519' title='bbox 2062 3771 2268 3821; x_wconf 90' lang='lat' dir='ltr'>ratione</span> <span class='ocrx_word' id='word_1_520' title='bbox 2326 3770 2631 3835; x_wconf 87' lang='lat' dir='ltr'>singularis</span> 
     </span>
     <span class='ocr_line' id='line_1_100' title="bbox 1547 3844 2627 3911; baseline -0.002 -16"><span class='ocrx_word' id='word_1_521' title='bbox 1547 3845 1893 3911; x_wconf 77' lang='lat' dir='ltr'>operationiS.</span> <span class='ocrx_word' id='word_1_522' title='bbox 1933 3847 2142 3896; x_wconf 90' lang='lat' dir='ltr'>Intuere</span> <span class='ocrx_word' id='word_1_523' title='bbox 2165 3845 2327 3895; x_wconf 85' lang='lat' dir='ltr'>etiam</span> <span class='ocrx_word' id='word_1_524' title='bbox 2353 3854 2406 3894; x_wconf 90' lang='lat' dir='ltr'>et</span> <span class='ocrx_word' id='word_1_525' title='bbox 2438 3844 2627 3894; x_wconf 89' lang='lat' dir='ltr'>medi-</span> 
     </span>
     <span class='ocr_line' id='line_1_101' title="bbox 1546 3916 2635 3983; baseline -0.002 -16"><span class='ocrx_word' id='word_1_526' title='bbox 1546 3925 1678 3976; x_wconf 82' lang='lat' dir='ltr'>tare,</span> <span class='ocrx_word' id='word_1_527' title='bbox 1704 3916 1935 3983; x_wconf 88' lang='lat' dir='ltr'>qualiter</span> <span class='ocrx_word' id='word_1_528' title='bbox 1958 3916 2196 3982; x_wconf 84' lang='lat' dir='ltr'>Angelus</span> <span class='ocrx_word' id='word_1_529' title='bbox 2235 3930 2356 3967; x_wconf 90' lang='lat' dir='ltr'>cum</span> <span class='ocrx_word' id='word_1_530' title='bbox 2379 3929 2635 3966; x_wconf 86' lang='lat' dir='ltr'>reveren-</span> 
     </span>
    </p>
   </div>
  </div>
 </body>
</html>
