2784 4452
296 309 649 366 SERMONIS
682 312 752 363 IN
787 312 1042 364 MONTE
1074 309 1570 363 CONTINUATIO
1606 326 1620 359 z
1652 309 1746 359 DE
1773 309 1989 360 ORAT.
2017 308 2192 361 DOM.
2314 306 2413 361 353

169 432 221 485 ei
265 431 334 483 de
375 445 518 480 novo
563 436 835 488 accrescat,
872 426 998 495 quia
1026 426 1128 477 hoc
1156 423 1236 478 est

166 503 522 571 impossibile,
545 501 636 552 sed
662 499 807 566 quod
838 499 1089 550 sanctitas
1115 514 1235 566 quae

169 573 492 628 aeternaliter
518 572 690 631 inest,
731 570 956 621 reluceat
1003 570 1238 634 amplius

172 648 231 698 in
258 644 535 703 creaturiS,
561 658 620 693 ac
651 641 827 708 primo
852 651 904 691 et
933 639 1241 706 principali-

170 728 254 769 ter
283 727 553 784 quaeratur
592 714 648 763 in
683 712 936 778 operibus
965 710 1238 770 humanis,

171 799 253 848 ut,
291 787 589 839 secundum
631 784 952 849 Apostolum
993 800 1007 834 z
1047 782 1239 833 Omnia

172 861 228 913 in
283 859 519 927 gloriam
584 856 690 906 Dei
742 854 1037 920 faciamus.
1085 852 1242 903 Unde

173 930 599 999 Chrysostomus
641 943 658 977 ε
710 944 738 973 α
792 925 967 991 Digna
1019 938 1240 990 prorsus

167 1003 286 1067 ejus
327 999 422 1067 qui
472 999 649 1048 Deum
693 998 901 1047 Patrem
959 993 1241 1060 appellavit

166 1072 379 1131 orati0,
429 1069 569 1119 nihil
614 1067 843 1119 omnino
893 1066 1044 1132 prius
1075 1079 1239 1131 quam

170 1160 270 1210 pro
295 1142 442 1192 illius
472 1139 643 1206 gloria
680 1137 998 1205 supplicare.
1032 1136 1241 1201 Digna-

171 1232 248 1276 re,
290 1214 486 1281 inquit,
537 1213 594 1262 in
623 1223 733 1263 tam
763 1211 967 1262 munda
998 1225 1097 1259 nos
1122 1224 1244 1259 con·

170 1285 472 1337 versatione
487 1298 709 1344 servare,
742 1291 802 1331 ut
821 1296 914 1347 per
944 1295 1043 1330 nos
1066 1277 1242 1329 cuncti

174 1366 229 1408 te
274 1354 501 1405 omnino
552 1351 866 1418 glorificent.
912 1351 1059 1401 Sicut
1095 1349 1241 1400 enim

175 1442 301 1479 cum
320 1425 445 1492 quis
474 1424 592 1474 coeli
615 1421 1071 1489 pulchritudinem
1095 1419 1244 1486 aspi-

177 1500 251 1552 cit
281 1538 294 1559 ,
356 1497 487 1548 dicit
543 1496 714 1563 gloria
759 1495 857 1546 tibi
919 1495 1063 1546 Deus
1088 1532 1103 1555 ,
1169 1493 1247 1543 sic

177 1569 343 1621 etiam
415 1581 538 1617 cum
595 1565 786 1631 aspicit
852 1564 1077 1629 alicujus
1133 1562 1247 1613 vir-

179 1649 382 1700 tutem,
421 1637 549 1703 quia
602 1635 843 1686 hominis
890 1634 1062 1685 virtus
1098 1634 1247 1683 mul·-

180 1718 239 1761 to
297 1708 469 1773 magis
514 1722 676 1772 quam
719 1707 912 1757 coelum
931 1743 944 1766 ,
989 1703 1249 1770 glorificat

180 1782 358 1832 Deum
433 1795 447 1828 z
513 1796 541 1825 »
616 1778 728 1828 haec
798 1777 1247 1844 ChrysostomuS.

181 1852 285 1903 Vel
356 1863 539 1901 nomen
604 1855 766 1910 tuum,
813 1847 1017 1898 scilicet
1073 1855 1247 1913 pater-

184 1924 370 1977 nitatis
414 1939 525 1990 quo
561 1922 754 1972 diceris
797 1923 979 1982 Pater,
1019 1920 1252 1985 sanctifi-

182 2002 353 2059 cetur,
391 1995 446 2043 id
492 2004 571 2044 est
610 1992 957 2043 confirmetur
995 1991 1051 2041 in
1093 1991 1250 2041 nobis

183 2083 280 2135 per
312 2065 759 2134 perseverantiam
796 2074 850 2115 et
885 2063 1249 2122 stabilitatem,

184 2153 256 2189 ne
286 2152 317 2187 a
345 2135 761 2187 sanctificatione
791 2134 1033 2184 nominis
1062 2133 1119 2182 in
1147 2132 1252 2182 ali-

185 2224 298 2277 quo
316 2208 701 2273 discrepemuS,
730 2207 822 2257 sed
853 2205 1024 2257 Patris
1054 2218 1254 2255 nomen

187 2281 248 2332 in
292 2280 449 2329 nobis
497 2288 753 2344 tanquam
789 2277 846 2327 in
888 2276 1016 2327 filiis
1058 2276 1168 2326 vita
1204 2284 1254 2325 et

190 2353 438 2404 moribus
467 2351 812 2401 ostendamus
834 2389 847 2410 ,
877 2359 940 2400 ut
975 2363 1254 2415 nunquam

190 2442 288 2493 per
312 2434 585 2491 peccatum
616 2439 646 2474 a
673 2422 949 2473 filiationis
975 2420 1143 2488 gratia
1170 2435 1257 2471 se-

189 2512 441 2564 paremur
462 2534 475 2555 ,
527 2496 609 2545 vel
656 2509 686 2544 a
743 2493 901 2544 nobis
944 2492 1111 2560 gratia
1165 2507 1258 2542 se-

192 2576 408 2637 paretur
435 2564 741 2627 filiationis;
797 2564 887 2613 sed
926 2562 1024 2613 filii
1053 2563 1133 2614 tui
1165 2577 1259 2627 per

189 2638 418 2706 gratiam
447 2651 659 2701 semper
684 2650 1014 2695 maneamus,
1052 2643 1114 2684 ut
1138 2648 1261 2683 vere

190 2710 367 2760 simus
394 2708 491 2759 filii
512 2708 608 2768 tui,
631 2723 864 2774 quorum
884 2716 943 2758 tu
969 2708 1121 2757 Pater
1147 2720 1261 2755 esse

191 2778 450 2845 dignaris.
490 2779 589 2829 Vel
632 2792 835 2829 nomem
887 2784 1049 2840 tuum,
1084 2775 1138 2825 id
1182 2785 1261 2826 est

193 2851 389 2901 notitia
415 2860 522 2915 tua,
544 2849 925 2915 sanctificetur,
958 2848 1013 2898 id
1033 2857 1113 2898 est
1141 2864 1264 2898 con·

190 2919 436 2972 firmetur
478 2921 635 2971 nobis
661 2936 753 2986 per
793 2935 974 2971 veram
999 2919 1181 2979 fidem,
1204 2928 1265 2969 ut

192 3001 257 3042 tu
285 2992 430 3042 Deus
450 2992 543 3058 qui
560 2992 617 3041 in
644 3002 693 3042 te
716 3001 931 3042 sanctus
955 3007 1029 3055 es,
1047 3001 1263 3041 sanctus

197 3062 445 3115 habearis
464 3065 529 3115 ab
562 3064 896 3124 hominibuS,
924 3073 977 3114 et
1000 3064 1073 3113 ita
1092 3063 1266 3114 omni-

200 3133 305 3184 bus
337 3134 703 3196 innotescaris,
729 3145 791 3186 ut
817 3150 928 3184 non
957 3133 1267 3184 existiment

199 3203 407 3269 aliquid
423 3207 661 3258 sanctius
681 3206 827 3272 quod
847 3205 1020 3271 magis
1039 3203 1266 3255 timeant

133 3320 146 3331 ,
200 3274 485 3338 offendere,
517 3287 569 3327 et
603 3277 748 3343 quod
793 3274 1108 3344 diligentius
1144 3285 1265 3326 stu-

200 3347 365 3398 deant
394 3347 677 3400 honorare.·

268 3416 296 3466 5
325 3418 570 3468 Securum
596 3435 829 3472 Ρετιτιο.
861 3448 923 3459 ·-
951 3419 1157 3471 Deinde
1177 3435 1270 3470 se-

201 3485 388 3552 quitur
438 3490 673 3540 secunda
725 3490 913 3555 petitio
947 3507 962 3542 z
1001 3491 1271 3541 Adveniat

202 3571 432 3623 regnum
466 3565 627 3622 tuum,
659 3560 862 3611 scilicet
895 3560 1177 3625 Ecclesiae;
1213 3560 1268 3611 id

202 3640 284 3681 est
324 3632 696 3684 manifestetur
733 3634 1077 3695 hominibus,
1110 3644 1171 3685 ut
1212 3644 1270 3685 tu

207 3699 304 3766 qui
365 3718 509 3753 nunc
574 3720 780 3771 regnas,
837 3720 1154 3771 semperque
1181 3720 1271 3756 re-

204 3771 379 3839 gnasti
439 3773 497 3822 in
546 3776 734 3840 terris,
800 3776 869 3827 ab
953 3776 1270 3827 hominibus

206 3842 583 3909 ignorantibus
617 3862 834 3912 regnare
861 3849 1173 3915 percipiatis
1220 3858 1272 3900 et

206 3917 570 3982 cognoscaris,
627 3919 829 3983 quibus
873 3934 1101 3986 regnum
1151 3921 1269 3983 Dei,

339 4029 476 4081 Vm
504 4031 628 4082 Jesu
660 4032 900 4096 Cruusrr,
920 4048 1094 4086 ‘roxus
1123 4034 1163 4087 1.

1352 422 1600 491 quamvis
1616 437 1895 489 nunquam
1914 422 2147 473 discedat
2160 423 2226 474 de
2240 425 2418 485 terriS‚

1352 510 1533 550 tamen
1563 500 1754 549 absens
1775 508 1872 561 est,
1902 498 2039 549 sicut
2065 498 2157 548 lux
2187 514 2421 564 praesens

1352 572 1504 622 abest
1539 570 1691 621 caecis
1719 580 1770 620 et
1810 571 1993 619 oculos
2034 570 2421 621 claudentibus.

1353 642 1452 691 Vel
1495 641 1751 691 adveniat
1776 655 2002 706 regnum
2034 645 2196 702 tuum,
2223 640 2423 691 scilicet

1354 712 1554 778 gratiae,
1586 728 1682 778 pro
1705 711 1948 778 quotidie
1975 726 2165 776 regnas
2195 710 2252 760 in
2280 712 2422 761 San-

1356 783 1474 844 ctis,
1527 784 1670 850 quod
1703 782 1774 834 sit
1807 797 1929 832 cum
1961 781 2160 831 diaboli
2195 781 2425 848 imperio

1357 869 1452 920 per
1474 853 1885 904 exstinctionem
1924 851 2180 902 vitiorum
2209 853 2275 903 de
2302 868 2424 903 cor-

1358 924 1519 974 dibus
1551 923 1751 974 nostris
1778 924 1953 990 pulso,
1981 932 2040 974 tu
2065 922 2121 972 in
2156 923 2314 974 nobis
2331 939 2428 989 per

1356 993 1620 1044 virtutum
1664 993 1997 1059 flagrantiam
2050 993 2277 1059 incipias
2323 994 2427 1043 do-

1359 1066 1575 1127 minari,
1606 1076 1668 1117 ut
1700 1082 1808 1116 non
1831 1074 2016 1132 regnet
2045 1065 2308 1127 diabolus,
2335 1077 2428 1117 aut

1360 1138 1614 1198 munduS‚
1654 1137 1738 1187 vel
1775 1137 2002 1188 carnalis
2058 1136 2275 1187 affectus
2327 1153 2422 1188 seu

1359 1212 1534 1261 ullum
1587 1220 1856 1276 peccatum
1905 1209 1962 1260 in
2016 1210 2193 1270 nobiS,
2239 1211 2330 1260 sed
2369 1221 2428 1261 tu

1362 1283 1511 1332 solus
1567 1282 1686 1332 sine
1732 1282 1862 1333 illis.
1912 1281 2013 1331 Vel
2056 1282 2310 1332 adveniat
2335 1296 2428 1332 re—

1360 1368 1527 1418 gnum
1574 1358 1735 1415 tuum,
1788 1351 1987 1402 scilicet
2037 1351 2239 1417 gloriae,
2285 1352 2431 1418 quod

1363 1425 1662 1491 praestituto
1731 1435 1972 1490 tempore
2033 1425 2288 1476 omnibus
2349 1435 2431 1476 est

1363 1496 1634 1562 perfectis,
1690 1512 1749 1547 ac
1788 1496 1883 1546 Dei
1941 1495 2068 1546 filiis
2119 1497 2433 1563 generaliter

1363 1569 1766 1635 repromissum.
1804 1568 1907 1620 Ubi
1949 1569 2273 1620 desiderium
2306 1585 2434 1642 nno-

1364 1648 1538 1689 strum
1579 1639 1644 1688 ad
1682 1639 1924 1689 futurum
1973 1653 2200 1704 regnum
2229 1639 2434 1691 excita-

1367 1724 1507 1769 mus,
1538 1718 1600 1760 ut
1632 1709 1789 1760 nobis
1824 1719 1877 1760 et
1913 1710 1978 1759 ad
2031 1725 2131 1761 nos
2159 1711 2340 1761 veniat
2382 1720 2436 1763 et

1367 1781 1425 1831 in
1455 1796 1519 1830 eo
1547 1795 1769 1846 regnare
1793 1796 2111 1831 mereamur.
2141 1782 2276 1832 Nam
2296 1782 2437 1833 veli-

1368 1866 1510 1914 mus,
1570 1851 1810 1902 nolimus
1856 1851 2046 1918 utique
2090 1853 2352 1917 adveniet,
2384 1863 2437 1905 et

1367 1924 1579 1975 utinam
1657 1935 1864 1990 paratos
1932 1924 2169 1976 inveniat
2201 1926 2213 1977 !
2282 1926 2436 1978 Unde

1372 1994 1795 2060 Chrysostomus
1824 2011 1842 2045 .-
1869 2013 1893 2040 «
1927 1995 2042 2044 Hoc
2066 2010 2283 2060 quoque
2310 2011 2436 2061 gra-

1369 2063 1568 2114 tissimi
1597 2063 1823 2114 omnino
1851 2064 1988 2114 servi
2020 2074 2116 2125 est,
2149 2081 2322 2131 neque
2359 2066 2439 2116 in-

1371 2134 1570 2184 haerere
1597 2134 1970 2200 praesentibus,
1988 2150 2163 2200 neque
2178 2151 2437 2202 magnum

1370 2207 1574 2275 aliquid
1617 2222 1678 2258 ea
1719 2222 1841 2273 quae
1893 2206 2145 2259 videntur
2206 2217 2391 2274 putare
2420 2248 2436 2271 ,

1373 2279 1465 2328 sed
1489 2278 1554 2327 ad
1586 2279 1791 2328 Patrem
1823 2293 2035 2344 semper
2057 2279 2256 2344 urgeri,
2291 2295 2440 2329 sem-

1374 2365 1574 2417 perque
1594 2350 1650 2400 in
1675 2351 1853 2400 futura
1886 2351 2097 2416 gestire.
2118 2352 2275 2412 Quod
2299 2362 2441 2403 certe

1374 2422 1441 2472 de
1487 2421 1690 2487 optima
1749 2421 1936 2471 oritur·
1980 2422 2341 2484 conscientia,
2386 2433 2440 2475 et

1376 2502 1556 2544 mente
1582 2494 1805 2545 terrenis
1835 2494 2093 2544 omnibus
2121 2504 2295 2545 exuta.
2331 2494 2440 2554 Qui

1377 2564 1525 2615 enim
1552 2563 1655 2614 isto
1680 2578 1861 2613 amore
1881 2564 2235 2625 succenditur,
2258 2574 2311 2615 et
2339 2565 2444 2615 hoc

1379 2636 1542 2687 habet
1570 2635 1920 2695 desiderium,
1946 2651 2121 2702 neque
2140 2636 2304 2701 hujus
2331 2637 2446 2703 opi-

1379 2708 1481 2758 bus
1513 2716 1563 2757 et
1592 2705 1841 2772 benignis
1869 2704 2045 2756 inflari
2083 2707 2293 2770 poterit,
2343 2723 2444 2758 ne·-

1379 2794 1487 2845 que
1509 2777 1745 2828 adversis
1773 2787 1825 2827 et
1867 2777 2113 2827 tristibus
2143 2777 2443 2839 humiliari,

1380 2852 1473 2902 sed
1504 2861 1761 2918 tanquam
1794 2850 1851 2900 in
1880 2849 1998 2916 ipso
2028 2852 2160 2901 coelo
2195 2851 2446 2902 habitans

1380 2934 1434 2975 et
1454 2939 1792 2984 conversans,
1822 2923 1888 2973 ab
1908 2933 2134 2989 utraque
2160 2933 2344 2975 erutus
2365 2933 2445 2975 est

1381 2996 1437 3046 in
1478 2993 1796 3060 aequalitate.
1833 3011 1861 3040 ›>
1902 2994 1969 3044 Et
2003 2993 2198 3044 iterum
2233 3011 2246 3045 ε
2278 3013 2305 3041 «
2343 2994 2447 3044 Sed

1382 3080 1592 3130 magnae
1619 3063 1828 3114 fiduciae
1855 3073 1907 3114 et
1935 3063 2154 3115 sincerae
2176 3064 2450 3115 conscien-

1382 3139 1470 3189 tiae
1498 3146 1580 3188 est
1613 3137 1717 3186 hoc
1748 3135 1969 3186 Domini
1999 3153 2243 3203 regnum,
2272 3146 2332 3187 ut
2350 3137 2447 3185 ad-

1381 3207 1564 3261 veniat
1583 3205 1908 3257 confidenter
1925 3217 2125 3274 optare.
2152 3208 2221 3258 Et
2250 3206 2447 3257 idcirco

1384 3278 1513 3346 quia
1538 3287 1601 3329 ut
1645 3292 1876 3342 regnum
1905 3277 2001 3328 Dei
2032 3277 2209 3328 veniat
2237 3291 2452 3341 semper

1384 3363 1633 3407 oramuS,
1679 3347 1811 3398 tales
1841 3362 1941 3397 nos
1984 3347 2037 3396 in
2085 3344 2189 3395 fide
2226 3345 2447 3396 Domini

1385 3430 1439 3471 et
1467 3416 1734 3469 mandatis
1756 3417 1870 3481 ejus
1898 3416 2152 3467 exhibere
2170 3416 2447 3481 debemus,

1386 3501 1449 3542 ut
1499 3490 1681 3542 futuro
1727 3504 1892 3554 regno
1926 3488 2073 3553 digni
2118 3502 2234 3539 esse
2266 3488 2450 3553 possi-

1389 3575 1513 3612 mus
1540 3577 1555 3611 :
1581 3579 1609 3607 ι»
1638 3559 1752 3610 haec
1808 3558 2246 3623 Chrysostomus.
2279 3558 2345 3608 Et
2373 3557 2452 3608 sic

1388 3649 1614 3701 regnum
1644 3631 1743 3682 Dei
1777 3639 1857 3682 est
1895 3629 2106 3694 triplex,
2140 3629 2342 3680 scilicet
2392 3629 2451 3680 in

1386 3704 1643 3764 Ecclesia,
1673 3701 1804 3754 etin
1832 3701 2032 3762 anima,
2063 3711 2222 3768 atque
2250 3701 2306 3751 in
2344 3699 2454 3751 vita

1390 3785 1617 3838 aeterna3
1669 3787 1765 3823 nec
1803 3786 2092 3837 possumus
2151 3767 2216 3822 ad
2275 3773 2450 3823 Deum

1389 3848 1573 3899 venire
1600 3861 1693 3912 per
1716 3843 1961 3911 gloriam,
2000 3843 2103 3894 nisi
2133 3843 2250 3910 ipse
2279 3842 2455 3910 primo

1390 3918 1568 3970 veniat
1593 3915 1660 3966 ad
1686 3929 1787 3966 nos
1811 3930 1905 3982 per
1931 3914 2174 3981 gratiam.

2199 4026 2264 4080 23
