2784 4452
354 336 460 402 460

1177 334 1391 386 INDEX
1423 333 1757 384 CAPITUM.

494 533 733 585 CAPUT
774 534 915 586 XIX.
951 563 1012 574 -
1057 534 1141 585 De
1175 546 1237 584 eo
1268 530 1411 599 quod
1445 531 1683 581 Joannes
1714 528 1993 596 confessus
2029 534 2111 578 est
2143 542 2200 579 se
2235 544 2336 580 non
2372 543 2490 582 esse

787 623 1075 687 Christum,
1109 622 1204 674 sed
1234 621 1352 688 ejus
1371 632 1769 686 praecursorem
1801 623 1853 668 et
1887 617 2149 667 nuntium.

389 805 407 839 1
448 788 690 848 Quatuor
733 792 1056 857 quaestiones
1105 791 1264 842 cuili-

415 861 503 911 bet
526 862 798 914 faciendae.

383 950 411 981 2
451 932 731 984 Confessio
770 950 892 986 vera
945 944 997 985 et
1026 934 1259 985 humilis

413 1003 632 1055 Joannis
659 1005 925 1070 Baptistae.

381 1076 408 1127 3
445 1077 721 1128 Adventus
756 1078 965 1129 Messiae
1018 1089 1260 1145 tempora

412 1148 596 1198 adesse
622 1147 861 1199 sciebant
881 1150 908 1200 J
915 1149 1075 1200 udaei.

381 1236 419 1283 4
472 1219 783 1270 Similitudo
851 1221 1076 1272 Joannis
1129 1237 1254 1273 cum

416 1289 548 1340 Elia.

385 1359 412 1409 5
463 1359 638 1419 Quare
692 1359 923 1412 Joannes
968 1376 1081 1412 vox
1110 1362 1256 1412 dici-

412 1430 531 1481 tur?
572 1464 582 1474 ·

377 1500 410 1551 6
430 1502 632 1554 Semita
650 1503 868 1554 Domini
886 1504 1160 1571 quomodo
1175 1518 1260 1570 pa-

412 1584 559 1624 ratur
579 1574 597 1623 ?

383 1661 416 1711 7
441 1646 725 1707 Quomodo
750 1661 909 1697 mons
944 1646 1260 1697 humiliatur

412 1726 466 1766 et
487 1716 641 1766 vallis
669 1716 958 1781 impletur?

382 1784 415 1835 8
446 1786 718 1852 Baptizare
747 1795 948 1851 poterat
975 1786 1225 1836 Joannes.

381 1870 415 1922 9
445 1856 750 1921 Baptizabat
778 1855 835 1906 in
860 1870 1014 1922 aqua,
1045 1871 1152 1905 non
1197 1856 1255 1905 in

1318 862 1418 929 189

1313 1020 1415 1072 190

1313 1165 1413 1217 190

1313 1308 1404 1360 191

1316 1448 1409 1500 191

1315 1590 1412 1642 192

1314 1715 1409 1783 193

1312 1786 1409 1853 193

1593 788 1629 836 S
1673 786 1818 837 iritu.

1537 874 1599 908 10
1635 803 1944 908 pPraesentia
1986 855 2190 907 Christi
2232 857 2432 923 ignota.

1536 953 1588 987 11
1633 936 1786 987 Jesus
1821 945 1941 1003 post
1967 935 2229 985 Joannem
2263 936 2430 1002 quin-

1587 1021 1694 1073 que
1737 1006 1912 1057 modis
1960 1005 2126 1065 venit,
2158 1015 2211 1056 et
2250 1016 2429 1057 tamen

1586 1087 1709 1129 ante
1737 1078 1914 1144 ipsum
1946 1075 2115 1127 factus
2143 1087 2241 1127 est.

1532 1166 1591 1201 12
1619 1151 1703 1200 Ex
1725 1148 2077 1215 responsione
2093 1149 2312 1199 Joannis
2330 1150 2434 1200 hu·

1588 1223 1788 1273 militas
1812 1231 1995 1272 contra
2032 1220 2314 1272 elationem
2337 1221 2430 1273 in—

1585 1292 1814 1343 ducitur.

1533 1364 1591 1415 13
1619 1364 1989 1416 Annuntiatur
2018 1363 2224 1414 Christi
2256 1364 2428 1430 Bapti-

1588 1452 1779 1487 smus..

1531 1522 1596 1571 14
1623 1506 1876 1558 Officium
1907 1505 2110 1557 Christi
2141 1504 2198 1555 in
2225 1520 2426 1557 secun-

1585 1577 1655 1627 do
1677 1579 1929 1628 adventu.

1532 1646 1591 1697 15
1623 1648 1913 1711 Moraliter,
1940 1648 2170 1698 Joannes
2199 1648 2287 1698 dat
2316 1646 2429 1698 for-

1587 1734 1729 1768 mam
1758 1718 1992 1779 vivendi,
2022 1718 2344 1785 praedicandi
2376 1727 2430 1768 et

1584 1785 1958 1838 fructificandi.

1529 1857 1590 1907 16
1621 1859 1698 1908 De
1719 1857 1998 1908 Bethania.

846 2076 1082 2127 CAPUT
1110 2078 1223 2127 XX.
1257 2105 1316 2114 —
1344 2077 1430 2127 De
1457 2079 1777 2143 poenitentia
1802 2077 2084 2144 facienda'.

388 2263 406 2296 1
445 2245 763 2297 Poenitentia
789 2247 897 2297 duo
916 2249 1159 2315 requirit.

379 2333 408 2366 2
438 2317 757 2369 Paenitentia
781 2318 845 2368 de
860 2319 1059 2384 quibus
1084 2335 1255 2386 agen-

411 2388 495 2438 da.

384 2459 410 2509 3
437 2459 761 2510 Poenitentia
780 2461 983 2526 agenda
996 2460 1112 2512 sine
1133 2461 1259 2512 dila·

410 2530 585 2590 tione,
639 2546 754 2582 sera
804 2531 951 2581 enim
1004 2547 1253 2583 securum

412 2616 519 2651 non
540 2599 681 2652 facit.

377 2687 415 2736 4
426 2672 755 2724 Poenitentiae
772 2682 984 2741 tempus
1004 2675 1257 2740 non‘prae-

409 2745 833 2797 termittendum.

381 2816 409 2866 5
442 2817 521 2866 De
544 2817 837 2882 purgatorii
870 2833 1045 2884 poena.

378 2885 412 2936 6
443 2888 576 2937 Tres
615 2901 740 2938 sunt
765 2889 1093 2955 poenitentiae
1124 2904 1249 2955 par-

408 2968 504 3008 tes.

378 3045 410 3095 7
440 3030 519 3080 De
539 3027 860 3079 contritione
878 3029 1070 3080 cordis·

376 3099 409 3150 8
435 3101 511 3150 De
535 3099 870 3150 confessione
889 3102 1016 3151 oris.

376 3187 409 3239 9
438 3172 649 3237 Saepius
677 3180 756 3222 est
785 3169 1181 3237 frequentanda.

352 3257 414 3292 10
467 3241 876 3292 Confessionem
931 3244 1244 3293 eorumdem

341 3351 352 3361 .
407 3312 595 3364 iterare
636 3314 787 3365 valde
827 3313 957 3364 utile
988 3323 1086 3366 est.

351 3398 370 3433 1
389 3398 406 3433 1
435 3383 721 3434 Confessor
748 3383 818 3434 sit
845 3393 1100 3435 secretus.

1313 2249 1411 2316 198

1312 2406 1412 2459 ¹99

1306 2617 1411 2652 200

1304 2762 1401 2796 201

1302 2834 1406 2868 202

1301 2976 1404 3010 202

1300 3047 1403 3080 202

1299 3102 1401 3152 203

1298 3189 1406 3238 204

1297 3316 1399 3366 205

1291 3385 1396 3435 205

1527 2261 1586 2296 12
1621 2245 1698 2296 De
1724 2247 2087 2298 satisfactione
2114 2246 2292 2313 operis
2331 2262 2428 2311 per

1580 2318 1859 2370 contraria.

1526 2404 1544 2437 1
1557 2387 1585 2439 3
1611 2387 1911 2441 satisfactio
1931 2391 2103 2440 Deum
2123 2389 2356 2441 honorat
2374 2398 2428 2440 et

1579 2469 1790 2525 peccata
1813 2462 2089 2527 praevenit.

1514 2548 1590 2597 14
1617 2533 1913 2593 Qualitates
1941 2531 2321 2586 satisfactionis
2365 2541 2427 2583 ut

1578 2604 1649 2655 sit
1673 2604 1960 2657 sufficiens.

1524 2675 1584 2726 15
1616 2677 2000 2729 satisfacientia
2027 2692 2124 2744 pro
2150 2686 2425 2742 peccatore

1578 2761 1701 2797 cum
1726 2747 1864 2812 ipso.

1523 2814 1585 2865 16
1615 2815 1801 2882 Culpae
1833 2816 2064 2883 gravitas
2087 2816 2423 2867 considerata

1577 2886 1945 2951 poenitentiam
1973 2886 2184 2937 excitat.

1523 2971 1583 3022 17
1610 2956 1914 3008 Consilium
1947 2967 2101 3008 rectae
2153 2956 2425 3023 poeniten-

1573 3029 1662 3079 tiae
1690 3030 1928 3096 agendae.

1519 3097 1582 3149 18
1650 3100 1901 3166 Exempla
1964 3098 2294 3166 poenitentiae
2366 3099 2422 3149 in

1574 3172 1801 3222 SanctiS.

1519 3260 1581 3313 19
1608 3244 1705 3295 Pia
1744 3244 2043 3297 exhortatio
2067 3245 2133 3296 ad
2162 3244 2424 3311 poeniten-

1571 3315 1720 3366 tiam.

859 3579 1094 3631 CAPUT
1126 3581 1264 3631 XXI.
1293 3609 1352 3619 —
1380 3581 1464 3632 De
1496 3582 1778 3648 Baptismo
1815 3582 2051 3635 Domini.

382 3763 399 3796 1
431 3746 606 3797 Locus
633 3747 892 3814 Baptismi
916 3747 1140 3800 Christi.

374 3833 404 3866 2
427 3817 538 3868 Cur
560 3834 701 3868 anno
719 3820 996 3885 trigesimo
1013 3836 1122 3872 suae
1137 3832 1253 3872 aeta·

404 3886 476 3938 tis
502 3888 795 3954 baptizatus
820 3900 901 3941 est
922 3891 1200 3942 Christus?

1297 3766 1396 3801 211

1297 3908 1396 3944 211

1541 3748 1569 3800 3
1610 3750 1847 3802 Humilis
1886 3750 2091 3802 Christi
2135 3752 2201 3803 ad
2237 3752 2418 3818 bapti-

1569 3838 1750 3874 smum
1777 3839 2040 3876 accessus.

1536 3909 1573 3959 4
1598 3894 1854 3946 Rationes
1889 3909 1987 3946 cur
2026 3894 2277 3946 Christus
2314 3894 2415 3945 ba-

2489 787 2589 855 193

2487 875 2594 926 ¹94

2488 1080 2590 1158 195

2485 1292 2586 1360 195

2481 1436 2585 1503 196

2480 1578 2582 1644 19⁶

2484 1804 2585 1854 197

2484 1874 2585 1925 197

2478 2319 2585 2369 206

2477 2461 2585 2512 206

2476 2620 2585 2671 207

2474 2747 2582 2797 208

2474 2886 2582 2937 208

2474 3027 2582 3078 208

2471 3187 2583 3241 2⁰9

2468 3330 2583 3366 210

2466 3840 2576 3875 212
