2784 4452
331 272 568 327 FACTA
601 270 881 322 CHRISTI
912 270 1006 321 AB
1040 270 1243 322 ANNO
1276 269 1371 321 XII
1408 269 1648 330 USQUE
1678 270 1773 321 AD
1805 269 2061 321 ANNUM
2094 270 2257 321 XXX.

216 388 468 456 reputari,
529 403 639 436 non
689 385 915 436 humilis
972 384 1273 452 praedicari3

212 462 405 529 gaudet
433 461 488 509 in
517 467 824 523 contemptu
853 457 968 521 sui,
1015 458 1120 508 hoc
1164 460 1278 508 solo

211 548 335 584 sane
388 530 653 596 superbus
707 528 852 594 quod
911 527 1093 577 laudes
1146 544 1279 577 con-

213 603 401 656 temnit
429 620 442 651 :
469 620 497 649 >2
527 600 643 650 haec
681 599 1020 649 BernarduS.
1058 598 1113 648 Si
1152 614 1278 665 ergo

212 690 414 743 quaeras
455 688 620 740 quare
655 671 919 721 Dominus
947 670 1024 720 sic
1052 670 1276 731 vivebat,

216 744 512 812 respondeo
541 742 661 806 tibi,
697 758 804 791 non
829 742 956 807 quia
984 741 1275 807 indigeret3

216 817 304 869 sed
334 824 395 865 ut
430 829 531 863 nos
567 812 869 862 instrueret.
903 811 1055 862 Unde
1096 811 1140 861 si
1173 828 1280 861 non

212 888 504 949 discimuS,
587 883 977 934 inexcusabiles
1067 899 1277 934 sumus.

213 955 589 1009 Abominabile
639 963 717 1004 est
786 969 1036 1019 prorsuS,
1106 953 1152 1003 si
1223 969 1280 1003 se

215 1030 369 1095 erigit
395 1026 746 1086 vermiculus,
786 1034 839 1074 et
867 1024 1133 1074 vermium
1153 1040 1281 1076 esca

216 1100 446 1162 futuruS,
496 1097 589 1147 ubi
642 1111 698 1145 se
754 1096 1048 1146 humilians
1090 1095 1280 1162 abjecit

214 1169 482 1221 Dominus
521 1165 826 1231 majestatis.
876 1165 931 1216 si
972 1176 1148 1217 autem
1181 1167 1280 1216 ab-

219 1243 443 1293 surdum
489 1239 648 1290 alicui
702 1238 947 1288 videatur
1001 1239 1147 1305 quod
1205 1238 1281 1288 sic

218 1314 479 1365 inutiliter
539 1320 729 1371 staret,
778 1320 829 1361 et
855 1311 1002 1376 quod
1050 1312 1282 1377 Evange-

213 1387 345 1439 listae
376 1387 547 1437 multa
567 1387 631 1435 de
660 1385 811 1435 factis
835 1386 950 1450 ejus
979 1386 1280 1445 omiserint,

215 1473 264 1515 et
290 1462 394 1513 alia
418 1460 620 1511 similia
635 1459 770 1509 forte
789 1459 946 1520 dicat',
971 1459 1281 1524 responderi

214 1544 404 1602 potest,
434 1533 582 1600 quod
610 1548 717 1581 non
749 1542 863 1582 erat
893 1531 1082 1582 inutile
1116 1530 1284 1581 facere

214 1616 265 1656 et
294 1604 533 1670 praebere
584 1611 747 1652 tantae
804 1601 1022 1651 virtutis
1077 1601 1284 1652 exerci—

210 1676 398 1738 tium3
460 1674 573 1723 imo
630 1681 740 1723 erat
802 1672 955 1722 valde
1015 1671 1177 1733 utile,
1232 1681 1286 1722 et

212 1748 464 1799 omnium
494 1746 756 1795 virtutum
785 1753 987 1794 rectum
1018 1754 1070 1794 et
1098 1743 1286 1794 stabile

219 1819 646 1870 fundamentum.
669 1816 784 1864 Hoc
803 1823 981 1864 autem
1001 1815 1146 1881 quod
1166 1814 1287 1864 dico

215 1893 429 1943 videtur
479 1890 641 1940 etiam
696 1887 1015 1937 Ber-nardus
1060 1887 1285 1950 sentire,

213 1972 378 2028 'prout
423 1961 592 2011 habes
640 1957 779 2007 infra
840 1957 898 2007 in
949 1968 1173 2009 tractatu
1222 1958 1287 2007 de

217 2034 494 2099 Baptismo
513 2028 731 2081 Domini
763 2028 897 2078 circa
924 2028 1104 2081 finem.
1133 2031 1288 2090 Quo-

215 2105 620 2167 modocumque
660 2109 839 2149 autem
872 2115 928 2150 se
956 2100 1119 2151 habet
1144 2101 1288 2151 veri-

216 2186 295 2225 tas
328 2175 441 2240 rei,
497 2174 647 2240 pium
688 2179 741 2220 et
787 2170 920 2221 utile
957 2171 1168 2222 videtur
1213 2171 1290 2221 sic

219 2246 485 2297 meditari.

280 2334 317 2382 4
348 2317 622 2368 Cmusrus
679 2332 844 2367 cmprr
904 2329 1058 2365 muns
1091 2331 1292 2365 mci-:RE

218 2406 370 2448 QUAM
411 2405 631 2440 noct-:1112
660 2418 722 2428 —-
752 2389 929 2439 Habes
977 2402 1101 2452 ergo
1147 2404 1291 2454 quo-

219 2460 379 2510 modo
423 2459 692 2509 Dominus
735 2460 899 2508 Jesus
949 2458 1108 2523 coepit
1141 2457 1292 2524 prius

213 2532 407 2597 facere
434 2545 599 2597 quam
624 2531 830 2581 docere.
854 2530 1118 2580 Docturus
1147 2530 1291 2580 enim

217 2613 326 2652 erat
355 2619 369 2652 ε
400 2601 615 2651 Discite
635 2616 670 2650 a
695 2615 793 2662 me,
819 2599 945 2666 quia
977 2601 1121 2651 mitis
1155 2615 1289 2664 sum,

220 2680 270 2723 et
295 2671 515 2722 humilis
556 2671 733 2722 corde.
782 2671 896 2720 Hoc
940 2685 1064 2736 ergo
1116 2670 1293 2736 primo

222 2745 391 2796 facere
435 2741 636 2805 voluit,
685 2752 737 2794 et
776 2759 886 2793 non
931 2743 1065 2805 ficte,
1107 2745 1200 2794 sed
1231 2761 1296 2795 ex

223 2817 381 2866 corde
433 2814 689 2874 faciebat,
738 2813 876 2864 sicut
922 2829 1075 2875 vere,
1135 2824 1187 2864 et
1232 2831 1296 2865 ex

227 2887 383 2937 corde
427 2884 656 2935 humilis
695 2894 749 2934 et
800 2884 950 2934 mitis
1001 2896 1129 2937 erat.
1175 2887 1296 2937 Non

226 2968 437 3026 poterat
484 2958 542 3007 in
592 2973 718 3007 eum
769 2956 1045 3006 simulatio
1084 2959 1297 3019 cadere,

227 3032 320 3081 sed
350 3029 532 3096 potius
575 3028 766 3079 intima
807 3027 1051 3078 fundavit
1093 3039 1144 3079 et
1185 3046 1303 3095 pro·

228 3101 475 3152 'fundavit
502 3115 560 3149 se
585 3099 642 3148 in
663 3099 988 3160 humilitate,
1017 3099 1220 3150 vilitate
1249 3112 1300 3151 et

226 3171 554 3236 abjectione,
593 3180 646 3220 et
687 3171 763 3221 sic
812 3186 868 3221 se
914 3170 966 3219 in
1020 3182 1300 3238 conspectu

226 3245 482 3295 omnium
537 3243 884 3307 annihilavit3
945 3246 1090 3311 quod
1141 3245 1300 3295 etiam

229 3326 517 3381 postquam
561 3315 872 3381 praedicare,
904 3330 962 3364 ac
1010 3315 1194 3366 divina
1251 3327 1304 3368 et

226 3389 498 3440 altissima
541 3388 724 3455 loqui,
783 3388 1038 3440 miracula
1087 3406 1304 3458 quoque

227 3459 520 3526 magnifica
561 3475 720 3524 opere
768 3458 938 3510 facere
979 3461 1162 3527 coepit,
1195 3478 1304 3511 non

232 3548 360 3583 eum
407 3533 740 3598 reputabant,
767 3532 858 3582 sed
888 3532 1305 3599 vilipendebant,

204 3603 476 3653 ”dicentes
506 3619 521 3653 ε
554 3603 688 3664 Quis
718 3610 800 3653 est
834 3602 968 3654 hic?
1001 3605 1197 3656 Nonne
1222 3605 1308 3655 hic

235 3683 318 3728 est
353 3676 513 3743 fabri
533 3676 746 3742 filius?
775 3677 841 3727 Et
867 3677 1035 3728 multa
1064 3678 1171 3728 alia
1214 3679 1309 3729 de-

226 3747 430 3797 *risoria
456 3756 507 3797 et
535 3747 836 3813 despectiva
865 3747 1128 3800 dicebant.
1149 3749 1309 3799 Veri-

230 3817 457 3869 ficatum
515 3831 596 3870 est
645 3835 789 3886 ergo,
821 3821 1117 3870 secundum
1165 3821 1312 3870 hunc

230 3889 598 3953 intellectum,
624 3892 851 3942 verbum
875 3893 1121 3958 Apostoli
1147 3909 1161 3943 ε
1193 3892 1312 3943 Ex·

369 4009 506 4059 Vm
535 4009 661 4061 Jsssu
693 4009 928 4072 Carus-ri,
957 4025 1130 4060 Toxius
1161 4009 1199 4062 Ι.

2340 269 2442 321 161

1388 379 1618 436 inanivit
1655 386 1993 452 semetipsum
2024 386 2268 453 sormam
2309 389 2455 441 servi

1385 456 1678 523 accipienS,
1717 466 1767 506 et
1801 473 1908 506 non
1946 458 2123 507 solum
2159 459 2458 523 cujuscum-

1385 542 1492 592 que
1534 527 1668 577 servi
1716 539 1808 592 per
1861 528 2310 589 Incarnationem,
2361 531 2456 580 sed

1386 597 1547 647 etiam
1573 596 1784 647 inutilis
1812 597 1969 657 servi,
1996 613 2090 663 per
2118 598 2384 649 humilem
2404 610 2456 651 et

1382 666 1640 730 abjectam
1668 668 2143 718 conversationem.

1454 738 1481 789 5
1505 740 1771 799 Quouono
1795 756 2114 798 Aconum-un
2138 744 2455 792 nummus?

1386 831 1449 850 ·—-
1485 812 1781 863 Considera
1827 812 2068 878 singulos
2115 813 2227 878 ejus
2266 822 2453 866 actus:

1388 899 1599 952 semper
1649 884 1706 933 in
1768 884 1847 935 eis
1910 885 2108 936 relucet
2158 885 2455 938 humilitaS.

1389 956 1491 1006 Hic
1532 956 1696 1022 igitur
1736 956 1907 1023 ipsam
1936 957 2244 1021 fabricavit,
2275 957 2330 1007 id
2359 968 2456 1022 est,

1387 1028 1621 1077 ostendit
1686 1029 1923 1095 qualiter,
1983 1028 2191 1095 acquiri
2250 1030 2454 1095 possit,

1384 1101 1590 1151 scilicet
1628 1116 1721 1166 per
1756 1101 2165 1157 {vilificationem
2211 1112 2264 1153 et
2306 1103 2460 1168 abje-

1378 1171 1619 1221 ctionem
1661 1171 1918 1237 suiipsius
1955 1171 2011 1221 in
2039 1182 2321 1239 conspectu
2358 1188 2458 1223 suo

1385 1251 1440 1293 et
1468 1241 1715 1301 aliorum,
1750 1257 1809 1292 ac
1839 1257 1932 1307 per
1972 1243 2287 1292 continuum
2318 1252 2462 1293 exer-

1388 1313 1576 1364 citium
1587 1329 1819 1379 operum
1849 1313 2040 1363 vilium
2066 1323 2117 1364 et
2143 1314 2456 1368 humilium.

1389 1384 1445 1434 Si
1476 1383 1623 1434 enim
1670 1384 1754 1434 vis
1796 1377 2024 1449 adipisci
2064 1384 2455 1446 humilitatem,

1390 1464 1598 1521 oportet
1635 1454 1781 1521 quod
1820 1454 2078 1520 praecedat
2119 1455 2457 1519 humiliatio,

1390 1539 1445 1579 et
1488 1528 1802 1578 exercitium
1862 1543 2087 1594 operum
2141 1529 2458 1580 humilium.

1388 1602 1547 1653 ‘Unde
1594 1601 1912 1652 Bernartius
1942 1618 1960 1651 .-
1984 1619 2011 1647 «
2050 1601 2341 1651 Humilitas
2394 1601 2461 1651 ad

1392 1689 1557 1739 quam
1577 1673 1765 1739 utique
1784 1672 1931 1723 ducit
1948 1672 2274 1734 humiliatio,
2295 1674 2463 1724 totius

1392 1754 1471 1794 est
1486 1743 1782 1810 spiritualis
1801 1743 2011 1794 fabricae
2028 1743 2461 1795 fundamentum.

1394 1811 1676 1880 'Siquidem
1737 1813 2045 1864 humiliatio
2111 1813 2196 1863 via
2255 1825 2335 1864 est
2394 1815 2461 1864 ad

1395 1884 1776 1944 humilitatem,
1809 1884 1947 1934 sicut
1985 1884 2237 1949 patientia
2265 1884 2329 1934 ad
2358 1900 2459 1950 pa·-

1386 1963 1545 2017 'cem,
1576 1956 1713 2006 sicut
1753 1956 1909 2005 lectio
1948 1955 2013 2004 ad
2057 1954 2355 2005 scientiam.
2404 1954 2460 2005 Si

1392 2029 1645 2079 virtutem
1674 2028 1881 2094 appetis
1920 2026 2274 2089 humilitatiS,
2317 2028 2462 2078 viam

1398 2119 1507 2152 non
1537 2101 1766 2167 refugias
1795 2100 2207 2150 humiliationis
2241 2102 2375 2150 Nam
2413 2101 2459 2150 si

1398 2189 1506 2222 non
1534 2171 1735 2238 poteris
1773 2170 2075 2234 humiliari,
2117 2186 2226 2220 non
2264 2170 2463 2236 poteris

1396 2247 1462 2296 ad
1526 2244 1886 2295 humilitatem
1944 2243 2181 2309 provehi.
2243 2243 2466 2295 Prodest

1399 2317 1578 2382 itaque
1639 2314 1777 2364 mihi
1846 2329 2022 2363 meam
2094 2313 2463 2379 insipientiam

1397 2387 1521 2438 sciri
1542 2426 1556 2448 ,
1596 2396 1647 2437 et
1669 2402 1697 2436 a
1724 2385 2018 2435 scientibus
2045 2386 2159 2451 jure
2186 2385 2463 2447 confundi,

1399 2459 1485 2510 cui
1533 2474 1671 2525 saepe
1726 2457 1988 2523 contingit
2026 2473 2056 2507 a
2099 2457 2466 2508 nescientibus

1402 2530 1594 2595 injuste
1626 2528 1846 2579 laudari.
1878 2529 2090 2578 Grande
2126 2544 2304 2578 revera
2333 2529 2469 2594 peri·

1401 2602 1615 2661 culum,
1671 2599 1853 2650 audire
1898 2615 2223 2665 quemquam
2274 2599 2339 2649 de
2387 2614 2465 2664 se,

1392 2679 1563 2741 ‘supra
1589 2689 1752 2740 quam
1775 2672 1939 2723 sentit
1968 2673 2022 2722 in
2052 2689 2127 2723 se.
2159 2672 2296 2732 Quis
2320 2672 2469 2723 dabit

1404 2748 1541 2798 mihi
1572 2747 1712 2814 apud
1733 2744 1986 2796 homines
2005 2755 2215 2795 tantum
2235 2745 2300 2794 de
2326 2745 2472 2795 veris

1404 2822 1565 2889 digne
1611 2818 1922 2878 humiliari,
1976 2828 2241 2884 quantum
2275 2818 2358 2879 vel
2405 2818 2473 2868 de

1404 2892 1552 2942 falsis
1599 2893 1782 2941 datum
1829 2898 1909 2940 est
1953 2889 2174 2955 indigne
2221 2887 2475 2939 exaltari?

1406 2964 1555 3013 Illam
1586 2977 1709 3012 vero
1737 2975 1921 3011 vocem
1955 2959 2321 3025 propheticam
2358 2959 2474 3024 jure

1406 3047 1735 3083 assumerem
1768 3047 1781 3080 ε
1811 3030 2116 3081 Exaltatus
2155 3036 2330 3080 autem
2370 3029 2475 3079 hu-

1407 3104 1648 3155 miliatus
1672 3117 1787 3152 sum
1818 3107 1869 3151 et
1894 3102 2257 3152 conturbatus.
2289 3100 2361 3150 Et
2403 3099 2477 3148 il-

1408 3175 1501 3224 lud
1526 3190 1539 3224 ι
1562 3173 1790 3234 Ludam,
1813 3178 1865 3221 et
1891 3171 2217 3238 vilior-fiam.
2245 3170 2476 3229 Ludam,

1410 3245 1616 3297 scilicet
1642 3253 1701 3294 ut
1730 3244 1938 3294 illudar.
1967 3245 2150 3293 Bonus
2177 3242 2337 3292 ludus
2366 3255 2477 3306 quo

1413 3318 1616 3369 Michol
1646 3316 1908 3376 irascitur,
1930 3326 1980 3366 et
1999 3317 2142 3365 Deus
2162 3310 2475 3364 delectatur!

1413 3395 1592 3443 Bonus
1643 3391 1831 3451 luduS‚
1877 3388 1971 3456 qui
2003 3387 2318 3439 hominibus
2348 3385 2482 3451 qui-

1413 3464 1536 3513 dem
1580 3461 1897 3522 ridiculum,
1943 3461 2033 3510 sed
2080 3457 2300 3523 Angelis
2356 3456 2481 3522 pul—

1414 3532 1741 3598 cherrimum
1812 3529 2169 3597 spectaculum
2240 3525 2479 3591 praebet!

1417 3607 1629 3668 BonuS,
1666 3603 1916 3671 inquam,
1960 3600 2148 3659 luduS,
2178 3614 2286 3664 quo
2315 3596 2485 3647 effici-

1418 3693 1543 3728 mur
1595 3675 1935 3743 opprobrium
1994 3670 2385 3722 abundantibus
2431 3675 2483 3719 et

1419 3738 1687 3814 despectio
1744 3744 2005 3811 superbis·
2060 3743 2173 3792 Hoc
2228 3751 2370 3790 casto
2431 3750 2485 3790 et

1421 3821 1673 3887 religioso
1700 3819 1827 3868 ludo
1851 3816 2084 3875 ludebat,
2101 3812 2196 3880 qui
2225 3812 2433 3863 dicebat
2462 3828 2481 3862 :

1419 3891 1795 3957 Spectaculum
1850 3887 1987 3948 facti
2034 3900 2216 3937 sumus
2268 3885 2483 3949 mundo,

2234 4019 2290 4055 11
