2784 4452
705 285 805 336 DE
831 283 1258 338 MUTATIONE
1287 285 1518 349 AQUAE
1540 288 1609 338 IN
1641 289 1889 341 VINUM.

181 401 333 451 enim
360 401 426 450 de
452 415 594 466 aqua
621 398 772 466 prius
794 400 969 467 posita
1008 401 1136 453 inde
1165 416 1254 453 as-

178 482 525 537 sumpserant
546 471 612 520 ad
643 470 1072 537 purificationem
1096 487 1260 523 vaso-

180 559 307 596 rum
337 553 429 594 :et
474 543 595 594 ideo
628 544 789 610 jussit
812 546 968 596 Jesus
1013 545 1251 612 suppleri

179 616 330 684 quod
360 615 536 666 fuerat
558 627 820 667 amotum.
854 616 1061 667 Euntes
1087 616 1257 683 igitur

179 687 421 740 ministri
473 688 776 739 hauserunt
819 703 1017 756 aquam
1049 689 1117 740 de
1144 704 1255 755 pu-

183 770 271 811 teo
310 776 324 809 :
367 759 461 826 qui
503 759 679 810 adhuc
726 759 802 810 ibi
863 775 980 811 esse
1026 758 1269 821 dicitur}

181 839 332 882 extra
369 830 641 894 viculum,
693 838 746 882 et
773 830 1123 899 impleverunt
1142 831 1261 898 hy‘-

181 899 342 952 arias
369 914 533 966 usque
560 901 639 950 ad
663 915 943 952 summum.
973 902 1109 962 Quae
1130 917 1257 952 cum

180 971 413 1023 fuissent
434 972 669 1038 impletae
699 988 868 1040 aqua,
899 989 1157 1026 conversa
1178 984 1262 1026 est

182 1043 246 1094 iu
272 1043 464 1094 vinum
514 1045 700 1096 divina
722 1045 936 1099 virtute.
966 1047 1088 1098 Non
1114 1046 1256 1096 dici-

182 1124 279 1166 tur
315 1114 406 1166 hic
434 1117 580 1182 quod
616 1117 795 1184 aliqua
836 1117 1000 1174 verba
1044 1118 1110 1168 ad
1156 1117 1264 1168 hoc

186 1185 403 1251 dixerit,
423 1187 560 1237 sicut
586 1187 643 1237 in
663 1188 1261 1239 transsubstantiatione

188 1258 348 1326 panis
392 1269 444 1310 et
482 1259 596 1311 vini
641 1261 698 1311 in
748 1261 955 1328 Corpus
994 1277 1158 1312 suum
1208 1270 1264 1312 et

188 1330 653 1397 Sanguinem3sed
683 1334 889 1384 occulta
943 1333 1142 1384 virtute
1172 1332 1262 1383 di-

189 1400 434 1452 vinitatis
458 1402 563 1452 hoc
593 1413 842 1468 operatus
855 1413 951 1454 est.
982 1403 1110 1455 Sine
1134 1419 1261 1471 ergo

191 1472 343 1524 omni
371 1473 553 1534 νει-130,
582 1474 695 1525 sola
723 1474 943 1526 Domini
965 1476 1264 1537 voluntate,

190 1543 252 1594 in
281 1542 550 1609 optimum
591 1544 785 1595 vinum
834 1561 973 1614 aqua
1006 1561 1265 1597 conversa

192 1622 303 1677 ατς
333 1629 456 1664 cum
498 1624 681 1665 tamen
730 1615 835 1666 alia
880 1616 1169 1678 miracula,
1211 1625 1265 1668 et

191 1685 377 1745 verbo,
406 1693 458 1735 et
475 1693 618 1734 tactu
645 1700 920 1750 corporeO,
949 1695 1002 1737 et
1026 1686 1264 1753 aliquan·

192 1756 266 1807 do
289 1755 419 1806 fletu
445 1754 741 1821 perfecerit.

258 1826 500 1878 6V1mm
552 1842 889 1879 manentosu
929 1842 1257 1879 Pnonucrux

194 1914 410 1951 mrum
450 1914 883 1951 nemincum.
918 1928 980 1939 -—
1010 1899 1091 1951 Et-
1117 1901 1266 1952 dixit

195 1970 280 2022 eis
311 1968 520 2020 Jesus:
548 1969 789 2020 Haut-ite
833 1985 986 2035 nunc,
1033 1978 1087 2023 et
1115 1972 1270 2038 ferte

193 2041 585 2094 architriclino.
623 2041 684 2091 In
713 2041 816 2092 hoc
846 2041 956 2093 duo
980 2053 1269 2096 notantur.

194 2113 468 2181 primum,
529 2113 775 2164 discretio
834 2113 1088 2176 Domini,
1141 2114 1274 2182 quia

192 2183 376 2251 primo
404 2183 559 2235 misit
584 2184 757 2251 magis
781 2184 1087 2238 honorabili
1096 2199 1116 2250 3
1165 2202 1266 2239 nec

194 2255 257 2307 in
303 2255 407 2306 hoc
451 2255 558 2305 -fuit
613 2271 969 2321 personarum
1019 2268 1264 2325 acceptor

197 2326 347 2394 quia,
386 2327 687 2378 secundum
737 2327 1123 2395 Augustinum,
1157 2345 1270 2380 non

197 2414 324 2451 cum
339 2399 590 2449 homines
616 2398 828 2450 diverso
849 2400 1012 2451 modo
1035 2416 1134 2468 pro
1157 2401 1273 2454 suis

199 2469 458 2537 gradibus
508 2471 872 2536 honoramuS,
905 2481 1036 2522 tunc
1066 2472 1272 2524 timen-

198 2543 335 2592 dum
362 2552 472 2605 est,
531 2558 598 2593 ne
629 2557 884 2608 personas
923 2543 1271 2609 accipiamus.

201 2642 265 2653 -
292 2614 623 2674 Secundum,
676 2614 959 2665 humilitas
1016 2614 1269 2680 Domini3

200 2683 330 2751 quia
377 2694 519 2749 patet
549 2684 696 2751 quod
751 2686 966 2736 sedebat
997 2685 1161 2753 longe
1205 2686 1274 2737 ab

199 2754 586 2815 architriclino,
637 2771 762 2806 cum
815 2755 1073 2808 diceret·
1115 2749 1272 2808 Ferte

199 2825 305 2890 illi,
333 2824 490 2892 quasi
515 2826 583 2875 ab
615 2839 678 2876 eo
698 2834 926 2888 remoto,
948 2835 1007 2877 et
1028 2842 1158 2877 cum
1180 2826 1273 2877 ille

199 2898 412 2952 sederet
457 2896 516 2949 in
543 2898 717 2965 magis
765 2899 1072 2950 honorabili
1115 2901 1237 2951 loco
1256 2937 1271 2962 ,

196 2961 477 3036 colligitur
498 2968 644 3036 quod
666 2969 935 3020 Dominus
962 2970 1154 3021 nolens
1176 2985 1268 3021 se·-

156 3039 161 3040 ’
201 3041 330 3092 dere
360 3039 457 3101 ibi,
489 3056 585 3091 nec
629 3042 813 3109 juxta
804 3055 964 3102 eum,
995 3038 1156 3107 elegit
1195 3039 1272 3090 ibi

200 3110 556 3161 humiliorem
584 3112 784 3162 locum.
831 3078 1160 3161 Tric'linium
1195 3118 1277 3161 est

200 3182 357 3235 locus
374 3182 470 3235 ubi
500 3192 627 3234 sunt
655 3195 764 3234 tres
800 3181 1020 3233 ordines
1055 3197 1272 3233 mensa-

201 3271 351 3316 rum,
397 3255 693 3305 secundum
738 3255 934 3321 gradus
968 3253 1275 3320 superiores

205 3335 262 3377 et
282 3323 564 3375 inferiores
592 3324 958 3376 ordinatarum
984 3340 1000 3377 2
1027 3324 1166 3375 sicut
1182 3340 1278 3375 so-

203 3398 283 3450 let
335 3413 453 3449 esse
508 3398 566 3449 in
630 3397 924 3449 refectoriis
993 3397 1279 3466 religioso-

206 3485 354 3521 rum.
396 3470 464 3521 Et
509 3469 706 3520 dicitur
752 3468 1054 3521 triclinium
1097 3483 1131 3520 a
1173 3468 1278 3520 tri-

206 3540 339 3608 plici
388 3540 578 3592 ordine
623 3542 911 3603 lectorum,
952 3557 1117 3607 super
1141 3555 1280 3607 quos

206 3612 465 3674 sedendo,
496 3613 869 3666 recumbentes
908 3612 1276 3664 comedebant.

425 3682 572 3734 enim
610 3685 829 3749 Graece,
872 3684 1060 3736 lectum
1087 3683 1280 3735 Latine

206 3679 498 3822 signisscat.
551 3755 688 3806 Nam
745 3755 1061 3823 antiquitus»,
1105 3754 1163 3805 in
1202 3755 1274 3806 Ie-

212 3825 314 3877 ctis
365 3827 607 3890 sedentes
656 3838 710 3878 et
756 3828 1129 3878 accumbentes
1177 3841 1276 3877 co-

214 3895 430 3950 medere
471 3887 733 3960 solebant,
769 3906 832 3950 ut
872 3913 936 3951 ex
977 3898 1158 3950 labore
1196 3895 1277 3949 fa-

2310 292 2428 350 259

1361 402 1665 469 tigationiS,
1711 403 1929 454 interim
1970 405 2102 455 dum
2146 405 2300 457 cibus
2342 424 2440 458 su—

1367 475 1553 537 mitur,
1577 477 1820 528 membra
1840 478 2193 544 quiescerent.
2223 479 2291 530 Et
2319 479 2439 532 ideo
2490 495 2504 508 ·

1370 547 1429 597 in
1470 546 1766 613 scripturis
1804 547 2059 599 dicuntur
2106 551 2441 603 comedentes

1369 619 1700 680 accumbere,
1728 620 1813 669 vei
1840 620 2165 681 recumbere,
2196 637 2291 673 seu
2324 622 2441 674 dis-

1363 689 1644 750 cumbere,
1700 688 1854 756 quod.
1902 699 1982 740 est
2023 690 2177 754 quasi
2223 691 2442 756 iacendo

1363 760 1666 810 comedere.
1714 758 2134 811 Architriclinus
2175 772 2257 812 est
2290 762 2443 829 prin-

1363 844 1491 896 ceps
1520 840 1573 880 et
1603 830 1806 896 primas
1830 830 2077 895 triclinii,
2106 831 2161 881 id
2191 841 2272 882 est
2299 831 2444 899 prin-

1366 901 1590 967 cipaliS,
1609 911 1664 952 et
1690 901 1903 967 primus
1930 900 2073 951 inter
2098 902 2442 953 convivantes

1365 975 1424 1026 in
1467 974 1724 1026 triclinio,
1768 976 1842 1026 Et
1868 975 2148 1042 probabile
2177 987 2260 1028 est
2294 977 2442 1043 quod

1364 1044 1533 1096 fuerit
1578 1045 1776 1111 aliquis
1818 1047 2063 1096 sacerdos
2104 1046 2255 1098 illius
2297 1057 2442 1098 tem-

1366 1117 1548 1183 poris,
1608 1117 1702 1183 qui
1765 1116 1969 1182 nuptiis
2027 1117 2315 1179 intererat,
2375 1118 2444 1168 ad

1367 1186 1816 1248 benedicendum,
1853 1196 1907 1238 et
1939 1187 2005 1237 ad
2042 1188 2442 1239 ostendendum

1367 1257 1602 1324 qualiter
1641 1258 1871 1308 debeant
1903 1258 2205 1323 procedere,
2242 1273 2445 1310 secun-

1367 1329 1503 1378 dum
1549 1328 1750 1394 Legem
1801 1337 1854 1378 et
1906 1337 2102 1380 statuta
2147 1329 2443 1380 seniorum.

1365 1398 1557 1462 Voluit
1596 1413 1723 1464 ergo
1760 1396 2026 1447 Dominus
2057 1408 2258 1459 noster,
2297 1399 2446 1466 quod

1369 1467 1726 1535 principalior
1767 1467 1915 1518 inter
1954 1467 2223 1529 convivas,
2267 1467 2447 1535 primo

1368 1540 1436 1591 de
1461 1538 1594 1590 vino
1622 1538 1717 1589 ino
1742 1548 1997 1604 gustaret,
2027 1549 2085 1589 ut
2110 1538 2448 1605 praesidentis

1368 1610 1638 1663 sententia¹
1674 1608 2049 1676 acceptabilior
2089 1620 2247 1671 esset,
2282 1619 2339 1661 et
2382 1625 2448 1661 ex

1369 1682 1543 1749 ipsius
1599 1681 2072 1732 commendatione
2123 1681 2447 1733 miraculum

1370 1753 1556 1821 notius
1597 1751 1766 1803 fieret.
1802 1751 1890 1802 Sic
1926 1751 2089 1802 etiam
2132 1767 2234 1802 nos
2282 1751 2448 1803 debe-

1370 1838 1496 1875 mus
1568 1832 1753 1874 nostra
1814 1821 2166 1873 examinatori
2227 1823 2448 1889 praelam

1371 1894 1581 1958 offerre,
1608 1895 1675 1944 ad
1704 1892 2045 1959 probandum
2074 1907 2153 1943 ea.

1438 1984 1474 2035 7
1526 1967 1654 2019 Vim
1707 1981 2026 2017 mancusost
2085 1981 2329 2017 nomas.
2384 1992 2448 2005 -—

1382 2038 1456 2090 Ut
1501 2044 1677 2089 autem
1740 2036 1985 2104 gustavit
2044 2036 2449 2088 architriclinus

1372 2122 1570 2173 aquam
1617 2107 1798 2158 vinum
1828 2106 2064 2172 factam,
2104 2105 2160 2155 id
2200 2115 2301 2166 est,
2335 2120 2450 2155 rnu-

1374 2189 1538 2233 tatam
1567 2179 1623 2231 in
1646 2180 1858 2242 vinum,
1886 2185 1940 2231 et
1959 2193 2064 2230 non
2086 2177 2288 2229 sciebat
2311 2177 2449 2229 unde

1375 2256 1530 2313 esset,
1574 2250 1774 2300 scilicet
1801 2266 1897 2316 per
1930 2247 2134 2300 Christi
2161 2247 2447 2307 virtutem,

1375 2326 1535 2371 vocat
1577 2333 1847 2385 sponsum,
1901 2318 2057 2385 quasi
2100 2317 2167 2368 ad
2217 2331 2450 2383 arguen-

1376 2392 1512 2441 dum
1566 2389 1767 2455 ipsum,
1817 2394 1870 2439 et
1919 2388 2053 2439 dicit
2088 2388 2140 2439 ei
2181 2404 2199 2438 .·
2261 2386 2450 2437 Omna

1375 2462 1550 2523 homo,
1575 2458 1847 2509 rationalis
1870 2468 1922 2509 et
1947 2459 2239 2541 prudenter
2262 2471 2456 2523 agens,

1379 2532 1435 2583 in
1466 2530 1742 2599 principio
1772 2531 1961 2581 bonum
1987 2529 2170 2581 vinum
2208 2529 2449 2595 apponit,

1377 2602 1825 2667 convivantibus;
1884 2601 2012 2669 quia
2074 2611 2201 2652 tunc
2260 2616 2453 2652 sensus

1376 2683 1460 2725 est
1497 2673 1654 2724 vivax
1684 2681 1737 2723 et
1774 2680 1951 2739 potest
1980 2670 2286 2721 discernere
2335 2671 2451 2723 vini

1378 2747 1711 2807 bonitatem,
1760 2755 1813 2796 et
1864 2753 2164 2811 acceptare,
2232 2749 2288 2794 et
2333 2757 2455 2796 cm

1378 2816 1634 2869 inebriati
1660 2814 1894 2883 suerint,
1935 2821 2073 2875 tunc,
2114 2812 2358 2879 apponit,
2393 2812 2456 2863 id

1377 2890 1521 2956 quod
1562 2888 1817 2951 deteriuS,
1869 2886 1926 2937 id
1966 2895 2047 2936 est
2086 2885 2366 2952 aquosius,
2402 2893 2457 2935 et

1378 2960 1614 3012 debilius
1640 2961 1707 3011 ad
1735 2957 2134 3024 mitigationem
2156 2955 2453 3016 ebrietati&

1379 3034 1509 3101 quia
1536 3044 1662 3085 tunc
1696 3048 1807 3083 non
1836 3031 1916 3082 sic
1950 3030 2133 3081 sciunt
2155 3031 2456 3082 discernere

1381 3104 1526 3155 inter
1549 3105 1757 3155 bonum
1780 3112 1834 3154 et
1855 3101 2113 3152 deterius.
2142 3102 2228 3151 Tu
2256 3107 2453 3161 autem,

1381 3186 1569 3228 contra
1595 3171 2045 3226 consuetudinem
2071 3171 2293 3233 faciens,
2332 3186 2455 3222 ser·

1380 3249 1532 3301 vasti
1565 3249 1746 3299 vinum
1802 3247 1993 3298 bonum
2049 3258 2213 3311 usque
2260 3242 2468 3303 adhue,

1381 3320 1457 3371 ita
1497 3318 1642 3385 quod
1682 3318 1845 3368 modo
1877 3331 2038 3383 sapor
2068 3316 2183 3381 ejus
2221 3310 2454 3363 discerni

1382 3407 1494 3443 non
1520 3399 1727 3457 potest·
1712 3428 1729 3455 ‚
1760 3389 1913 3458 quasi
1943 3389 2161 3446 diceret,
2186 3383 2456 3451 arguendo

1382 3478 1508 3516 eum
1549 3479 1565 3514 ε
1610 3462 1909 3515 inordinate
1974 3473 2030 3512 et
2087 3455 2457 3523 imprudenter

1381 3536 1557 3587 fecisti
1599 3536 1949 3586 contrarium.
1997 3534 2102 3583 Iste
2143 3539 2344 3588 tamen,
2393 3536 2457 3577 ut

1382 3607 1697 3676 praedictum
1733 3618 1832 3669 est,
1861 3607 2172 3683 ignoranter
2197 3598 2459 3666 loqueba-

1381 3690 1489 3731 tur.
1549 3678 1782 3729 Ministri
1837 3691 1984 3741 ergo,
2045 3672 2140 3740 qui
2201 3670 2460 3720 dederant

1380 3752 1570 3804 vinum
1616 3750 1697 3801 iiii
1751 3759 1803 3800 et
1849 3747 1989 3808 aliis,
2039 3745 2455 3810 divulgaverunt

1383 3825 1724 3888 miraculum,
1754 3822 1883 3889 quia
1913 3819 2017 3885 ipsi
2046 3816 2284 3869 sciebant
2310 3828 2454 3895 quo-

1383 3896 1547 3948 modo
1583 3894 1757 3947 fuerat
1787 3891 2009 3943 factum.
2048 3881 2461 3941 Commendav‘rt
