2784 4452
366 354 470 422 348

344 472 526 525 futuro
584 469 835 536 recipient
901 485 997 536 pro
1069 468 1416 519 simulatione

344 541 761 602 damnationem,
793 556 957 606 quam
989 556 1097 590 non
1133 539 1413 590 timebant.

345 613 414 668 Et
452 615 724 681 signanter
763 613 893 664 dicit
930 622 1259 678 receperunt,
1304 627 1415 661 non

345 685 629 752 recipiunt,
651 685 778 752 quia
806 682 927 734 talis
946 683 1062 733 laus
1085 683 1218 733 adeo
1241 681 1416 733 brevis

344 767 456 817 est,
488 757 633 822 quod
678 754 832 822 quasi
877 753 1017 803 nihil
1055 753 1122 803 de
1168 752 1416 820 praesenti

344 827 524 878 habet.
554 826 708 877 Unde
728 826 785 876 in
806 826 943 875 Job:
972 825 1121 875 Laus
1135 824 1417 890 impiorum

348 900 541 962 brevis,
567 906 619 950 et
641 899 902 966 gaudium
920 898 1224 965 hypocritae
1243 896 1419 948 instar

336 973 543 1041 puncti.
579 973 700 1022 Non
724 987 848 1038 ergo
881 972 1131 1037 prohibet
1154 971 1418 1021 Dominus

344 1045 621 1096 tristitiam
662 1043 990 1110 poenitentiae
1027 1060 1124 1109 pro
1172 1043 1416 1109 peccatis,

344 1117 438 1168 sed
483 1116 756 1166 tristitiam
801 1114 978 1166 fictam
1028 1129 1126 1180 pro
1170 1115 1421 1165 laudibus

345 1187 769 1254 consequendis3
817 1204 915 1238 nec
957 1188 1208 1255 prohibet
1246 1187 1418 1242 videri

343 1259 667 1324 jejunanteS,
717 1260 809 1309 sed
860 1260 964 1309 hoc
1013 1275 1122 1316 non
1174 1268 1422 1325 appetere

346 1339 564 1396 propter
591 1329 877 1380 hominum
907 1330 1130 1392 favoreS,
1151 1330 1279 1397 quia
1308 1344 1420 1380 non

352 1402 525 1452 virtus
550 1412 775 1463 vetatur,
805 1403 897 1453 sed
927 1419 1082 1453 mens
1109 1402 1231 1453 ficta
1249 1418 1423 1468 repro·

351 1472 527 1523 batur.
581 1474 736 1524 Unde
790 1474 1214 1541 Chrysostomus
1242 1491 1258 1524 .·
1288 1491 1316 1520 (ι
1362 1473 1418 1522 Si

344 1558 472 1609 ergo
506 1542 600 1609 qui
634 1544 833 1608 jejunat
871 1553 923 1594 et
961 1543 1168 1594 tristem
1193 1559 1251 1599 se
1277 1543 1418 1602 facit,

277 1671 278 1678 ἵ
344 1613 623 1680 hypocrita
650 1624 747 1674 est,
769 1625 969 1680 quanto
989 1615 1161 1681 magis
1180 1614 1424 1679 iniquior

348 1697 431 1737 est
457 1686 552 1753 qui
584 1703 692 1736 non
722 1688 940 1753 jejunat,
972 1689 1065 1738 sed
1094 1688 1421 1754 argumentis

345 1758 670 1825 quibusdam
702 1759 755 1809 in
778 1758 912 1809 facie
944 1775 1039 1810 sua
1058 1760 1244 1825 'pingit
1269 1776 1423 1811 vena-

345 1833 454 1882 lem
471 1831 746 1896 pallorem,
763 1831 914 1897 quasi
931 1832 1118 1897 jejunii
1130 1833 1347 1899 signum
1359 1832 1378 1882 ?
1391 1853 1420 1880 ι)

345 1902 553 1955 Deinde
619 1902 803 1954 subdit
865 1903 1087 1954 modurn
1149 1904 1420 1970 jejunandi

344 1972 587 2023 debitum
619 1990 633 2023 ι
671 1974 757 2024 Tu
788 1980 981 2038 autem,
1025 1989 1141 2025 cum
1166 1975 1419 2043 jejunaS,

348 2060 457 2094 non
482 2043 681 2094 scilicet
710 2044 940 2096 imiteris
962 2046 1297 2112 hypocritas;
1329 2046 1422 2096 sed

349 2130 494 2183 unge
541 2122 700 2183 caput
742 2124 902 2181 tuum,
945 2123 997 2168 et
1030 2118 1235 2183 faciem
1280 2124 1422 2168 tuam

349 2188 493 2239 lava.
537 2187 675 2248 Quia
736 2188 1023 2240 ridiculum
1081 2199 1219 2241 esset
1268 2199 1425 2256 caput

348 2258 490 2322 oleo,
519 2258 586 2308 ad
613 2259 863 2321 litteram,
901 2276 1121 2327 ungere,
1156 2261 1295 2322 ide0,
1333 2277 1423 2312 se-

348 2330 588 2380 cundum
674 2331 1100 2397 Hieronymum,
1166 2332 1425 2398 accipitur

350 2403 712 2468 metaphorice
753 2420 783 2454 a
840 2404 1164 2469 Palaestinis,
1214 2405 1308 2471 qui
1363 2405 1422 2456 in

349 2473 500 2524 festis
522 2475 768 2525 solebant
794 2475 897 2525 hoc
918 2476 1102 2536 facere,
1125 2486 1185 2526 ut
1206 2479 1424 2543 quando

349 2545 669 2610 jejunamuS,
696 2545 845 2595 laetos
871 2561 970 2596 nos
992 2556 1044 2596 et
1067 2545 1287 2597 festivos
1310 2563 1427 2598 esse

352 2624 715 2666 monstremus
731 2631 746 2679 ;
778 2630 917 2683 unge
932 2632 1067 2684 ergo
1081 2625 1242 2686 caput
1260 2625 1422 2683 tuum,

352 2686 407 2737 id
437 2696 519 2737 est
552 2688 778 2739 hilarem
812 2699 863 2739 te
894 2690 1106 2751 exhibe,
1141 2697 1193 2741 et
1217 2691 1424 2756 faciem

351 2763 498 2806 tuam
535 2757 758 2821 lava‚ad
791 2759 1042 2820 litteram,
1079 2776 1147 2810 ne
1177 2760 1426 2812 sordidus

350 2844 621 2895 appareas.
653 2831 774 2881 Duo
794 2832 923 2883 dicit
951 2842 1134 2884 contra
1156 2834 1265 2883 duo
1296 2850 1309 2884 z
1338 2849 1427 2884 un-

348 2913 423 2965 ge
469 2900 585 2951 oleo
630 2901 852 2964 laetitiae,
909 2913 1095 2953 contra
1149 2902 1425 2972 tristitiam

351 2970 783 3036 hypocritarum3
818 2972 942 3023 lava
962 2988 1100 3039 aqua
1123 2973 1422 3039 munditiae,

350 3051 535 3091 contra
589 3044 1091 3096 exterminationem
1147 3044 1422 3096 facierum.

350 3112 769 3162 Vel-secundum
794 3115 927 3166 duas
955 3126 1129 3180 partes
1161 3116 1379 3183 justitiae
1409 3133 1423 3167 z

352 3182 478 3233 lava
515 3182 705 3233 faciem
755 3184 1042 3247 internam,
1077 3187 1131 3236 id
1172 3197 1254 3238 est
1287 3202 1426 3237 con-

349 3252 648 3314 scientiam,
672 3268 704 3303 a
732 3254 873 3304 malo
905 3271 998 3320 per
1029 3256 1433 3307 confessionem

349 3328 624 3391 tergend0,
647 3336 706 3377 ut
730 3326 932 3377 munda
959 3328 1030 3378 sit
1061 3339 1184 3380 ante
1214 3331 1423 3394 Deum;

350 3395 491 3446 sicut
521 3396 668 3446 enim
700 3396 755 3445 in
799 3408 1082 3462 conspectu
1103 3456 1110 3466 .
1135 3399 1425 3450 hominurn

353 3464 584 3529 gratiosa
632 3475 714 3516 est
757 3465 927 3517 facies.
969 3468 1213 3532 pulchra,
1262 3469 1426 3519 sicin

352 3534 524 3586 oculis
564 3535 661 3585 Dei
704 3538 944 3603 preciosa
988 3549 1069 3590 est
1107 3539 1428 3591 conscientia

352 3607 586 3667 munda;
621 3624 666 3655 ετ.
697 3625 837 3676 unge
865 3619 1043 3681 caput,
1074 3612 1128 3662 id
1152 3623 1248 3674 est,
1279 3628 1428 3663 men·

351 3688 474 3730 tem*
577 3720 602 3729 ,.
652 3682 744 3730 rati
798 3701 920 3735 aem
970 3700 1093 3752 quae
1140 3684 1197 3735 in
1246 3684 1427 3735 anima

351 3753 660 3818 praeeminet
733 3772 776 3808 c
803 3759 1150 3824 cogitationes
1177 3767 1230 3808 et
1256 3768 1427 3807 cetera

351 3823 592 3874 hominis
623 3826 766 3893 1.„·‚it
794 3829 851 3878 in
881 3829 1040 3889 bon0,
1068 3843 1161 3894 per
1187 3828 1428 3878 devotio-

352 3909 478 3943 nem
498 3898 800 3963 gaude-ndo,
824 3911 883 3950 ut
902 3900 959 3951 in
979 3899 1177 3967 jejunio
1200 3900 1425 3950 hilarem

349 3965 575 4020 animun
648 3972 900 4023 exhibeas
939 3973 1068 4024 De0.
1120 3971 1427 4037 Spiritualis

947 353 1187 405 PRIMAE
1226 352 1473 404 PARTIS
1500 352 1735 405 CAPUT
1763 353 1994 405 XXXVI.

1521 468 1672 519 enim
1714 468 1955 520 hilaritas
1986 468 2046 519 in
2083 468 2302 534 jejunio,
2352 467 2491 518 sicut
2535 466 2595 517 in

1519 544 1872 609 eleemosyna
1932 554 2016 594 est
2082 542 2377 594 necessaria
2395 579 2410 603 ,
2466 542 2598 608 quia

1521 613 1659 664 sicut
1695 615 1845 665 Deus
1871 614 2057 680 diligit
2080 614 2305 665 hilarem
2332 614 2598 674 datorem,

1520 684 1595 734 sic
1618 693 1670 735 et
1683 683 1908 736 hilarem
1928 686 2270 750 jejunantem.
2293 684 2395 735 Ubi
2412 685 2601 749 Augu·

1522 758 1697 807 stinus
1735 775 1752 807 .·
1789 775 1817 805 α
1866 758 2278 824 Intelligendum
2331 766 2440 816 est,
2494 756 2601 807 hoc

1542 837 1866 893 praeceptum
1895 827 1961 877 ad
1984 827 2291 878 interiorem
2321 827 2605 877 hominem

1520 896 1806 963 pertinere.
1860 898 2076 964 Ungere
2124 914 2252 964 ergo
2309 907 2469 962 caput
2531 897 2602 948 ad

1525 968 1767 1020 laetitiam
1805 969 2036 1035 pertinet
2046 985 2062 1032 ;
2093 969 2266 1019 lavare
2299 979 2480 1019 autem
2513 967 2601 1018 fa-

1522 1042 1679 1101 ciem,
1712 1042 1779 1092 ad
1808 1041 2149 1092 munditiam.
2182 1042 2249 1092 Et
2275 1041 2397 1091 ideo
2439 1050 2604 1106 caput

1523 1124 1754 1180 ungunt,
1774 1114 1869 1180 qui
1889 1115 2132 1164 laetantur
2151 1113 2377 1165 interius
2399 1123 2603 1175 mente,

1522 1195 1682 1250 atque
1710 1184 1928 1235 ratione.
1958 1184 2031 1234 Et
2057 1184 2160 1234 hoc
2186 1182 2344 1234 faciat
2368 1183 2465 1249 qui
2489 1199 2604 1233 non

1523 1256 1656 1306 foris
1678 1256 1871 1321 quaerit
1892 1255 2148 1315 laetitiam,
2171 1264 2232 1305 ut
2254 1255 2322 1305 de
2345 1254 2605 1306 laudibus

1526 1326 1811 1377 hominum
1860 1327 2098 1393 gaudeat.
2140 1327 2218 1376 Ita
2256 1325 2402 1376 enim
2432 1336 2487 1376 et
2515 1325 2606 1376 fa-

1525 1397 1661 1447 ciem
1695 1396 1906 1461 lavabit,
1935 1396 1991 1447 id
2027 1406 2122 1456 est,
2162 1411 2255 1446 cor
2292 1396 2605 1458 mundabit,

1525 1484 1634 1535 quo
1675 1469 1890 1519 visurus
1939 1477 2037 1536 est,
2064 1468 2239 1518 Deum
2261 1506 2275 1528 ,
2337 1483 2449 1517 non
2502 1482 2604 1533 pro

1529 1540 1845 1605 interposito
1863 1539 2128 1590 velamine
2140 1549 2353 1604 propter
2373 1537 2608 1589 infirmi-

1527 1623 1687 1664 tatem
1705 1623 2029 1665 contractam
2050 1613 2115 1663 de
2135 1613 2404 1663 sordibus,
2431 1631 2458 1660 n
2480 1612 2606 1672 Vel,

1525 1685 1824 1735 secundum
1856 1685 2318 1752 chrysostomum,
2340 1697 2486 1748 unge
2505 1697 2608 1733 ca·—

1516 1761 1635 1821 put,
1679 1755 1734 1805 id
1769 1765 1850 1805 est
1874 1754 2187 1817 Christum,
2225 1755 2346 1804 oleo
2383 1753 2607 1803 miseri-

1526 1826 1739 1886 cordiae,
1761 1825 1960 1876 scilicet
1982 1840 2241 1891 pauperes
2261 1824 2603 1890 recipiendo;

1527 1898 1652 1948 lava
1688 1897 1917 1963 faciem,
1974 1897 2028 1947 id
2083 1907 2167 1948 est
2218 1895 2606 1955 intentionem,

1532 1980 1750 2038 propter
1768 1971 1943 2021 Deum
1965 1970 2067 2021 hoc
2097 1970 2364 2021 faciend0.
2396 1970 2464 2019 Et
2482 1969 2612 2019 sub·

1528 2042 1626 2103 dit,
1653 2056 1932 2091 removens
1961 2040 2322 2091 intentionem
2343 2054 2566 2106 pravam
2590 2054 2607 2089 z

1528 2130 1592 2165 ne
1645 2114 1884 2165 videaris
1929 2113 2241 2175 hominibusi,
2284 2112 2339 2161 id
2382 2121 2481 2172 est,
2533 2111 2608 2161 ob

1526 2187 1740 2239 laudem
1776 2196 1829 2238 et
1854 2186 2080 2253 gloriam
2117 2185 2405 2236 hominum
2447 2199 2608 2252 quae-

1530 2262 1747 2312 rendam
1765 2299 1780 2325 ,
1823 2260 2095 2327 Jejunans,
2149 2259 2246 2310 sed
2284 2259 2451 2309 Patri
2514 2267 2606 2309 tuo

1528 2331 1745 2396 coelesti,
1775 2332 1925 2396 cujus
1952 2331 2180 2396 gloriam
2203 2338 2415 2379 tantum
2439 2329 2610 2379 deboe

1529 2406 1591 2456 in‘
1617 2406 1873 2472 operibus
1898 2405 2007 2455 tuis
2032 2419 2288 2471 quaerere,
2318 2403 2412 2469 qui
2439 2409 2525 2453 est
2553 2403 2609 2453 in

1528 2479 1839 2530 abscondito
1867 2477 2137 2538 cordium,
2169 2477 2298 2542 quia
2325 2482 2610 2526 scrutatur

1528 2564 1682 2600 renes
1727 2556 1778 2599 et
1833 2549 1997 2600 corda
2045 2547 2358 2607 hominum,
2407 2547 2493 2596 vel
2554 2547 2610 2596 ὶκ

1528 2620 1838 2671 abscondito
1893 2618 2410 2678 remunerationum,
2469 2631 2612 2683 quas

1529 2692 1810 2743 abscondit
1832 2691 2151 2742 timentibus
2177 2706 2323 2750 eum,
2366 2690 2452 2740 vel
2476 2689 2612 2756 quia

1529 2764 1673 2814 Deus
1714 2763 1768 2812 in
1806 2762 1914 2813 vita
1946 2761 2194 2828 praesenti
2231 2777 2342 2810 non
2372 2769 2555 2826 potest
2580 2775 2612 2809 a
2672 2767 2684 2781 ·

1531 2835 1690 2885 nobis
1730 2834 1920 2898 videri,
1963 2833 2083 2885 licet
2110 2848 2344 2899 praesens
2373 2832 2446 2882 sit
2476 2830 2611 2882 ubi-

1531 2922 1654 2973 quel
1687 2906 1765 2956 Et
1805 2906 1975 2956 Pater
2017 2911 2155 2968 tuus,
2197 2904 2292 2970 qui
2325 2919 2436 2953 non
2460 2903 2611 2953 obli-

1528 2976 1751 3027 viscitur
1775 2976 1981 3041 prolem
2018 2989 2192 3034 suam,
2234 2973 2326 3039 qui
2363 2973 2511 3023 videt
2553 2972 2611 3022 in

1529 3047 1857 3109 abscondite,
1891 3046 1947 3095 id
1984 3054 2079 3105 est,
2109 3044 2369 3110 approbat
2405 3052 2611 3093 rectam

1531 3130 1582 3171 et
1605 3129 1861 3170 secretam
1880 3117 2257 3177 intentionem,
2271 3115 2459 3166 reddet
2485 3115 2610 3177 tibi,

1531 3191 1651 3241 talis
1673 3189 1858 3255 jejunii
1890 3189 2205 3253 mercedem,
2241 3187 2371 3254 quia
2414 3187 2611 3237 reddet

1531 3262 1682 3312 Deus
1709 3260 1997 3311 mercedem
2021 3260 2259 3310 laborum
2279 3259 2610 3309 Sanctorum

1531 3345 1767 3381 suorum.
1807 3328 1912 3380 Ubi
1969 3329 2255 3395 Remigius
2280 3346 2298 3379 .·
2329 3346 2359 3375 α
2394 3326 2613 3379 Sufficit

1532 3400 1675 3451 enim
1704 3399 1825 3464 tibi,
1852 3409 1915 3450 ut
1941 3398 2035 3464 qui
2067 3408 2148 3449 est
2175 3399 2441 3464 inspector
2466 3414 2610 3448 con-

1531 3472 1789 3533 scientiae,
1833 3472 1905 3522 sit
1942 3471 2105 3521 etiam
2157 3479 2550 3521 remunerator.
2580 3489 2607 3516 ι

1532 3544 1611 3594 De
1648 3544 1878 3594 utilitate
1915 3552 2093 3593 autem
2123 3551 2176 3592 et
2205 3541 2380 3592 fructu
2414 3540 2608 3606 jejunii

1531 3614 1610 3664 sic
1656 3613 1787 3663 dicit
1828 3612 2172 3678 Augustinus
2201 3629 2219 3662 .-
2258 3629 2287 3658 a
2326 3609 2609 3675 Jejunium

1532 3695 1722 3752 purgat
1766 3694 2030 3745 mentem,
2078 3685 2320 3735 sublevat
2362 3698 2606 3745 sensum,

1530 3772 1741 3807 carnem
1787 3754 1999 3820 spiritui
2042 3754 2284 3820 subjicit,
2342 3768 2435 3807 cor
2476 3751 2612 3803 facit

1530 3829 1822 3880 contritum
1867 3839 1920 3879 et
1950 3827 2313 3886 humiliatum,
2343 3825 2610 3890 concupi-

1529 3899 1741 3951 scentiae
1768 3899 1986 3950 n'ebulas
2008 3897 2284 3963 dispergit,
2314 3895 2608 3946 libidinem

1531 3971 1839 4036 exstinguit,
1871 3969 2145 4021 charitatis
2197 3970 2382 4018 lumen
2405 3981 2609 4017 accen-
