2784 4452
704 313 798 364 DE
829 313 1332 367 CONCEPTIONE
1365 315 1805 367 SALVATORIS
1840 318 2121 370 NOSTRI.
2460 322 2527 388 37

1183 615 1519 686 CAPUT
1565 617 1630 681 V

867 866 971 934 De
1024 867 1458 958 conceptione
1503 868 1925 938 Salvatoris,

1158 1116 1345 1179 Lucae
1387 1137 1523 1200 cap.
1568 1140 1589 1180 1
1606 1166 1620 1180 .

341 1372 359 1406 1
403 1356 686 1407 Mrrrx‘run
718 1374 789 1407 AD
823 1357 1088 1407 thcmmt
1117 1357 1337 1406 Mamm
1385 1360 1397 1376 ⁶

265 1426 509 1477 GABRIEL
542 1443 940 1480 Ancnmcenus.
969 1457 1028 1465 —
1060 1429 1124 1479 In
1162 1443 1337 1479 mense

262 1503 440 1548 autem
461 1504 619 1549 sexto
638 1513 669 1548 a
682 1499 1029 1564 conceptione
1047 1500 1337 1549 Praecurso·

259 1569 354 1630 riS,
380 1579 671 1636 postquam
703 1570 850 1619 venit
884 1571 1161 1636 plenitudo
1187 1571 1334 1622 illius

260 1643 613 1692 sacratissimi
642 1652 694 1692 et
725 1641 1023 1693 felicissimi
1053 1644 1331 1709 temporiS,

259 1714 466 1765 scilicet
483 1714 815 1780 principium
835 1724 995 1766 sextae
1016 1716 1204 1776 aetatiS‚
1222 1733 1330 1782 quo

263 1801 480 1835 summa
503 1786 745 1836 Trinitas
770 1786 950 1851 generi
976 1787 1216 1837 humano
1239 1802 1333 1852 per

260 1857 692 1907 Incarnationem
717 1857 881 1907 Verbi
906 1857 1184 1922 providere
1208 1868 1331 1909 ante

260 1938 506 1992 tempora
544 1927 908 1989 ordinaverat;
940 1942 1135 1978 vocans
1185 1929 1329 1978 Deus

256 1999 613 2064 omnipotens
665 1998 969 2049 Gabrielem
1030 1999 1328 2065 archange-

247 2071 402 2131 lum,
439 2086 612 2121 unum
661 2070 727 2120 de
763 2069 955 2135 primis
990 2070 1327 2136 principibus

245 2145 407 2212 regni
440 2145 546 2206 sui,
582 2144 732 2194 misit
778 2161 903 2194 eum
951 2145 1004 2195 in
1061 2145 1325 2198 civitatem

244 2216 522 2279 Galilaeae,
548 2216 743 2267 dictam
779 2216 1058 2278 Nazareth,
1087 2217 1162 2268 ad
1197 2217 1325 2269 Vir-

244 2291 439 2357 ginem
469 2290 695 2339 Mariam
721 2289 1094 2356 desponsatam
1122 2293 1324 2358 Joseph

240 2362 370 2412 viro
398 2361 466 2410 de
491 2376 591 2410 suo
610 2376 820 2426 genere,
847 2362 976 2428 quia
991 2363 1153 2413 ambo
1171 2373 1323 2414 erant

245 2433 322 2482 de
349 2433 516 2481 domo
558 2431 746 2492 David,
788 2433 854 2483 de
896 2432 1101 2483 familia
1136 2434 1319 2499 regali,

244 2504 321 2553 de
358 2503 506 2553 tribu
559 2512 611 2553 et
657 2504 823 2570 stirpe
868 2504 1069 2564 nobili,
1114 2514 1168 2555 et
1212 2521 1320 2570 prae

246 2574 446 2624 ceteris
470 2573 738 2638 religiosa,
771 2574 907 2624 sicut
940 2573 1068 2624 dicit
1088 2576 1322 2625 Bernar-

247 2649 374 2699 dus.
409 2648 612 2698 Placuit
652 2648 763 2698 Deo
805 2649 993 2698 eodem
1027 2649 1234 2705 ordine,
1267 2659 1320 2699 et

244 2719 440 2770 eodem
471 2718 633 2767 modo
662 2718 941 2768 hominem
979 2720 1319 2769 reconciliare

243 2806 361 2857 quo
390 2798 611 2841 noverat
634 2790 903 2840 cecidisse.
935 2790 1207 2841 Ceciderat
1231 2805 1318 2840 au·

240 2873 358 2912 tem
391 2862 579 2920 homo,
618 2861 912 2911 secundum
943 2861 1165 2923 Bedam,
1196 2861 1316 2911 dia-

241 2932 373 2982 bolo
402 2932 725 2992 destinante,
740 2942 982 2996 serpente
1001 2942 1313 2997 exequente,

240 3005 463 3071 dialogo
494 3004 898 3063 interveniente,
938 3004 1163 3054 muliere
1196 3019 1315 3053 con·

242 3076 532 3125 sentiente.
567 3076 862 3139 Reparatus
890 3084 971 3124 est
997 3074 1185 3123 eodem
1219 3089 1313 3123 or-

238 3149 372 3198 dine
422 3163 451 3198 e
490 3148 777 3208 contrarie,
828 3148 939 3198 Deo
992 3147 1310 3209 destinante,

236 3221 452 3287 Angelo
490 3231 805 3287 exequente,
838 3220 1051 3286 dialogo
1078 3220 1313 3271 interve·-

242 3295 456 3355 niente,
522 3304 576 3344 et
635 3293 857 3359 Virgine
925 3293 1309 3344 consentiente.

240 3366 423 3416 Verba
472 3374 655 3416 autem
698 3364 788 3413 hic
825 3364 998 3430 posita
1038 3365 1310 3430 mysteriis

237 3446 370 3488 sunt
400 3436 577 3501 plena,
609 3444 663 3484 et
693 3433 830 3494 ideo,
872 3443 931 3484 ut
971 3434 1100 3484 dicit
1134 3435 1303 3497 Beda,

236 3507 557 3558 solemniter
589 3514 719 3556 sunt
760 3506 1010 3565 notanda,
1051 3516 1307 3571 tantoque

235 3578 555 3644 diligentius
587 3579 735 3629 cordi
766 3578 1067 3638 inserenda,
1103 3590 1304 3644 quanto

235 3648 581 3700 manifestius
609 3660 843 3715 apparet,
887 3650 1033 3714 quod
1075 3650 1133 3699 in
1172 3649 1306 3715 ipsis

232 3729 354 3770 tota
393 3720 785 3786 redemptionis
836 3729 1033 3770 nostrae
1093 3737 1307 3772 summa

229 3790 501 3842 consistit.
561 3791 814 3841 Libenter
856 3791 1002 3841 enim
1045 3792 1304 3843 debemus

232 3861 503 3912 recordari
531 3861 598 3910 de
627 3860 909 3926 principiis
938 3870 1135 3912 nostrae
1171 3864 1306 3913 salu·

233 3931 328 3982 tis.
372 3931 683 3981 Notandum
714 3946 841 3996 ergo
870 3931 1015 3997 quod
1045 3948 1304 3985 numerus

1449 1359 1692 1410 senarius
1714 1377 1822 1411 non
1842 1375 1989 1414 vacat
2006 1380 2037 1415 a
2058 1367 2333 1432 mysterio,
2357 1369 2511 1420 Unde

1449 1429 1700 1479 Christus
1737 1444 2023 1498 conceptus
2055 1446 2134 1485 est
2162 1448 2310 1487 sexta
2337 1449 2507 1499 aetate,

1444 1500 1575 1565 quia
1595 1517 1689 1568 per
1710 1502 1887 1567 ipsum
1910 1505 2175 1558 debebant
2194 1510 2380 1560 omnia
2396 1526 2508 1575 per-

1443 1570 1562 1636 fici;
1599 1590 1856 1625 numerus
1877 1586 2055 1626 autem
2076 1580 2320 1630 senarius
2344 1580 2509 1646 perfe-

1440 1611 1562 1694 ctus²
1576 1655 1683 1707 est3
1712 1645 1840 1696 item
1871 1658 2016 1698 sexta
2047 1648 2308 1714 chyliade,
2334 1651 2387 1700 id
2407 1661 2504 1711 est,

1441 1714 1764 1776 millenari0,
1794 1719 1888 1782 qui
1940 1730 2020 1769 est
2049 1720 2204 1770 limes
2250 1722 2503 1772 omnium

1441 1801 1809 1848 numerorum,
1840 1800 1900 1840 ut
1932 1791 2182 1842 Christus
2222 1803 2302 1843 est
2347 1793 2505 1844 limes

1438 1865 1490 1905 et
1510 1855 1636 1907 finis
1660 1860 1909 1910 omnium
1929 1862 2168 1926 entium;
2203 1863 2330 1913 item
2354 1874 2503 1914 sexto

1441 1945 1647 1992 mense,
1695 1932 1823 1998 quia
1870 1935 1963 1984 illo
2011 1951 2196 1986 mense
2223 1935 2393 1987 factus
2422 1947 2503 1986 est

1441 2002 1696 2062 mundus,
1723 2004 1816 2069 qui
1849 2020 1944 2070 per
1970 2005 2150 2071 ipsum
2180 2005 2323 2057 refici
2348 2008 2502 2057 debe·

1437 2071 1542 2132 bat,
1581 2072 1719 2123 sicut
1759 2089 1854 2138 per
1883 2075 2062 2140 ipsum
2096 2077 2267 2128 factus
2296 2077 2495 2139 fuerat3

1437 2145 1564 2195 item
1604 2157 1750 2198 sexta
1787 2147 1935 2209 feria,
1955 2146 2082 2216 q'uia
2113 2150 2202 2201 illa
2221 2151 2308 2200 die
2332 2151 2499 2201 homo

1434 2225 1515 2267 est
1565 2229 1787 2278 creatuS,
1833 2230 1885 2269 et
1914 2237 2007 2285 per
2049 2221 2229 2287 ipsum
2275 2222 2497 2272 recreari

1434 2287 1658 2337 debebat
1694 2289 1800 2352 jam
1824 2290 2084 2355 perdituS.
2118 2292 2182 2340 Et
2202 2287 2323 2341 ideo
2351 2292 2499 2342 simi-

1432 2356 1554 2406 liter
1597 2358 1780 2407 eadem
1811 2369 1994 2420 aetate,
2026 2362 2213 2411 eodem
2244 2363 2497 2413 millena-

1432 2428 1544 2488 ri0‚
1577 2429 1764 2479 eodem
1810 2445 2012 2491 mense,
2043 2443 2095 2483 et
2137 2435 2320 2485 eadem
2365 2434 2496 2486 feria

1431 2516 1619 2566 passus
1635 2512 1732 2561 est,
1759 2504 2013 2554 revolutis
2042 2521 2211 2557 xxxm
2234 2507 2409 2557 annis,
2431 2509 2498 2558 Et

1429 2572 1581 2633 forte,
1597 2583 1657 2623 ut
1670 2574 1852 2624 omnia
1873 2577 2237 2633 convenirent,
2256 2578 2361 2629 dici
2379 2596 2496 2644 pos-

1428 2654 1525 2703 set,
1543 2645 1687 2710 quod
1707 2646 1866 2695 etiam
1889 2658 2035 2697 sexta
2055 2649 2188 2699 hora
2208 2661 2494 2715 conceptus

1428 2725 1583 2774 esset,
1614 2716 1741 2781 quia
1770 2732 1829 2766 ea
1861 2716 1992 2767 hora
2020 2734 2209 2783 passus
2233 2730 2332 2780 est,
2355 2721 2493 2770 sicut

1427 2788 1586 2838 etiam
1617 2790 1801 2839 eadem
1818 2790 1950 2840 hora
1967 2791 2132 2841 homo
2159 2793 2407 2857 peccavit,
2425 2805 2485 2843 ut

1427 2859 1504 2909 sic
1527 2860 1824 2910 secundum
1853 2862 2144 2926 quamdam
2177 2879 2486 2929 congruen-

1425 2930 1575 2989 tiam,
1607 2932 1790 2980 eadem
1824 2931 1956 2980 hora
1989 2948 2096 2998 qua
2130 2934 2236 2984 Eva
2268 2936 2483 2986 seducta

1425 3000 1527 3052 fuit
1565 3016 1658 3066 per
1686 3002 1981 3063 diabolum,
2014 3003 2181 3054 Maria
2208 3005 2391 3057 edocta
2421 3007 2492 3057 sit

1425 3088 1520 3136 per
1547 3073 1833 3137 Angelum.

1488 3158 1517 3191 2
1555 3143 1811 3192 Ganicffia
1834 3160 1901 3193 Er
1926 3145 2216 3195 NAZARETH
2251 3163 2380 3205 Qun>
2401 3163 2488 3196 m-

1423 3228 1872 3265 Tannum-mrum
1889 3245 1948 3253 —
1964 3217 2177 3268 Missus
2208 3226 2288 3269 est
2314 3220 2488 3286 igitur

1421 3287 1649 3352 angelus
1684 3287 1922 3348 Gabriel,
1956 3289 2050 3354 qui
2091 3290 2196 3341 Dei
2213 3291 2487 3357 fortitudo

1422 3361 1815 3426 interpretatur,
1838 3373 1897 3412 ut
1917 3363 2014 3412 Dei
2040 3364 2296 3415 virtutem
2322 3375 2373 3413 et
2388 3364 2485 3414 Dei

1420 3431 1738 3497 sapientiam
1782 3433 2050 3498 suscipere
2098 3435 2384 3495 nuntiaret,
2428 3435 2485 3485 in

1419 3519 1526 3569 qua
1573 3505 1799 3555 humilis
1827 3521 2089 3571 apparens
2110 3522 2286 3558 aereas
2327 3519 2482 3573 pote-

1417 3585 1578 3625 states
1600 3576 1916 3640 debellaret;
1949 3589 2001 3627 et
2025 3578 2144 3628 ideo
2189 3579 2382 3628 merito
2411 3580 2477 3631 de

1417 3648 1605 3699 ordine
1633 3615 2094 3716 Archange'lorum
2127 3666 2242 3700 esse
2274 3651 2481 3712 debuit,

1417 3722 1545 3787 quia
1575 3739 1768 3789 magna
1798 3725 2079 3774 nuntiavit.
2110 3723 2325 3776 Missus
2353 3734 2483 3777 esta

1416 3793 1561 3845 Deo·
1540 3832 1557 3856 ,
1592 3795 1734 3845 Deus
1753 3806 1930 3846 autem
1951 3796 2171 3845 mittens
2190 3783 2479 3864 A'ngelum,

1415 3862 1518 3913 fuit
1559 3875 1668 3915 tota
1708 3867 1973 3924 Trinitas,
2017 3864 2140 3917 licet
2182 3867 2321 3919 Patri
2353 3886 2480 3935 spe-

1416 3935 1619 3986 cialiter
1667 3937 2005 3987 attribuatur.
2063 3938 2216 3991 Pater
2253 3942 2477 4007 quidem
