2784 4452
396 256 496 302 100

388 377 506 418 tum
535 367 594 417 in
625 364 882 423 oratione,
916 380 1125 430 ponens
1163 380 1221 416 se
1250 365 1306 415 in
1342 366 1458 415 loco

387 438 566 490 viliori
626 447 679 489 et
739 437 914 503 magis
966 436 1182 487 humili.
1233 436 1462 487 Redibat

388 510 633 569 domum,
681 517 733 558 et
770 523 895 559 cum
931 509 1098 558 Matre
1129 522 1190 557 ac
1231 506 1459 557 nutritio

388 600 490 634 suo
530 583 720 643 stabat,
751 592 803 633 et
829 582 1119 648 aliquando
1159 581 1262 631 hos
1300 581 1460 646 adju-

388 656 561 708 vabat.
619 653 977 704 pertransibat
1034 654 1212 705 eundo
1269 662 1322 703 et
1368 669 1460 703 re·-

388 729 606 780 deundo
643 727 786 777 inter
825 726 1110 786 homines,
1160 741 1220 776 ac
1255 724 1301 776 si
1346 741 1458 776 non

390 801 655 853 inveniret
681 799 947 851 homines.

454 891 485 925 2
522 876 813 925 Monzsrm:
858 889 926 922 m·
956 888 1302 923 nummu-ns
1326 888 1461 923 con-

389 960 675 997 iti-:nnana
717 963 779 983 -ι
831 943 1166 993 Mirabantur
1239 942 1458 1004 cuncti,

390 1025 667 1067 cernentes
707 1015 967 1065 Juvenem
1017 1024 1125 1065 tam
1152 1014 1458 1080 speciosum

391 1089 530 1141 nihil
576 1088 777 1149 facere,
839 1097 1102 1155 quantum
1140 1088 1458 1154 apparebat,
1494 1104 1501 1109 ·

389 1161 545 1213 laude
599 1160 846 1226 dignum.
902 1160 1261 1226 Expectabant
1311 1161 1457 1227 quod

387 1232 581 1282 faceret
596 1229 895 1295 magnifica,
915 1239 967 1280 et
987 1230 1141 1295 probi
1156 1229 1256 1280 viri
1277 1246 1457 1296 opera.

389 1303 528 1353 Cum
578 1301 725 1351 enim
777 1316 909 1366 puer
964 1310 1093 1361 erat,
1136 1301 1460 1367 proficiebat

384 1378 546 1425 aetate
573 1377 624 1421 et
652 1371 918 1437 sapientia
964 1377 1016 1420 et
1057 1371 1247 1438 gratia
1307 1371 1460 1436 apud

385 1444 558 1495 Deum
588 1449 639 1493 et
664 1441 918 1492 homines,
947 1442 1048 1492 Sed
1079 1458 1194 1493 ecce
1218 1457 1458 1492 crescens

387 1525 441 1565 et
471 1513 786 1580 perveniens
820 1528 994 1579 usque
1030 1514 1095 1563 ad
1131 1513 1457 1578 vigesimum

386 1600 626 1645 annum,
668 1593 720 1634 et
762 1583 923 1633 etiam
953 1598 1125 1649 usque
1152 1584 1217 1632 ad
1253 1583 1458 1649 vigesi-

387 1671 542 1706 mum
568 1654 825 1722 quintum
849 1664 901 1704 et
930 1653 1087 1713 ultra,
1120 1654 1268 1703 nulla
1292 1653 1457 1704 facie-

387 1728 479 1778 bat
515 1725 970 1793 opera,·aliquam
999 1725 1231 1792 speciem
1266 1726 1458 1791 probi-

387 1798 512 1849 tatis
583 1807 637 1848 et
703 1795 975 1847 virilitatis
1055 1795 1454 1861 praetendentia.

386 1867 687 1933 Stupebant
712 1866 1058 1917 vehementer
1081 1881 1205 1916 eum
1230 1875 1282 1916 et
1308 1866 1459 1916 deri-

389 1941 603 2001 debant,
630 1950 682 1991 et
710 1939 851 2005 apud
881 1954 1071 1990 omnes
1097 1939 1459 1989 communiter

387 2015 512 2066 vilis
553 2025 605 2065 et
643 2014 879 2079 abjectus
911 2012 1271 2079 reputabatur.
1297 2012 1457 2072 Quod

388 2087 526 2136 bene
570 2101 666 2151 per
719 2084 1039 2150 Prophetam
1105 2082 1162 2133 in
1228 2099 1458 2149 persona

387 2158 561 2225 ipsius
585 2157 788 2207 dictum
817 2156 988 2207 fuerat
1015 2173 1028 2207 ι
1053 2155 1183 2222 Ego
1204 2170 1320 2206 sum
1345 2170 1460 2206 ver-

386 2232 492 2282 mis
522 2237 574 2281 et
620 2246 721 2282 non
759 2230 930 2292 homn,
980 2228 1325 2295 opprobrium
1359 2230 1457 2280 ho-

385 2305 584 2355 minum
640 2310 693 2354 et
741 2303 966 2370 abjectio
1012 2301 1206 2369 plebis.
1260 2302 1458 2351 Omnes

386 2376 623 2428 videntes
660 2390 743 2426 me
786 2375 1091 2426 deriserunt
1139 2388 1237 2436 me,
1292 2373 1459 2424 locuti

385 2453 510 2497 sunt
537 2446 715 2507 labiis,
744 2451 796 2495 et
823 2450 1099 2496 moverunt
1120 2450 1297 2509 caput.
1321 2443 1457 2493 Red-

386 2519 543 2569 debat
597 2534 655 2568 se
715 2517 877 2567 vilem
924 2517 1182 2567 omnibus
1223 2527 1276 2567 et
1303 2517 1454 2582 abje-

385 2600 551 2640 ctum.
579 2588 683 2638 Sed
713 2602 782 2638 an
807 2586 907 2637 tibi
932 2603 1121 2653 parum
1160 2588 1264 2637 hoc
1298 2588 1453 2638 vide-

385 2658 508 2710 tur?
552 2660 668 2726 lpse
717 2657 938 2725 quidem
996 2673 1106 2707 non
1146 2656 1452 2723 indigebat,

385 2732 478 2782 sed
501 2741 640 2782 certe
664 2731 720 2781 in
740 2729 995 2796 operibus
1016 2728 1214 2778 nostris
1237 2729 1452 2779 nullum

385 2802 560 2867 majus
599 2812 691 2852 aut
735 2800 1007 2851 difficilius
1044 2808 1353 2864 reputatur;
1385 2800 1452 2849 ad

385 2871 713 2922 altissimum
751 2871 976 2937 gradum
1019 2869 1326 2935 pervenisse
1362 2868 1453 2918 vi-

385 2945 541 2995 detur
567 2960 625 2995 ac
660 2944 1073 3003 difficillimum,
1116 2941 1211 3009 qui
1259 2941 1325 2992 ad
1349 2942 1454 2992 hoc

386 3018 656 3084 pervenit,
695 3029 755 3069 ut
783 3018 939 3068 corde
967 3027 1019 3068 et
1041 3015 1224 3066 animo
1252 3032 1374 3067 vere
1402 3026 1454 3067 et

388 3105 497 3138 non
526 3087 644 3139 ficte
673 3088 746 3139 ita
770 3104 826 3139 se
853 3087 1021 3139 vincit
1053 3102 1112 3137 ac
1143 3085 1455 3137 dominatur

383 3159 570 3210 animo
611 3175 742 3221 su0,
783 3170 834 3209 et
875 3159 1106 3224 superbo
1143 3158 1319 3208 carnis
1343 3172 1455 3208 suae

386 3231 698 3298 supercili0‚
736 3231 882 3298 quod
912 3230 1049 3282 nolit
1075 3230 1302 3295 alicujus
1328 3245 1454 3279 mo—

382 3304 556 3355 'menti
602 3302 866 3370 reputari,
916 3303 1009 3352 sed
1047 3312 1108 3353 ut
1144 3303 1377 3368 abjectus
1402 3311 1455 3352 et

383 3376 509 3426 vilis
555 3374 755 3441 sperni.
812 3375 1107 3440 Usquequo
1168 3373 1334 3440 igitur
1385 3373 1452 3422 ad

382 3449 533 3500 hunc
564 3449 787 3516 gradum
817 3445 1121 3513 perveneris
1139 3484 1152 3506 ,
1182 3445 1323 3495 nihil
1350 3444 1453 3495 tibi

383 3521 574 3575 fecisse
609 3520 855 3574 videaris,
897 3519 1033 3569 Nam
1062 3534 1185 3569 cum
1220 3517 1278 3568 in
1305 3518 1453 3568 veri-

381 3605 507 3659 tate,
558 3595 704 3661 juxta
729 3593 954 3644 verbum
985 3590 1227 3654 Domini,
1260 3605 1454 3640 omnes

384 3682 577 3718 sumus
615 3665 854 3725 inutiles,
879 3664 1041 3715 etiam
1069 3678 1194 3712 cum
1222 3662 1357 3713 bene
1381 3661 1455 3711 fe-

385 3738 637 3798 cerimus,
671 3750 955 3803 quousque
982 3734 1041 3784 in
1068 3732 1171 3782 hoc
1193 3730 1452 3796 abjectio-

379 3808 472 3858 'nis
498 3810 664 3875 gradu
703 3825 814 3860 non
860 3821 1070 3866 sumus,
1105 3804 1347 3855 nondum
1388 3802 1452 3854 in

381 3878 604 3933 veritate
631 3889 853 3942 stamuS,
877 3878 968 3932 sed
994 3878 1052 3929 in
1074 3875 1305 3928 vanitate
1332 3890 1452 3925 con-

1061 248 1300 299 PRIMAE
1336 246 1584 298 PARTIS
1613 249 1848 302 CAPUT
1877 251 2018 304 XVI.

1567 365 1813 419 sistimus
1840 379 1894 421 et
1933 370 2294 421 ambulamus.
2328 371 2483 421 Unde
2524 387 2638 422 non

1567 440 1886 493 seducamus
1933 443 2321 509 nosmetipsos,
2370 443 2516 509 quia,
2549 459 2639 495 se-

1566 512 1805 562 cundum
1845 514 2165 578 Apostolum
2200 531 2216 564 ι
2252 514 2359 575 Qui
2397 528 2456 564 se
2500 516 2633 566 exi-

1564 584 1751 636 stimat
1784 586 1993 652 aliquid
2039 600 2157 637 esse
2189 602 2305 638 cum
2350 586 2485 637 nihil
2533 587 2638 650 sit,

1566 656 1682 722 ipse
1726 670 1785 707 se
1834 658 2057 709 seducit.
2110 658 2169 708 In
2213 657 2363 707 omni
2405 658 2633 724 quidem

1564 741 1690 777 cura
1719 742 1882 793 quam
1908 743 2005 794 pro
2024 728 2195 779 salute
2225 739 2317 779 tua
2335 730 2494 795 geris,
2521 746 2636 781 non

1564 808 1645 848 est
1668 798 2114 849 ullumofficium
2146 799 2231 851 vel
2265 799 2637 851 medicamen-

1563 878 1681 919 tum
1706 869 1895 919 utilius
1923 868 2022 919 tibi
2048 886 2213 936 quam
2243 870 2478 936 teipsum
2499 870 2641 921 vitu·

1564 957 1746 1007 perare
1782 953 1946 1008 atque
1975 952 2335 1008 contemnere.
2364 943 2638 1002 Quicum-

1564 1030 1669 1081 que
1692 1030 1818 1082 ergo
1847 1016 1949 1066 hoc
1978 1015 2118 1077 facit,
2144 1017 2356 1081 adjutor
2375 1026 2500 1066 tuus
2520 1027 2636 1081 est;

1567 1087 1668 1137 hoc
1696 1086 1844 1137 enim
1870 1087 1981 1152 agit
2002 1088 2151 1153 quod
2196 1097 2255 1138 tu
2291 1087 2501 1153 agebaS,
2542 1098 2640 1139 aut

1562 1176 1716 1227 agere
1747 1161 1977 1211 debebas
2016 1171 2077 1211 ut
2122 1162 2301 1212 salvus
2347 1160 2521 1212 fieres.
2552 1162 2640 1212 Ad

1563 1249 1689 1284 eum
1724 1232 1902 1299 itaque
1930 1234 2024 1299 qui
2058 1234 2314 1299 injuriam
2356 1233 2456 1283 tibi
2488 1232 2637 1296 fecit,

1564 1307 1830 1372 privatum
1867 1305 2040 1373 magis
2070 1317 2122 1357 te
2150 1307 2344 1357 exhibe
2367 1316 2418 1357 et
2440 1305 2643 1357 affabi-

1563 1377 1700 1440 lem;
1745 1377 1810 1427 ad
1860 1392 1985 1427 eum
2022 1393 2149 1427 vero
2193 1376 2278 1427 cui
2316 1386 2374 1427 tu
2425 1376 2637 1440 fecisti,

1564 1449 1861 1515 supplicem
1890 1458 1942 1499 et
1967 1449 2387 1499 erubescentem.
2419 1449 2639 1499 Adver-

1562 1523 1766 1574 sarium
1788 1533 1943 1574 tuum
1968 1532 2020 1572 et
2043 1538 2166 1573 eum
2206 1522 2299 1588 qui
2337 1521 2436 1572 tibi
2474 1522 2643 1572 mole-

1563 1595 1679 1645 stiae
1738 1593 1941 1661 aliquid
2003 1593 2201 1659 irrogat
2222 1632 2235 1652 ,
2289 1592 2527 1642 amicum
2583 1602 2642 1644 et

1562 1668 1859 1733 adjutorem
1912 1666 2145 1736 aestima3
2208 1666 2468 1716 damnum
2527 1665 2638 1717 tibi

1564 1739 1774 1790 illatum
1805 1749 1857 1788 et
1896 1737 2280 1797 contumeliaS,
2325 1737 2539 1786 lucrum
2581 1745 2641 1787 et

1564 1811 1864 1878 profectum
1907 1822 2061 1862 tuum
2103 1810 2315 1876 deputa,
2341 1820 2393 1859 et
2423 1825 2520 1875 pro
2544 1808 2644 1861 his

1562 1882 1757 1949 gratias
1785 1883 1899 1933 Deo
1949 1890 2001 1932 et
2036 1879 2395 1931 inferentibus
2443 1879 2647 1931 referre

1563 1969 1674 2003 non
1704 1967 1868 2003 cessa.

1628 2025 1655 2076 3
1693 2026 1921 2075 Humms
1947 2039 2096 2074 Amin
2129 2038 2346 2073 tument.
2374 2047 2437 2058 —
2472 2020 2638 2082 Nam,

1562 2098 1857 2148 secundum
1886 2096 2195 2163 quemdam,
2240 2090 2468 2143 humilis
2496 2105 2637 2157 gau-

1561 2170 1651 2221 det
1678 2184 1801 2220 cum
1830 2167 2138 2234 despicitur,
2168 2164 2311 2215 dolet
2358 2162 2404 2213 si
2449 2162 2639 2212 hono-

1562 2253 1725 2301 ratur,
1752 2241 1918 2307 gemit
1933 2241 1989 2290 in
2013 2237 2299 2306 prosperiS,
2325 2236 2555 2286 exsultat
2571 2235 2636 2286 in

1561 2315 1828 2374 adversis,
1857 2314 2012 2363 timet
2044 2312 2098 2361 in
2128 2309 2364 2368 divitiis,
2394 2309 2543 2373 luget
2572 2307 2637 2359 in

1561 2385 1786 2446 deliciis,
1811 2384 2077 2434 cruciatur
2102 2381 2156 2432 in
2199 2378 2542 2441 abundantia,
2576 2388 2640 2431 et

1561 2455 1618 2508 in
1661 2454 1885 2521 penuria
1929 2452 2216 2519 gloriatur,
2262 2449 2446 2500 laudes
2497 2465 2638 2498 con-

1560 2526 1752 2577 temnit
1775 2524 2121 2586 transitorias,
2150 2533 2202 2573 et
2229 2520 2379 2572 omni
2422 2520 2639 2572 honore

1559 2597 1788 2650 aestimat
1814 2612 1872 2647 se
1905 2595 2188 2660 indignum
2209 2631 2222 2655 ,
2253 2592 2507 2642 abhorret
2534 2591 2638 2657 hy-

1561 2667 1815 2735 pocrisim
1832 2707 1846 2729 ,
1877 2666 2046 2717 nescit
2070 2663 2470 2716 simulationem
2489 2701 2503 2720 ,
2535 2663 2636 2713 sed

1557 2739 1736 2806 diligit
1765 2739 2060 2798 veritatem,
2094 2733 2409 2800 temporalia
2443 2732 2642 2784 oblivi-

1557 2810 1742 2870 scitur,
1772 2818 1823 2859 et
1856 2818 2049 2859 aeterna
2073 2803 2429 2870 concupii-»cin
2461 2803 2641 2855 nescit

1557 2895 1680 2947 quae
1707 2877 1898 2939 mundi
1947 2887 2102 2937 sunt,
2143 2885 2205 2926 ut
2247 2873 2479 2925 coelestia
2507 2889 2637 2924 me-

1557 2962 1762 3016 reatur3
1806 2964 2085 3017 nunquam
2125 2947 2190 2996 de
2219 2961 2277 2996 se
2303 2960 2637 3012 praesumere

1558 3023 1859 3085 consuevit;
1890 3021 2029 3071 vires
2056 3034 2181 3070 suas
2219 3017 2301 3068 vel
2334 3016 2547 3082 gratias,
2578 3015 2634 3066 si

1557 3112 1693 3162 quas
1734 3095 1912 3157 habet,
1945 3105 2226 3156 nunquam
2256 3087 2360 3138 sibi
2402 3085 2632 3150 tribuit;

1562 3167 1753 3218 merita
1777 3180 1873 3215 sua
1893 3179 2001 3213 non
2034 3161 2148 3212 suis
2175 3159 2383 3210 viribus
2414 3158 2496 3208 vel
2524 3173 2635 3208 suo

1560 3235 1744 3289 sensui
1766 3233 2036 3293 adscribit,
2060 3232 2151 3282 sed
2176 3230 2372 3282 divinae
2401 3228 2636 3279 clemen·

1559 3309 1646 3361 tiae
1717 3307 1855 3356 dona
1918 3303 2199 3355 humiliter
2275 3299 2631 3366 recognoscit.

1560 3380 1706 3431 Idem
1736 3379 1895 3429 latere
1922 3373 2204 3432 desiderat,
2234 3371 2281 3421 si
2308 3369 2424 3421 fieri
2452 3369 2632 3435 possit

1556 3450 1678 3500 sine
1707 3450 1903 3500 damno
1935 3442 2193 3511 proximi,
2236 3456 2304 3491 ne
2343 3439 2515 3505 possit
2541 3440 2631 3490 vel

1559 3520 1772 3572 modico
1799 3515 2058 3585 jactantiae
2088 3529 2183 3564 seu
2217 3510 2464 3563 elationis
2489 3509 2632 3560 vitio

1557 3592 1845 3661 inquinari.
1888 3587 2024 3652 Quis
2063 3592 2145 3636 est
2176 3583 2315 3645 talis,
2345 3589 2397 3634 et
2422 3581 2634 3632 Iauda-

1556 3666 1728 3717 bimus
1795 3677 1911 3713 eum
1931 3659 1968 3711 P
2029 3657 2185 3709 Unde
2248 3653 2568 3707 Ber-nardus
2607 3668 2636 3703 ε

1559 3757 1586 3785 α
1619 3737 1882 3803 Appetere
1935 3732 2001 3782 de
2045 3727 2356 3779 humilitate
2407 3723 2629 3775 laudem

1556 3804 1899 3865 humilitatis,
1921 3817 2031 3854 non
2052 3810 2132 3852 est
2158 3799 2347 3861 virtus,
2364 3795 2457 3847 sed
2485 3793 2632 3844 sub-

1555 3877 1748 3932 versio,
1796 3875 1970 3928 Verus
2025 3869 2254 3924 humilis
2315 3866 2441 3920 vilis
2504 3864 2632 3915 vult
