<?xml version="1.0" encoding="UTF-8"?>
<!DOCTYPE html PUBLIC "-//W3C//DTD XHTML 1.0 Transitional//EN"
    "http://www.w3.org/TR/xhtml1/DTD/xhtml1-transitional.dtd">
<html xmlns="http://www.w3.org/1999/xhtml" xml:lang="en" lang="en">
 <head>
  <title>
</title>
<meta http-equiv="Content-Type" content="text/html;charset=utf-8" />
  <meta name='ocr-system' content='tesseract 3.04.00' />
  <meta name='ocr-capabilities' content='ocr_page ocr_carea ocr_par ocr_line ocrx_word'/>
</head>
<body>
  <div class='ocr_page' id='page_1' title='image "./vitajesuchristi00sachgoog_0477.png"; bbox 0 0 2784 4452; ppageno 0'>
   <div class='ocr_carea' id='block_1_1' title="bbox 1000 289 1603 342">
    <p class='ocr_par' dir='ltr' id='par_1_1' title="bbox 1000 289 1603 342">
     <span class='ocr_line' id='line_1_1' title="bbox 1000 289 1603 342; baseline 0.003 -3"><span class='ocrx_word' id='word_1_1' title='bbox 1000 290 1092 340; x_wconf 89' lang='lat' dir='ltr'>ET</span> <span class='ocrx_word' id='word_1_2' title='bbox 1123 289 1603 342; x_wconf 87' lang='lat' dir='ltr'>NUMERORUM.</span> 
     </span>
    </p>
   </div>
   <div class='ocr_carea' id='block_1_2' title="bbox 157 417 1090 1485">
    <p class='ocr_par' dir='ltr' id='par_1_2' title="bbox 157 417 1089 899">
     <span class='ocr_line' id='line_1_2' title="bbox 242 417 639 484; baseline -0.003 -15"><span class='ocrx_word' id='word_1_3' title='bbox 242 417 427 484; x_wconf 90' lang='lat' dir='ltr'>ptizari</span> <span class='ocrx_word' id='word_1_4' title='bbox 451 418 639 469; x_wconf 86' lang='lat' dir='ltr'>voluit.</span> 
     </span>
     <span class='ocr_line' id='line_1_3' title="bbox 213 488 1089 555; baseline -0.002 -15"><span class='ocrx_word' id='word_1_5' title='bbox 213 490 240 540; x_wconf 88' lang='grc'><strong><em>5</em></strong></span> <span class='ocrx_word' id='word_1_6' title='bbox 272 490 493 542; x_wconf 74' lang='lat' dir='ltr'>,Ioannis</span> <span class='ocrx_word' id='word_1_7' title='bbox 516 491 796 541; x_wconf 86' lang='lat' dir='ltr'>Christum</span> <span class='ocrx_word' id='word_1_8' title='bbox 825 488 1089 555; x_wconf 83' lang='lat' dir='ltr'>baptizare</span> 
     </span>
     <span class='ocr_line' id='line_1_4' title="bbox 240 562 834 614; baseline 0 -2"><span class='ocrx_word' id='word_1_9' title='bbox 240 563 513 614; x_wconf 90' lang='lat' dir='ltr'>renuentis</span> <span class='ocrx_word' id='word_1_10' title='bbox 536 562 834 613; x_wconf 84' lang='lat' dir='ltr'><strong>humilitas.</strong></span> 
     </span>
     <span class='ocr_line' id='line_1_5' title="bbox 209 631 1087 698; baseline 0 -16"><span class='ocrx_word' id='word_1_11' title='bbox 209 631 241 682; x_wconf 83' lang='lat'><strong>6</strong></span> <span class='ocrx_word' id='word_1_12' title='bbox 274 634 419 694; x_wconf 92' lang='lat' dir='ltr'>Quid</span> <span class='ocrx_word' id='word_1_13' title='bbox 454 634 524 685; x_wconf 90' lang='lat' dir='ltr'>sit</span> <span class='ocrx_word' id='word_1_14' title='bbox 580 633 782 698; x_wconf 89' lang='lat' dir='ltr'>justitia</span> <span class='ocrx_word' id='word_1_15' title='bbox 830 633 888 683; x_wconf 91' lang='lat' dir='ltr'>in</span> <span class='ocrx_word' id='word_1_16' title='bbox 924 646 1087 682; x_wconf 89' lang='lat' dir='ltr'>sensu</span> 
     </span>
     <span class='ocr_line' id='line_1_6' title="bbox 239 703 381 755; baseline -0.007 -1"><span class='ocrx_word' id='word_1_17' title='bbox 239 703 381 755; x_wconf 86' lang='lat' dir='ltr'>lato?</span> 
     </span>
     <span class='ocr_line' id='line_1_7' title="bbox 209 772 946 840; baseline -0.004 -14"><span class='ocrx_word' id='word_1_18' title='bbox 209 791 237 840; x_wconf 96' lang='lat'><strong>7</strong></span> <span class='ocrx_word' id='word_1_19' title='bbox 266 775 410 835; x_wconf 86' lang='lat' dir='ltr'>Quid</span> <span class='ocrx_word' id='word_1_20' title='bbox 441 775 497 825; x_wconf 88' lang='lat' dir='ltr'>in</span> <span class='ocrx_word' id='word_1_21' title='bbox 524 791 688 826; x_wconf 91' lang='lat' dir='ltr'>sensu</span> <span class='ocrx_word' id='word_1_22' title='bbox 718 772 946 825; x_wconf 74' lang='lat' dir='ltr'>stricto?</span> 
     </span>
     <span class='ocr_line' id='line_1_8' title="bbox 157 847 1088 899; baseline -0.004 0"><span class='ocrx_word' id='word_1_23' title='bbox 157 894 160 899; x_wconf 94' lang='lat'>.</span> <span class='ocrx_word' id='word_1_24' title='bbox 209 847 244 898; x_wconf 83' lang='lat'>8</span> <span class='ocrx_word' id='word_1_25' title='bbox 272 848 487 898; x_wconf 89' lang='lat' dir='ltr'>Novum</span> <span class='ocrx_word' id='word_1_26' title='bbox 536 847 866 898; x_wconf 88' lang='lat' dir='ltr'>humilitatis</span> <span class='ocrx_word' id='word_1_27' title='bbox 904 861 1088 896; x_wconf 89' lang='lat' dir='ltr'>exem-</span> 
     </span>
    </p>

    <p class='ocr_par' dir='ltr' id='par_1_3' title="bbox 240 920 747 986">
     <span class='ocr_line' id='line_1_9' title="bbox 240 920 747 986; baseline 0.004 -17"><span class='ocrx_word' id='word_1_28' title='bbox 240 921 391 986; x_wconf 88' lang='lat' dir='ltr'>plum</span> <span class='ocrx_word' id='word_1_29' title='bbox 421 920 478 969; x_wconf 88' lang='lat' dir='ltr'>in</span> <span class='ocrx_word' id='word_1_30' title='bbox 509 920 747 971; x_wconf 91' lang='lat' dir='ltr'>Christo.</span> 
     </span>
    </p>

    <p class='ocr_par' dir='ltr' id='par_1_4' title="bbox 211 987 1090 1185">
     <span class='ocr_line' id='line_1_10' title="bbox 211 987 1090 1058; baseline -0.001 -19"><span class='ocrx_word' id='word_1_31' title='bbox 211 1007 243 1058; x_wconf 85' lang='lat'>9</span> <span class='ocrx_word' id='word_1_32' title='bbox 263 990 566 1055; x_wconf 87' lang='lat' dir='ltr'>Baptizatur</span> <span class='ocrx_word' id='word_1_33' title='bbox 584 990 833 1041; x_wconf 89' lang='lat' dir='ltr'>Christus</span> <span class='ocrx_word' id='word_1_34' title='bbox 852 987 1090 1054; x_wconf 90' lang='lat' dir='ltr'>corporis</span> 
     </span>
     <span class='ocr_line' id='line_1_11' title="bbox 238 1061 1088 1128; baseline -0.002 -15"><span class='ocrx_word' id='word_1_35' title='bbox 238 1073 382 1113; x_wconf 90' lang='lat' dir='ltr'>tactu</span> <span class='ocrx_word' id='word_1_36' title='bbox 429 1078 596 1128; x_wconf 88' lang='lat' dir='ltr'>aquas</span> <span class='ocrx_word' id='word_1_37' title='bbox 644 1063 710 1112; x_wconf 89' lang='lat' dir='ltr'>ad</span> <span class='ocrx_word' id='word_1_38' title='bbox 749 1061 1088 1127; x_wconf 89' lang='lat' dir='ltr'>Baptismum</span> 
     </span>
     <span class='ocr_line' id='line_1_12' title="bbox 242 1149 577 1185; baseline 0 0"><span class='ocrx_word' id='word_1_39' title='bbox 242 1149 577 1185; x_wconf 89' lang='lat' dir='ltr'>consacrans.</span> 
     </span>
    </p>

    <p class='ocr_par' dir='ltr' id='par_1_5' title="bbox 185 1201 1088 1341">
     <span class='ocr_line' id='line_1_13' title="bbox 185 1201 1088 1269; baseline -0.003 -14"><span class='ocrx_word' id='word_1_40' title='bbox 185 1221 247 1255; x_wconf 82' lang='lat'>10</span> <span class='ocrx_word' id='word_1_41' title='bbox 276 1205 387 1255; x_wconf 91' lang='lat' dir='ltr'>Cur</span> <span class='ocrx_word' id='word_1_42' title='bbox 415 1203 667 1253; x_wconf 87' lang='lat' dir='ltr'>Christus</span> <span class='ocrx_word' id='word_1_43' title='bbox 698 1203 756 1253; x_wconf 90' lang='lat' dir='ltr'>in</span> <span class='ocrx_word' id='word_1_44' title='bbox 782 1218 922 1269; x_wconf 88' lang='lat' dir='ltr'>aqua</span> <span class='ocrx_word' id='word_1_45' title='bbox 950 1213 1003 1253; x_wconf 91' lang='lat' dir='ltr'>et</span> <span class='ocrx_word' id='word_1_46' title='bbox 1031 1201 1088 1252; x_wconf 90' lang='lat' dir='ltr'>in</span> 
     </span>
     <span class='ocr_line' id='line_1_14' title="bbox 234 1274 973 1341; baseline -0.004 -14"><span class='ocrx_word' id='word_1_47' title='bbox 234 1277 465 1327; x_wconf 85' lang='lat' dir='ltr'>Jordane</span> <span class='ocrx_word' id='word_1_48' title='bbox 493 1275 745 1341; x_wconf 88' lang='lat' dir='ltr'>baptizari</span> <span class='ocrx_word' id='word_1_49' title='bbox 771 1274 973 1325; x_wconf 82' lang='lat' dir='ltr'>voluit?</span> 
     </span>
    </p>

    <p class='ocr_par' dir='ltr' id='par_1_6' title="bbox 185 1345 1088 1485">
     <span class='ocr_line' id='line_1_15' title="bbox 185 1345 1088 1412; baseline -0.002 -16"><span class='ocrx_word' id='word_1_50' title='bbox 185 1363 236 1397; x_wconf 92' lang='grc'>11</span> <span class='ocrx_word' id='word_1_51' title='bbox 277 1346 490 1398; x_wconf 91' lang='lat' dir='ltr'>Coelum</span> <span class='ocrx_word' id='word_1_52' title='bbox 529 1345 804 1412; x_wconf 90' lang='lat' dir='ltr'>quomodo</span> <span class='ocrx_word' id='word_1_53' title='bbox 844 1354 1088 1410; x_wconf 89' lang='lat' dir='ltr'>apertum</span> 
     </span>
     <span class='ocr_line' id='line_1_16' title="bbox 236 1415 1001 1485; baseline 0.003 -18"><span class='ocrx_word' id='word_1_54' title='bbox 236 1418 294 1473; x_wconf 83' lang='lat' dir='ltr'>in</span> <span class='ocrx_word' id='word_1_55' title='bbox 323 1417 653 1485; x_wconf 89' lang='lat' dir='ltr'>Baptismate</span> <span class='ocrx_word' id='word_1_56' title='bbox 682 1415 907 1467; x_wconf 84' lang='lat' dir='ltr'><strong>Christi.</strong></span> <span class='ocrx_word' id='word_1_57' title='bbox 990 1457 1001 1469; x_wconf 94' lang='lat'>.</span> 
     </span>
    </p>
   </div>
   <div class='ocr_carea' id='block_1_3' title="bbox 1138 431 1239 466">
    <p class='ocr_par' dir='ltr' id='par_1_7' title="bbox 1138 431 1239 466">
     <span class='ocr_line' id='line_1_17' title="bbox 1138 431 1239 466; baseline 0 -1"><span class='ocrx_word' id='word_1_58' title='bbox 1138 431 1239 466; x_wconf 84' lang='lat'>212</span> 
     </span>
    </p>
   </div>
   <div class='ocr_carea' id='block_1_4' title="bbox 1139 558 1239 610">
    <p class='ocr_par' dir='ltr' id='par_1_8' title="bbox 1139 558 1239 610">
     <span class='ocr_line' id='line_1_18' title="bbox 1139 558 1239 610; baseline 0.01 -1"><span class='ocrx_word' id='word_1_59' title='bbox 1139 558 1239 610; x_wconf 84' lang='lat'>213</span> 
     </span>
    </p>
   </div>
   <div class='ocr_carea' id='block_1_5' title="bbox 1137 717 1243 837">
    <p class='ocr_par' dir='ltr' id='par_1_9' title="bbox 1137 717 1243 837">
     <span class='ocr_line' id='line_1_19' title="bbox 1137 717 1242 767; baseline 0.01 -16"><span class='ocrx_word' id='word_1_60' title='bbox 1137 717 1242 767; x_wconf 88' lang='lat'>214</span> 
     </span>
     <span class='ocr_line' id='line_1_20' title="bbox 1137 787 1243 837; baseline 0.009 -16"><span class='ocrx_word' id='word_1_61' title='bbox 1137 787 1243 837; x_wconf 83' lang='lat'>214</span> 
     </span>
    </p>
   </div>
   <div class='ocr_carea' id='block_1_6' title="bbox 1135 917 1239 967">
    <p class='ocr_par' dir='ltr' id='par_1_10' title="bbox 1135 917 1239 967">
     <span class='ocr_line' id='line_1_21' title="bbox 1135 917 1239 967; baseline 0 0"><span class='ocrx_word' id='word_1_62' title='bbox 1135 917 1239 967; x_wconf 85' lang='lat'>215</span> 
     </span>
    </p>
   </div>
   <div class='ocr_carea' id='block_1_7' title="bbox 1138 1130 1241 1181">
    <p class='ocr_par' dir='ltr' id='par_1_11' title="bbox 1138 1130 1241 1181">
     <span class='ocr_line' id='line_1_22' title="bbox 1138 1130 1241 1181; baseline 0 0"><span class='ocrx_word' id='word_1_63' title='bbox 1138 1130 1241 1181; x_wconf 87' lang='lat'>216</span> 
     </span>
    </p>
   </div>
   <div class='ocr_carea' id='block_1_8' title="bbox 1140 1290 1243 1340">
    <p class='ocr_par' dir='ltr' id='par_1_12' title="bbox 1140 1290 1243 1340">
     <span class='ocr_line' id='line_1_23' title="bbox 1140 1290 1243 1340; baseline 0 -16"><span class='ocrx_word' id='word_1_64' title='bbox 1140 1290 1243 1340; x_wconf 90' lang='lat'>217</span> 
     </span>
    </p>
   </div>
   <div class='ocr_carea' id='block_1_9' title="bbox 1135 1430 1242 1480">
    <p class='ocr_par' dir='ltr' id='par_1_13' title="bbox 1135 1430 1242 1480">
     <span class='ocr_line' id='line_1_24' title="bbox 1135 1430 1242 1480; baseline 0 -16"><span class='ocrx_word' id='word_1_65' title='bbox 1135 1430 1242 1480; x_wconf 86' lang='lat'>217</span> 
     </span>
    </p>
   </div>
   <div class='ocr_carea' id='block_1_10' title="bbox 1360 416 2270 1482">
    <p class='ocr_par' dir='ltr' id='par_1_14' title="bbox 1362 416 2268 553">
     <span class='ocr_line' id='line_1_25' title="bbox 1362 416 2268 482; baseline 0.006 -18"><span class='ocrx_word' id='word_1_66' title='bbox 1362 431 1423 465; x_wconf 89' lang='grc'>12</span> <span class='ocrx_word' id='word_1_67' title='bbox 1483 416 1595 466; x_wconf 89' lang='lat' dir='ltr'>Sub</span> <span class='ocrx_word' id='word_1_68' title='bbox 1643 416 1816 482; x_wconf 90' lang='lat' dir='ltr'>specie</span> <span class='ocrx_word' id='word_1_69' title='bbox 1865 416 2126 469; x_wconf 87' lang='lat' dir='ltr'>columbae</span> <span class='ocrx_word' id='word_1_70' title='bbox 2173 418 2268 469; x_wconf 90' lang='lat' dir='ltr'>de-</span> 
     </span>
     <span class='ocr_line' id='line_1_26' title="bbox 1418 487 2160 553; baseline 0.004 -17"><span class='ocrx_word' id='word_1_71' title='bbox 1418 487 1625 537; x_wconf 91' lang='lat' dir='ltr'>scendit</span> <span class='ocrx_word' id='word_1_72' title='bbox 1659 487 1892 553; x_wconf 86' lang='lat' dir='ltr'>Spiritus</span> <span class='ocrx_word' id='word_1_73' title='bbox 1919 489 2160 539; x_wconf 89' lang='lat' dir='ltr'>Sanctus.</span> 
     </span>
    </p>

    <p class='ocr_par' dir='ltr' id='par_1_15' title="bbox 1362 556 2267 678">
     <span class='ocr_line' id='line_1_27' title="bbox 1362 556 2267 609; baseline 0.003 -3"><span class='ocrx_word' id='word_1_74' title='bbox 1362 556 1421 606; x_wconf 85' lang='lat'>13</span> <span class='ocrx_word' id='word_1_75' title='bbox 1454 558 1573 607; x_wconf 83' lang='lat' dir='ltr'>Vox</span> <span class='ocrx_word' id='word_1_76' title='bbox 1630 557 1799 608; x_wconf 88' lang='lat' dir='ltr'>Patris</span> <span class='ocrx_word' id='word_1_77' title='bbox 1861 557 2063 608; x_wconf 90' lang='lat' dir='ltr'>Filium</span> <span class='ocrx_word' id='word_1_78' title='bbox 2111 574 2267 609; x_wconf 88' lang='lat' dir='ltr'>com-</span> 
     </span>
     <span class='ocr_line' id='line_1_28' title="bbox 1418 628 1743 678; baseline 0 0"><span class='ocrx_word' id='word_1_79' title='bbox 1418 628 1743 678; x_wconf 87' lang='lat' dir='ltr'>mendantis.</span> 
     </span>
    </p>

    <p class='ocr_par' dir='ltr' id='par_1_16' title="bbox 1362 699 2179 764">
     <span class='ocr_line' id='line_1_29' title="bbox 1362 699 2179 764; baseline 0.004 -15"><span class='ocrx_word' id='word_1_80' title='bbox 1362 715 1428 764; x_wconf 92' lang='lat'>14</span> <span class='ocrx_word' id='word_1_81' title='bbox 1458 699 1774 750; x_wconf 85' lang='lat' dir='ltr'>Audiendus</span> <span class='ocrx_word' id='word_1_82' title='bbox 1801 709 1882 750; x_wconf 90' lang='lat' dir='ltr'>est</span> <span class='ocrx_word' id='word_1_83' title='bbox 1913 700 2179 753; x_wconf 79' lang='lat' dir='ltr'>Christus,</span> 
     </span>
    </p>

    <p class='ocr_par' dir='ltr' id='par_1_17' title="bbox 1361 768 2267 980">
     <span class='ocr_line' id='line_1_30' title="bbox 1361 768 2266 836; baseline 0.003 -17"><span class='ocrx_word' id='word_1_84' title='bbox 1361 768 1422 819; x_wconf 84' lang='lat'>15</span> <span class='ocrx_word' id='word_1_85' title='bbox 1470 770 1717 820; x_wconf 86' lang='lat' dir='ltr'>Trinitas</span> <span class='ocrx_word' id='word_1_86' title='bbox 1770 780 1891 836; x_wconf 92' lang='lat' dir='ltr'>post</span> <span class='ocrx_word' id='word_1_87' title='bbox 1928 771 2131 822; x_wconf 89' lang='lat' dir='ltr'>Christi</span> <span class='ocrx_word' id='word_1_88' title='bbox 2157 773 2266 822; x_wconf 89' lang='lat' dir='ltr'>Ba-</span> 
     </span>
     <span class='ocr_line' id='line_1_31' title="bbox 1417 843 2267 910; baseline 0.004 -17"><span class='ocrx_word' id='word_1_89' title='bbox 1417 843 1678 910; x_wconf 90' lang='lat' dir='ltr'>ptismum</span> <span class='ocrx_word' id='word_1_90' title='bbox 1711 845 1985 909; x_wconf 90' lang='lat' dir='ltr'>quomodo</span> <span class='ocrx_word' id='word_1_91' title='bbox 2009 845 2267 896; x_wconf 87' lang='lat' dir='ltr'>differen-</span> 
     </span>
     <span class='ocr_line' id='line_1_32' title="bbox 1416 914 1790 980; baseline 0.005 -17"><span class='ocrx_word' id='word_1_92' title='bbox 1416 922 1496 964; x_wconf 85' lang='lat' dir='ltr'>ter</span> <span class='ocrx_word' id='word_1_93' title='bbox 1528 914 1790 980; x_wconf 90' lang='lat' dir='ltr'>apparuit.</span> 
     </span>
    </p>

    <p class='ocr_par' dir='ltr' id='par_1_18' title="bbox 1361 983 2007 1052">
     <span class='ocr_line' id='line_1_33' title="bbox 1361 983 2007 1052; baseline 0.003 -18"><span class='ocrx_word' id='word_1_94' title='bbox 1361 983 1425 1034; x_wconf 87' lang='lat'>16</span> <span class='ocrx_word' id='word_1_95' title='bbox 1456 985 1668 1052; x_wconf 89' lang='lat' dir='ltr'>Figurae</span> <span class='ocrx_word' id='word_1_96' title='bbox 1700 986 2007 1052; x_wconf 43' lang='lat' dir='ltr'>Baptismis</span> 
     </span>
    </p>

    <p class='ocr_par' dir='ltr' id='par_1_19' title="bbox 1360 1058 2269 1250">
     <span class='ocr_line' id='line_1_34' title="bbox 1360 1058 2266 1125; baseline 0.002 -18"><span class='ocrx_word' id='word_1_97' title='bbox 1360 1072 1424 1124; x_wconf 90' lang='lat'>17</span> <span class='ocrx_word' id='word_1_98' title='bbox 1457 1058 1779 1109; x_wconf 90' lang='lat' dir='ltr'>Sacramenti</span> <span class='ocrx_word' id='word_1_99' title='bbox 1808 1059 2152 1125; x_wconf 90' lang='lat' dir='ltr'>Baptismatis</span> <span class='ocrx_word' id='word_1_100' title='bbox 2174 1060 2266 1111; x_wconf 92' lang='lat' dir='ltr'>in-</span> 
     </span>
     <span class='ocr_line' id='line_1_35' title="bbox 1414 1128 2269 1190; baseline 0.004 -12"><span class='ocrx_word' id='word_1_101' title='bbox 1414 1128 1668 1190; x_wconf 89' lang='lat' dir='ltr'>sinuatio,</span> <span class='ocrx_word' id='word_1_102' title='bbox 1713 1129 1984 1180; x_wconf 89' lang='lat' dir='ltr'>institutio</span> <span class='ocrx_word' id='word_1_103' title='bbox 2035 1140 2086 1181; x_wconf 90' lang='lat' dir='ltr'>et</span> <span class='ocrx_word' id='word_1_104' title='bbox 2133 1146 2269 1181; x_wconf 89' lang='lat' dir='ltr'>con-</span> 
     </span>
     <span class='ocr_line' id='line_1_36' title="bbox 1415 1199 1666 1250; baseline 0.008 -2"><span class='ocrx_word' id='word_1_105' title='bbox 1415 1199 1666 1250; x_wconf 80' lang='lat' dir='ltr'>firmati0.</span> 
     </span>
    </p>

    <p class='ocr_par' dir='ltr' id='par_1_20' title="bbox 1360 1269 2270 1396">
     <span class='ocr_line' id='line_1_37' title="bbox 1360 1269 2270 1340; baseline 0.002 -19"><span class='ocrx_word' id='word_1_106' title='bbox 1360 1269 1425 1322; x_wconf 89' lang='lat'>18</span> <span class='ocrx_word' id='word_1_107' title='bbox 1454 1272 1574 1322; x_wconf 75' lang='lat' dir='ltr'>Alia</span> <span class='ocrx_word' id='word_1_108' title='bbox 1596 1273 1941 1324; x_wconf 85' lang='lat' dir='ltr'>Sacramenta</span> <span class='ocrx_word' id='word_1_109' title='bbox 1971 1274 2185 1340; x_wconf 86' lang='lat' dir='ltr'>quando</span> <span class='ocrx_word' id='word_1_110' title='bbox 2217 1282 2270 1324; x_wconf 89' lang='lat' dir='ltr'>et</span> 
     </span>
     <span class='ocr_line' id='line_1_38' title="bbox 1416 1345 1820 1396; baseline 0.002 -1"><span class='ocrx_word' id='word_1_111' title='bbox 1416 1360 1511 1395; x_wconf 88' lang='lat' dir='ltr'>cur</span> <span class='ocrx_word' id='word_1_112' title='bbox 1540 1345 1820 1396; x_wconf 78' lang='lat' dir='ltr'>instituta?</span> 
     </span>
    </p>

    <p class='ocr_par' dir='ltr' id='par_1_21' title="bbox 1362 1415 2199 1482">
     <span class='ocr_line' id='line_1_39' title="bbox 1362 1415 2199 1482; baseline 0.005 -18"><span class='ocrx_word' id='word_1_113' title='bbox 1362 1430 1426 1482; x_wconf 92' lang='grc'>19</span> <span class='ocrx_word' id='word_1_114' title='bbox 1458 1415 1662 1466; x_wconf 91' lang='lat' dir='ltr'>Notitia</span> <span class='ocrx_word' id='word_1_115' title='bbox 1687 1417 2170 1468; x_wconf 88' lang='lat' dir='ltr'>Sacramentorum.</span> <span class='ocrx_word' id='word_1_116' title='bbox 2192 1454 2199 1461; x_wconf 70' lang='lat'><em>-</em></span> 
     </span>
    </p>
   </div>
   <div class='ocr_carea' id='block_1_11' title="bbox 494 1632 2111 1699">
    <p class='ocr_par' dir='ltr' id='par_1_22' title="bbox 494 1632 2111 1699">
     <span class='ocr_line' id='line_1_40' title="bbox 494 1632 2111 1699; baseline 0.001 -13"><span class='ocrx_word' id='word_1_117' title='bbox 494 1633 733 1686; x_wconf 87' lang='lat' dir='ltr'><strong>CAPUT</strong></span> <span class='ocrx_word' id='word_1_118' title='bbox 759 1633 922 1683; x_wconf 89' lang='lat' dir='ltr'>XXII.</span> <span class='ocrx_word' id='word_1_119' title='bbox 955 1648 1024 1671; x_wconf 71' lang='grc'>--’</span> <span class='ocrx_word' id='word_1_120' title='bbox 1046 1633 1131 1682; x_wconf 86' lang='lat' dir='ltr'>De</span> <span class='ocrx_word' id='word_1_121' title='bbox 1145 1632 1354 1699; x_wconf 74' lang='lat' dir='ltr'>jejunio</span> <span class='ocrx_word' id='word_1_122' title='bbox 1383 1640 1436 1684; x_wconf 84' lang='lat' dir='ltr'>et</span> <span class='ocrx_word' id='word_1_123' title='bbox 1467 1635 1847 1686; x_wconf 80' lang='lat' dir='ltr'>tentationibus</span> <span class='ocrx_word' id='word_1_124' title='bbox 1874 1635 2111 1687; x_wconf 80' lang='lat' dir='ltr'>Domini.</span> 
     </span>
    </p>
   </div>
   <div class='ocr_carea' id='block_1_12' title="bbox 199 1801 1090 2866">
    <p class='ocr_par' dir='ltr' id='par_1_23' title="bbox 211 1801 1088 1926">
     <span class='ocr_line' id='line_1_41' title="bbox 211 1801 1087 1868; baseline -0.006 -12"><span class='ocrx_word' id='word_1_125' title='bbox 211 1822 228 1855; x_wconf 88' lang='lat'>1</span> <span class='ocrx_word' id='word_1_126' title='bbox 262 1804 374 1856; x_wconf 90' lang='lat' dir='ltr'>Cur</span> <span class='ocrx_word' id='word_1_127' title='bbox 406 1817 528 1851; x_wconf 91' lang='lat' dir='ltr'>cum</span> <span class='ocrx_word' id='word_1_128' title='bbox 555 1801 799 1852; x_wconf 85' lang='lat' dir='ltr'>daemone</span> <span class='ocrx_word' id='word_1_129' title='bbox 826 1811 1087 1868; x_wconf 88' lang='lat' dir='ltr'>pugnatu-</span> 
     </span>
     <span class='ocr_line' id='line_1_42' title="bbox 237 1872 1088 1926; baseline -0.005 0"><span class='ocrx_word' id='word_1_130' title='bbox 237 1891 330 1926; x_wconf 89' lang='lat' dir='ltr'>rus</span> <span class='ocrx_word' id='word_1_131' title='bbox 380 1872 632 1924; x_wconf 88' lang='lat' dir='ltr'>Christus</span> <span class='ocrx_word' id='word_1_132' title='bbox 677 1873 949 1923; x_wconf 91' lang='lat' dir='ltr'>desertum</span> <span class='ocrx_word' id='word_1_133' title='bbox 988 1874 1088 1923; x_wconf 86' lang='lat' dir='ltr'>ele·</span> 
     </span>
    </p>

    <p class='ocr_par' dir='ltr' id='par_1_24' title="bbox 274 1945 345 1996">
     <span class='ocr_line' id='line_1_43' title="bbox 274 1945 345 1996; baseline 0 -1"><span class='ocrx_word' id='word_1_134' title='bbox 274 1945 345 1996; x_wconf 84' lang='lat' dir='ltr'>it?</span> 
     </span>
    </p>

    <p class='ocr_par' dir='ltr' id='par_1_25' title="bbox 206 1963 1090 2139">
     <span class='ocr_line' id='line_1_44' title="bbox 206 1963 1090 2078; baseline -0.001 -12"><span class='ocrx_word' id='word_1_135' title='bbox 206 1963 499 2078; x_wconf 70' lang='lat' dir='ltr'>nguando</span> <span class='ocrx_word' id='word_1_136' title='bbox 518 2025 570 2065; x_wconf 93' lang='lat' dir='ltr'>et</span> <span class='ocrx_word' id='word_1_137' title='bbox 592 2030 684 2065; x_wconf 91' lang='lat' dir='ltr'>cur</span> <span class='ocrx_word' id='word_1_138' title='bbox 707 2015 957 2066; x_wconf 88' lang='lat' dir='ltr'>Christus</span> <span class='ocrx_word' id='word_1_139' title='bbox 980 2025 1090 2066; x_wconf 87' lang='lat' dir='ltr'>ten·</span> 
     </span>
     <span class='ocr_line' id='line_1_45' title="bbox 235 2086 596 2139; baseline -0.011 0"><span class='ocrx_word' id='word_1_140' title='bbox 235 2088 334 2139; x_wconf 92' lang='lat' dir='ltr'>tari</span> <span class='ocrx_word' id='word_1_141' title='bbox 359 2086 569 2137; x_wconf 83' lang='lat' dir='ltr'>voluit?</span> <span class='ocrx_word' id='word_1_142' title='bbox 591 2090 596 2121; x_wconf 77' lang='lat'>⁸</span> 
     </span>
    </p>

    <p class='ocr_par' dir='ltr' id='par_1_26' title="bbox 205 2159 1090 2299">
     <span class='ocr_line' id='line_1_46' title="bbox 205 2159 1090 2211; baseline -0.001 0"><span class='ocrx_word' id='word_1_143' title='bbox 205 2161 233 2211; x_wconf 84' lang='lat'>3</span> <span class='ocrx_word' id='word_1_144' title='bbox 259 2159 577 2211; x_wconf 88' lang='lat' dir='ltr'>Poenitentia</span> <span class='ocrx_word' id='word_1_145' title='bbox 601 2159 804 2210; x_wconf 85' lang='lat' dir='ltr'>Christi</span> <span class='ocrx_word' id='word_1_146' title='bbox 822 2159 979 2210; x_wconf 89' lang='lat' dir='ltr'>nobis</span> <span class='ocrx_word' id='word_1_147' title='bbox 1000 2162 1090 2210; x_wconf 90' lang='lat' dir='ltr'>do·</span> 
     </span>
     <span class='ocr_line' id='line_1_47' title="bbox 233 2232 666 2299; baseline -0.002 -14"><span class='ocrx_word' id='word_1_148' title='bbox 233 2234 417 2285; x_wconf 92' lang='lat' dir='ltr'>cendis</span> <span class='ocrx_word' id='word_1_149' title='bbox 444 2232 666 2299; x_wconf 88' lang='lat' dir='ltr'>profuit.</span> 
     </span>
    </p>

    <p class='ocr_par' dir='ltr' id='par_1_27' title="bbox 201 2304 1087 2509">
     <span class='ocr_line' id='line_1_48' title="bbox 201 2304 1087 2372; baseline -0.002 -17"><span class='ocrx_word' id='word_1_150' title='bbox 201 2323 238 2372; x_wconf 70' lang='lat'>4</span> <span class='ocrx_word' id='word_1_151' title='bbox 263 2305 341 2355; x_wconf 92' lang='lat' dir='ltr'>De</span> <span class='ocrx_word' id='word_1_152' title='bbox 395 2304 594 2369; x_wconf 86' lang='lat' dir='ltr'>jejunio</span> <span class='ocrx_word' id='word_1_153' title='bbox 642 2304 849 2355; x_wconf 83' lang='lat' dir='ltr'>Christi</span> <span class='ocrx_word' id='word_1_154' title='bbox 901 2314 954 2355; x_wconf 89' lang='lat' dir='ltr'>et</span> <span class='ocrx_word' id='word_1_155' title='bbox 1021 2304 1087 2354; x_wconf 91' lang='lat' dir='ltr'>de</span> 
     </span>
     <span class='ocr_line' id='line_1_49' title="bbox 233 2375 1086 2454; baseline 0.001 -29"><span class='ocrx_word' id='word_1_156' title='bbox 233 2376 476 2442; x_wconf 87' lang='lat' dir='ltr'>quinque</span> <span class='ocrx_word' id='word_1_157' title='bbox 505 2375 791 2425; x_wconf 87' lang='lat' dir='ltr'>medicinis</span> <span class='ocrx_word' id='word_1_158' title='bbox 826 2391 960 2454; x_wconf 64' lang='lat' dir='ltr'>quas</span> <span class='ocrx_word' id='word_1_159' title='bbox 988 2391 1086 2441; x_wconf 92' lang='lat' dir='ltr'>pro</span> 
     </span>
     <span class='ocr_line' id='line_1_50' title="bbox 232 2444 636 2509; baseline -0.005 -14"><span class='ocrx_word' id='word_1_160' title='bbox 232 2446 392 2497; x_wconf 91' lang='lat' dir='ltr'>nobis</span> <span class='ocrx_word' id='word_1_161' title='bbox 418 2444 636 2509; x_wconf 88' lang='lat' dir='ltr'>accepit.</span> 
     </span>
    </p>

    <p class='ocr_par' dir='ltr' id='par_1_28' title="bbox 203 2514 1085 2638">
     <span class='ocr_line' id='line_1_51' title="bbox 203 2514 1085 2581; baseline -0.001 -14"><span class='ocrx_word' id='word_1_162' title='bbox 203 2515 232 2567; x_wconf 91' lang='lat'><strong>5</strong></span> <span class='ocrx_word' id='word_1_163' title='bbox 262 2517 504 2576; x_wconf 85' lang='lat' dir='ltr'>Quatuor</span> <span class='ocrx_word' id='word_1_164' title='bbox 522 2515 585 2564; x_wconf 91' lang='lat' dir='ltr'>ad</span> <span class='ocrx_word' id='word_1_165' title='bbox 606 2514 782 2565; x_wconf 93' lang='lat' dir='ltr'>cordis</span> <span class='ocrx_word' id='word_1_166' title='bbox 800 2514 1085 2581; x_wconf 90' lang='lat' dir='ltr'>puritatem</span> 
     </span>
     <span class='ocr_line' id='line_1_52' title="bbox 232 2588 557 2638; baseline -0.003 0"><span class='ocrx_word' id='word_1_167' title='bbox 232 2588 557 2638; x_wconf 87' lang='lat' dir='ltr'>inducentia.</span> 
     </span>
    </p>

    <p class='ocr_par' dir='ltr' id='par_1_29' title="bbox 199 2656 1085 2785">
     <span class='ocr_line' id='line_1_53' title="bbox 199 2656 1085 2724; baseline 0.005 -18"><span class='ocrx_word' id='word_1_168' title='bbox 199 2656 232 2706; x_wconf 84' lang='lat'><strong>6</strong></span> <span class='ocrx_word' id='word_1_169' title='bbox 254 2659 392 2709; x_wconf 90' lang='lat' dir='ltr'>Cum</span> <span class='ocrx_word' id='word_1_170' title='bbox 409 2658 594 2708; x_wconf 90' lang='lat' dir='ltr'>bestiis</span> <span class='ocrx_word' id='word_1_171' title='bbox 613 2666 665 2708; x_wconf 94' lang='lat' dir='ltr'>et</span> <span class='ocrx_word' id='word_1_172' title='bbox 684 2658 905 2724; x_wconf 81' lang='lat' dir='ltr'>Angelis</span> <span class='ocrx_word' id='word_1_173' title='bbox 919 2659 1085 2710; x_wconf 88' lang='lat' dir='ltr'>fuisse</span> 
     </span>
     <span class='ocr_line' id='line_1_54' title="bbox 235 2728 994 2785; baseline -0.001 -5"><span class='ocrx_word' id='word_1_174' title='bbox 235 2728 486 2780; x_wconf 88' lang='lat' dir='ltr'>Christus</span> <span class='ocrx_word' id='word_1_175' title='bbox 517 2728 731 2785; x_wconf 61' lang='lat' dir='ltr'>dicitur.</span> <span class='ocrx_word' id='word_1_176' title='bbox 989 2755 994 2758; x_wconf 89' lang='lat'>·</span> 
     </span>
    </p>

    <p class='ocr_par' dir='ltr' id='par_1_30' title="bbox 209 2799 1085 2866">
     <span class='ocr_line' id='line_1_55' title="bbox 209 2799 1085 2866; baseline 0.007 -19"><span class='ocrx_word' id='word_1_177' title='bbox 209 2816 239 2865; x_wconf 94' lang='lat'><strong>7</strong></span> <span class='ocrx_word' id='word_1_178' title='bbox 272 2799 705 2866; x_wconf 77' lang='lat' dir='ltr'>Quadragesirnae</span> <span class='ocrx_word' id='word_1_179' title='bbox 734 2801 1004 2853; x_wconf 91' lang='lat' dir='ltr'>institutio</span> <span class='ocrx_word' id='word_1_180' title='bbox 1033 2813 1085 2853; x_wconf 93' lang='lat' dir='ltr'>et</span> 
     </span>
    </p>
   </div>
   <div class='ocr_carea' id='block_1_13' title="bbox 234 2869 1084 2989">
    <p class='ocr_par' dir='ltr' id='par_1_31' title="bbox 234 2869 1084 2989">
     <span class='ocr_line' id='line_1_56' title="bbox 234 2869 1084 2949; baseline 0.007 -32"><span class='ocrx_word' id='word_1_181' title='bbox 234 2869 639 2949; x_wconf 74' lang='lat' dir='ltr'>quadragenarii</span> <span class='ocrx_word' id='word_1_182' title='bbox 688 2872 900 2922; x_wconf 87' lang='lat' dir='ltr'>numeri</span> <span class='ocrx_word' id='word_1_183' title='bbox 944 2889 1084 2923; x_wconf 90' lang='lat' dir='ltr'>con-</span> 
     </span>
     <span class='ocr_line' id='line_1_57' title="bbox 237 2949 480 2989; baseline 0.008 -2"><span class='ocrx_word' id='word_1_184' title='bbox 237 2949 480 2989; x_wconf 81' lang='lat' dir='ltr'>sectatio.</span> 
     </span>
    </p>
   </div>
   <div class='ocr_carea' id='block_1_14' title="bbox 180 3007 1089 3928">
    <p class='ocr_par' dir='ltr' id='par_1_32' title="bbox 206 3007 1085 3201">
     <span class='ocr_line' id='line_1_58' title="bbox 206 3007 1082 3076; baseline 0.005 -18"><span class='ocrx_word' id='word_1_185' title='bbox 206 3007 239 3058; x_wconf 87' lang='lat'>8</span> <span class='ocrx_word' id='word_1_186' title='bbox 295 3009 405 3059; x_wconf 91' lang='lat' dir='ltr'>Cur</span> <span class='ocrx_word' id='word_1_187' title='bbox 452 3010 808 3076; x_wconf 90' lang='lat' dir='ltr'>quadraginta</span> <span class='ocrx_word' id='word_1_188' title='bbox 868 3011 1082 3073; x_wconf 88' lang='lat' dir='ltr'>diebus,</span> 
     </span>
     <span class='ocr_line' id='line_1_59' title="bbox 241 3080 1085 3147; baseline 0.006 -19"><span class='ocrx_word' id='word_1_189' title='bbox 241 3094 338 3129; x_wconf 89' lang='lat' dir='ltr'>nec</span> <span class='ocrx_word' id='word_1_190' title='bbox 361 3080 482 3144; x_wconf 89' lang='lat' dir='ltr'>plus</span> <span class='ocrx_word' id='word_1_191' title='bbox 508 3095 603 3130; x_wconf 85' lang='lat' dir='ltr'>nec</span> <span class='ocrx_word' id='word_1_192' title='bbox 630 3081 815 3132; x_wconf 89' lang='lat' dir='ltr'>minus</span> <span class='ocrx_word' id='word_1_193' title='bbox 834 3120 847 3142; x_wconf 92' lang='lat'>,</span> <span class='ocrx_word' id='word_1_194' title='bbox 872 3082 1085 3147; x_wconf 84' lang='lat' dir='ltr'>jejuna-</span> 
     </span>
     <span class='ocr_line' id='line_1_60' title="bbox 236 3149 635 3201; baseline 0.005 -2"><span class='ocrx_word' id='word_1_195' title='bbox 236 3149 312 3199; x_wconf 90' lang='lat' dir='ltr'>vit</span> <span class='ocrx_word' id='word_1_196' title='bbox 334 3149 635 3201; x_wconf 77' lang='lat' dir='ltr'>Dominus?</span> 
     </span>
    </p>

    <p class='ocr_par' dir='ltr' id='par_1_33' title="bbox 205 3223 1086 3352">
     <span class='ocr_line' id='line_1_61' title="bbox 205 3223 1086 3290; baseline 0.008 -20"><span class='ocrx_word' id='word_1_197' title='bbox 205 3239 238 3290; x_wconf 73' lang='grc'>9</span> <span class='ocrx_word' id='word_1_198' title='bbox 267 3223 485 3273; x_wconf 83' lang='lat' dir='ltr'>Accedit</span> <span class='ocrx_word' id='word_1_199' title='bbox 520 3223 768 3275; x_wconf 90' lang='lat' dir='ltr'>diabolus</span> <span class='ocrx_word' id='word_1_200' title='bbox 807 3225 1086 3277; x_wconf 90' lang='lat' dir='ltr'>Christum</span> 
     </span>
     <span class='ocr_line' id='line_1_62' title="bbox 234 3294 846 3352; baseline 0.008 -9"><span class='ocrx_word' id='word_1_201' title='bbox 234 3294 299 3344; x_wconf 90' lang='lat' dir='ltr'>de</span> <span class='ocrx_word' id='word_1_202' title='bbox 325 3294 502 3352; x_wconf 74' lang='lat' dir='ltr'>tribus</span> <span class='ocrx_word' id='word_1_203' title='bbox 524 3306 846 3349; x_wconf 78' lang='lat' dir='ltr'>tentaturus,</span> 
     </span>
    </p>

    <p class='ocr_par' dir='ltr' id='par_1_34' title="bbox 180 3365 964 3434">
     <span class='ocr_line' id='line_1_63' title="bbox 180 3365 964 3434; baseline 0.009 -20"><span class='ocrx_word' id='word_1_204' title='bbox 180 3381 243 3414; x_wconf 88' lang='lat'>10</span> <span class='ocrx_word' id='word_1_205' title='bbox 274 3365 454 3414; x_wconf 89' lang='lat' dir='ltr'>Prima</span> <span class='ocrx_word' id='word_1_206' title='bbox 482 3366 704 3417; x_wconf 88' lang='lat' dir='ltr'>tentatio</span> <span class='ocrx_word' id='word_1_207' title='bbox 734 3368 800 3419; x_wconf 89' lang='lat' dir='ltr'>de</span> <span class='ocrx_word' id='word_1_208' title='bbox 823 3369 964 3434; x_wconf 88' lang='lat' dir='ltr'>gula.</span> 
     </span>
    </p>

    <p class='ocr_par' dir='ltr' id='par_1_35' title="bbox 181 3434 774 3489">
     <span class='ocr_line' id='line_1_64' title="bbox 181 3434 774 3489; baseline 0.01 -6"><span class='ocrx_word' id='word_1_209' title='bbox 181 3451 198 3483; x_wconf 87' lang='lat'>1</span> <span class='ocrx_word' id='word_1_210' title='bbox 219 3450 236 3484; x_wconf 89' lang='lat'>1</span> <span class='ocrx_word' id='word_1_211' title='bbox 275 3434 429 3485; x_wconf 87' lang='lat' dir='ltr'>Gulae</span> <span class='ocrx_word' id='word_1_212' title='bbox 455 3436 774 3489; x_wconf 89' lang='lat' dir='ltr'>refraenatio.</span> 
     </span>
    </p>

    <p class='ocr_par' dir='ltr' id='par_1_36' title="bbox 181 3505 1089 3643">
     <span class='ocr_line' id='line_1_65' title="bbox 181 3505 1089 3562; baseline 0.011 -10"><span class='ocrx_word' id='word_1_213' title='bbox 181 3519 240 3553; x_wconf 88' lang='grc'>12</span> <span class='ocrx_word' id='word_1_214' title='bbox 274 3505 519 3555; x_wconf 86' lang='lat' dir='ltr'>Secunda</span> <span class='ocrx_word' id='word_1_215' title='bbox 574 3508 797 3558; x_wconf 90' lang='lat' dir='ltr'>tentatio</span> <span class='ocrx_word' id='word_1_216' title='bbox 840 3508 907 3560; x_wconf 89' lang='lat' dir='ltr'>de</span> <span class='ocrx_word' id='word_1_217' title='bbox 953 3525 1089 3562; x_wconf 88' lang='lat' dir='ltr'>vana</span> 
     </span>
     <span class='ocr_line' id='line_1_66' title="bbox 237 3577 425 3643; baseline 0.011 -17"><span class='ocrx_word' id='word_1_218' title='bbox 237 3577 425 3643; x_wconf 86' lang='lat' dir='ltr'>gloria.</span> 
     </span>
    </p>

    <p class='ocr_par' dir='ltr' id='par_1_37' title="bbox 181 3647 1087 3788">
     <span class='ocr_line' id='line_1_67' title="bbox 181 3647 1087 3705; baseline 0.011 -8"><span class='ocrx_word' id='word_1_219' title='bbox 181 3647 241 3697; x_wconf 87' lang='lat'>13</span> <span class='ocrx_word' id='word_1_220' title='bbox 270 3649 530 3699; x_wconf 90' lang='lat' dir='ltr'>Diabolus</span> <span class='ocrx_word' id='word_1_221' title='bbox 582 3650 718 3701; x_wconf 89' lang='lat' dir='ltr'>male</span> <span class='ocrx_word' id='word_1_222' title='bbox 764 3662 817 3703; x_wconf 93' lang='lat' dir='ltr'>et</span> <span class='ocrx_word' id='word_1_223' title='bbox 874 3654 1087 3705; x_wconf 88' lang='lat' dir='ltr'>incom-</span> 
     </span>
     <span class='ocr_line' id='line_1_68' title="bbox 238 3718 984 3788; baseline 0.012 -21"><span class='ocrx_word' id='word_1_224' title='bbox 238 3718 376 3783; x_wconf 90' lang='lat' dir='ltr'>plete</span> <span class='ocrx_word' id='word_1_225' title='bbox 418 3718 608 3785; x_wconf 87' lang='lat' dir='ltr'>allegat</span> <span class='ocrx_word' id='word_1_226' title='bbox 638 3721 984 3788; x_wconf 78' lang='lat' dir='ltr'>scripturam.</span> 
     </span>
    </p>

    <p class='ocr_par' dir='ltr' id='par_1_38' title="bbox 182 3789 1007 3859">
     <span class='ocr_line' id='line_1_69' title="bbox 182 3789 1007 3859; baseline 0.016 -22"><span class='ocrx_word' id='word_1_227' title='bbox 182 3804 246 3853; x_wconf 83' lang='lat'>14</span> <span class='ocrx_word' id='word_1_228' title='bbox 273 3789 522 3841; x_wconf 85' lang='lat' dir='ltr'>Tentatio</span> <span class='ocrx_word' id='word_1_229' title='bbox 546 3792 642 3843; x_wconf 85' lang='lat' dir='ltr'>Dei</span> <span class='ocrx_word' id='word_1_230' title='bbox 674 3794 1007 3859; x_wconf 89' lang='lat' dir='ltr'>prohibetur.</span> 
     </span>
    </p>

    <p class='ocr_par' dir='ltr' id='par_1_39' title="bbox 182 3857 1086 3928">
     <span class='ocr_line' id='line_1_70' title="bbox 182 3857 1086 3928; baseline 0.014 -19"><span class='ocrx_word' id='word_1_231' title='bbox 182 3857 243 3910; x_wconf 83' lang='lat'>15</span> <span class='ocrx_word' id='word_1_232' title='bbox 278 3861 374 3912; x_wconf 90' lang='lat' dir='ltr'>Per</span> <span class='ocrx_word' id='word_1_233' title='bbox 419 3862 730 3928; x_wconf 85' lang='lat' dir='ltr'>patientiam</span> <span class='ocrx_word' id='word_1_234' title='bbox 789 3866 1086 3923; x_wconf 86' lang='lat' dir='ltr'>vincendus</span> 
     </span>
    </p>
   </div>
   <div class='ocr_carea' id='block_1_15' title="bbox 1135 1957 1243 2153">
    <p class='ocr_par' dir='ltr' id='par_1_40' title="bbox 1135 1957 1243 2153">
     <span class='ocr_line' id='line_1_71' title="bbox 1136 1957 1243 2007; baseline 0.009 -15"><span class='ocrx_word' id='word_1_235' title='bbox 1136 1957 1243 2007; x_wconf 88' lang='lat'>224</span> 
     </span>
     <span class='ocr_line' id='line_1_72' title="bbox 1135 2103 1242 2153; baseline 0 -16"><span class='ocrx_word' id='word_1_236' title='bbox 1135 2103 1242 2153; x_wconf 83' lang='lat'>224</span> 
     </span>
    </p>
   </div>
   <div class='ocr_carea' id='block_1_16' title="bbox 1136 2232 1238 2283">
    <p class='ocr_par' dir='ltr' id='par_1_41' title="bbox 1136 2232 1238 2283">
     <span class='ocr_line' id='line_1_73' title="bbox 1136 2232 1238 2283; baseline 0 0"><span class='ocrx_word' id='word_1_237' title='bbox 1136 2232 1238 2283; x_wconf 85' lang='lat'>225</span> 
     </span>
    </p>
   </div>
   <div class='ocr_carea' id='block_1_17' title="bbox 1352 1804 2269 3923">
    <p class='ocr_par' dir='ltr' id='par_1_42' title="bbox 1419 1804 1787 1855">
     <span class='ocr_line' id='line_1_74' title="bbox 1419 1804 1787 1855; baseline 0.003 -1"><span class='ocrx_word' id='word_1_238' title='bbox 1419 1813 1499 1854; x_wconf 91' lang='lat' dir='ltr'>est</span> <span class='ocrx_word' id='word_1_239' title='bbox 1523 1804 1787 1855; x_wconf 80' lang='lat' dir='ltr'>diaboluS.</span> 
     </span>
    </p>

    <p class='ocr_par' dir='ltr' id='par_1_43' title="bbox 1365 1873 2268 1999">
     <span class='ocr_line' id='line_1_75' title="bbox 1365 1873 2268 1927; baseline 0.004 -4"><span class='ocrx_word' id='word_1_240' title='bbox 1365 1873 1429 1924; x_wconf 90' lang='lat'>16</span> <span class='ocrx_word' id='word_1_241' title='bbox 1462 1876 1641 1927; x_wconf 91' lang='lat' dir='ltr'>Tertia</span> <span class='ocrx_word' id='word_1_242' title='bbox 1667 1876 1888 1926; x_wconf 91' lang='lat' dir='ltr'>tentatio</span> <span class='ocrx_word' id='word_1_243' title='bbox 1918 1876 2015 1927; x_wconf 92' lang='lat' dir='ltr'>Dei</span> <span class='ocrx_word' id='word_1_244' title='bbox 2048 1877 2114 1926; x_wconf 92' lang='lat' dir='ltr'>de</span> <span class='ocrx_word' id='word_1_245' title='bbox 2142 1891 2268 1927; x_wconf 86' lang='lat' dir='ltr'>ava-</span> 
     </span>
     <span class='ocr_line' id='line_1_76' title="bbox 1419 1948 1558 1999; baseline 0.007 -2"><span class='ocrx_word' id='word_1_246' title='bbox 1419 1948 1558 1999; x_wconf 88' lang='lat' dir='ltr'>ritia.</span> 
     </span>
    </p>

    <p class='ocr_par' dir='ltr' id='par_1_44' title="bbox 1365 2019 2265 2140">
     <span class='ocr_line' id='line_1_77' title="bbox 1365 2019 2265 2086; baseline 0.002 -17"><span class='ocrx_word' id='word_1_247' title='bbox 1365 2036 1429 2085; x_wconf 89' lang='lat'>17</span> <span class='ocrx_word' id='word_1_248' title='bbox 1463 2019 1541 2069; x_wconf 93' lang='lat' dir='ltr'>De</span> <span class='ocrx_word' id='word_1_249' title='bbox 1571 2019 1741 2086; x_wconf 87' lang='lat' dir='ltr'>gloria</span> <span class='ocrx_word' id='word_1_250' title='bbox 1777 2019 1968 2071; x_wconf 87' lang='lat' dir='ltr'>mundi</span> <span class='ocrx_word' id='word_1_251' title='bbox 2007 2030 2060 2070; x_wconf 92' lang='lat' dir='ltr'>et</span> <span class='ocrx_word' id='word_1_252' title='bbox 2085 2021 2265 2071; x_wconf 87' lang='lat' dir='ltr'>ambi-</span> 
     </span>
     <span class='ocr_line' id='line_1_78' title="bbox 1418 2099 1581 2140; baseline 0 -1"><span class='ocrx_word' id='word_1_253' title='bbox 1418 2099 1581 2140; x_wconf 79' lang='lat' dir='ltr'>tione.</span> 
     </span>
    </p>

    <p class='ocr_par' dir='ltr' id='par_1_45' title="bbox 1365 2160 2265 2426">
     <span class='ocr_line' id='line_1_79' title="bbox 1365 2160 2263 2228; baseline 0.001 -17"><span class='ocrx_word' id='word_1_254' title='bbox 1365 2160 1429 2211; x_wconf 92' lang='lat'>18</span> <span class='ocrx_word' id='word_1_255' title='bbox 1474 2160 1671 2226; x_wconf 78' lang='lat' dir='ltr'>Iniuria</span> <span class='ocrx_word' id='word_1_256' title='bbox 1717 2161 1932 2228; x_wconf 89' lang='lat' dir='ltr'>propria</span> <span class='ocrx_word' id='word_1_257' title='bbox 1974 2162 2263 2222; x_wconf 85' lang='lat' dir='ltr'>toleranda,</span> 
     </span>
     <span class='ocr_line' id='line_1_80' title="bbox 1422 2233 2262 2298; baseline 0.004 -17"><span class='ocrx_word' id='word_1_258' title='bbox 1422 2233 1514 2283; x_wconf 83' lang='lat' dir='ltr'>s‘ed</span> <span class='ocrx_word' id='word_1_259' title='bbox 1561 2249 1669 2282; x_wconf 88' lang='lat' dir='ltr'>non</span> <span class='ocrx_word' id='word_1_260' title='bbox 1719 2233 1916 2298; x_wconf 88' lang='lat' dir='ltr'>injuria</span> <span class='ocrx_word' id='word_1_261' title='bbox 1959 2234 2104 2284; x_wconf 91' lang='lat' dir='ltr'>illata</span> <span class='ocrx_word' id='word_1_262' title='bbox 2132 2235 2262 2294; x_wconf 77' lang='lat' dir='ltr'>Dee,</span> 
     </span>
     <span class='ocr_line' id='line_1_81' title="bbox 1420 2303 2265 2356; baseline 0.004 -3"><span class='ocrx_word' id='word_1_263' title='bbox 1420 2303 1506 2353; x_wconf 90' lang='lat' dir='ltr'>cui</span> <span class='ocrx_word' id='word_1_264' title='bbox 1549 2303 1650 2354; x_wconf 92' lang='lat' dir='ltr'>soli</span> <span class='ocrx_word' id='word_1_265' title='bbox 1691 2303 1860 2355; x_wconf 87' lang='lat' dir='ltr'>latriae</span> <span class='ocrx_word' id='word_1_266' title='bbox 1891 2305 2065 2355; x_wconf 87' lang='lat' dir='ltr'>cultus</span> <span class='ocrx_word' id='word_1_267' title='bbox 2102 2306 2265 2356; x_wconf 88' lang='lat' dir='ltr'>debe-</span> 
     </span>
     <span class='ocr_line' id='line_1_82' title="bbox 1417 2385 1523 2426; baseline 0.019 -2"><span class='ocrx_word' id='word_1_268' title='bbox 1417 2385 1523 2426; x_wconf 80' lang='lat' dir='ltr'>tur.</span> 
     </span>
    </p>

    <p class='ocr_par' dir='ltr' id='par_1_46' title="bbox 1364 2446 2262 2581">
     <span class='ocr_line' id='line_1_83' title="bbox 1364 2446 2262 2512; baseline 0.003 -17"><span class='ocrx_word' id='word_1_269' title='bbox 1364 2460 1429 2512; x_wconf 89' lang='grc'>19</span> <span class='ocrx_word' id='word_1_270' title='bbox 1460 2446 1609 2495; x_wconf 90' lang='lat' dir='ltr'>Ordo</span> <span class='ocrx_word' id='word_1_271' title='bbox 1655 2446 1982 2507; x_wconf 86' lang='lat' dir='ltr'>tentationis,</span> <span class='ocrx_word' id='word_1_272' title='bbox 2036 2447 2262 2498; x_wconf 91' lang='lat' dir='ltr'>modus-</span> 
     </span>
     <span class='ocr_line' id='line_1_84' title="bbox 1418 2517 1976 2581; baseline 0.002 -15"><span class='ocrx_word' id='word_1_273' title='bbox 1418 2531 1525 2581; x_wconf 87' lang='lat' dir='ltr'>que</span> <span class='ocrx_word' id='word_1_274' title='bbox 1567 2532 1684 2567; x_wconf 89' lang='lat' dir='ltr'>eam</span> <span class='ocrx_word' id='word_1_275' title='bbox 1713 2517 1976 2568; x_wconf 89' lang='lat' dir='ltr'>vincendi.</span> 
     </span>
    </p>

    <p class='ocr_par' dir='ltr' id='par_1_47' title="bbox 1355 2587 2205 2653">
     <span class='ocr_line' id='line_1_85' title="bbox 1355 2587 2205 2653; baseline 0.005 -18"><span class='ocrx_word' id='word_1_276' title='bbox 1355 2602 1426 2636; x_wconf 88' lang='lat'>20</span> <span class='ocrx_word' id='word_1_277' title='bbox 1456 2587 1498 2636; x_wconf 95' lang='lat' dir='ltr'>F</span> <span class='ocrx_word' id='word_1_278' title='bbox 1501 2598 1692 2653; x_wconf 91' lang='lat' dir='ltr'>ugatus</span> <span class='ocrx_word' id='word_1_279' title='bbox 1723 2589 1920 2638; x_wconf 86' lang='lat' dir='ltr'>recedit</span> <span class='ocrx_word' id='word_1_280' title='bbox 1944 2589 2205 2639; x_wconf 77' lang='lat' dir='ltr'>diabolus,</span> 
     </span>
    </p>

    <p class='ocr_par' dir='ltr' id='par_1_48' title="bbox 1355 2658 2268 2937">
     <span class='ocr_line' id='line_1_86' title="bbox 1355 2658 2263 2710; baseline 0.003 -4"><span class='ocrx_word' id='word_1_281' title='bbox 1355 2672 1416 2706; x_wconf 88' lang='lat'>21</span> <span class='ocrx_word' id='word_1_282' title='bbox 1457 2658 1708 2709; x_wconf 89' lang='lat' dir='ltr'>Tentatio</span> <span class='ocrx_word' id='word_1_283' title='bbox 1734 2658 1939 2709; x_wconf 89' lang='lat' dir='ltr'>Christi</span> <span class='ocrx_word' id='word_1_284' title='bbox 1981 2659 2263 2710; x_wconf 89' lang='lat' dir='ltr'>tentationi</span> 
     </span>
     <span class='ocr_line' id='line_1_87' title="bbox 1417 2731 2266 2797; baseline 0.005 -18"><span class='ocrx_word' id='word_1_285' title='bbox 1417 2731 1809 2797; x_wconf 86' lang='lat' dir='ltr'>protoparentis</span> <span class='ocrx_word' id='word_1_286' title='bbox 1832 2742 2188 2796; x_wconf 90' lang='lat' dir='ltr'>comparatur,</span> <span class='ocrx_word' id='word_1_287' title='bbox 2214 2740 2266 2783; x_wconf 90' lang='lat' dir='ltr'>et</span> 
     </span>
     <span class='ocr_line' id='line_1_88' title="bbox 1416 2800 2268 2866; baseline 0.005 -17"><span class='ocrx_word' id='word_1_288' title='bbox 1416 2811 1796 2851; x_wconf 86' lang='lat' dir='ltr'>enumerantur</span> <span class='ocrx_word' id='word_1_289' title='bbox 1822 2800 2007 2866; x_wconf 83' lang='lat' dir='ltr'>figurae</span> <span class='ocrx_word' id='word_1_290' title='bbox 2033 2801 2268 2853; x_wconf 82' lang='lat' dir='ltr'>victoriae</span> 
     </span>
     <span class='ocr_line' id='line_1_89' title="bbox 1415 2871 1801 2937; baseline 0.003 -16"><span class='ocrx_word' id='word_1_291' title='bbox 1415 2886 1579 2937; x_wconf 89' lang='lat' dir='ltr'>quam</span> <span class='ocrx_word' id='word_1_292' title='bbox 1603 2871 1801 2922; x_wconf 86' lang='lat' dir='ltr'>retulit.</span> 
     </span>
    </p>

    <p class='ocr_par' dir='ltr' id='par_1_49' title="bbox 1356 2942 2265 3133">
     <span class='ocr_line' id='line_1_90' title="bbox 1356 2942 2265 3008; baseline 0.003 -18"><span class='ocrx_word' id='word_1_293' title='bbox 1356 2956 1423 2989; x_wconf 83' lang='lat'>22</span> <span class='ocrx_word' id='word_1_294' title='bbox 1456 2942 1533 2992; x_wconf 80' lang='lat' dir='ltr'>De</span> <span class='ocrx_word' id='word_1_295' title='bbox 1583 2943 1916 3008; x_wconf 86' lang='lat' dir='ltr'>Angelorum</span> <span class='ocrx_word' id='word_1_296' title='bbox 1967 2958 2152 2994; x_wconf 87' lang='lat' dir='ltr'>accesu</span> <span class='ocrx_word' id='word_1_297' title='bbox 2214 2953 2265 2993; x_wconf 91' lang='lat' dir='ltr'>et</span> 
     </span>
     <span class='ocr_line' id='line_1_91' title="bbox 1417 3011 2263 3077; baseline 0.002 -17"><span class='ocrx_word' id='word_1_298' title='bbox 1417 3011 1806 3077; x_wconf 88' lang='lat' dir='ltr'>significatione</span> <span class='ocrx_word' id='word_1_299' title='bbox 1908 3013 2263 3064; x_wconf 88' lang='lat' dir='ltr'>tentationum</span> 
     </span>
     <span class='ocr_line' id='line_1_92' title="bbox 1419 3083 1645 3133; baseline 0 0"><span class='ocrx_word' id='word_1_300' title='bbox 1419 3083 1645 3133; x_wconf 88' lang='lat' dir='ltr'>Christi.</span> 
     </span>
    </p>

    <p class='ocr_par' dir='ltr' id='par_1_50' title="bbox 1356 3156 2264 3209">
     <span class='ocr_line' id='line_1_93' title="bbox 1356 3156 2264 3209; baseline 0.001 -2"><span class='ocrx_word' id='word_1_301' title='bbox 1356 3156 1431 3208; x_wconf 81' lang='lat'>23·</span> <span class='ocrx_word' id='word_1_302' title='bbox 1456 3156 1757 3209; x_wconf 90' lang='lat' dir='ltr'>Curtentari</span> <span class='ocrx_word' id='word_1_303' title='bbox 1781 3158 1953 3208; x_wconf 89' lang='lat' dir='ltr'>voluit</span> <span class='ocrx_word' id='word_1_304' title='bbox 1965 3157 2264 3208; x_wconf 80' lang='lat' dir='ltr'>Dominus?</span> 
     </span>
    </p>

    <p class='ocr_par' dir='ltr' id='par_1_51' title="bbox 1354 3229 2267 3353">
     <span class='ocr_line' id='line_1_94' title="bbox 1354 3229 2267 3296; baseline -0.001 -16"><span class='ocrx_word' id='word_1_305' title='bbox 1354 3246 1426 3295; x_wconf 87' lang='lat'>24</span> <span class='ocrx_word' id='word_1_306' title='bbox 1456 3232 1575 3281; x_wconf 92' lang='lat' dir='ltr'>Non</span> <span class='ocrx_word' id='word_1_307' title='bbox 1602 3229 1802 3281; x_wconf 89' lang='lat' dir='ltr'>mirum</span> <span class='ocrx_word' id='word_1_308' title='bbox 1830 3230 1876 3280; x_wconf 89' lang='lat' dir='ltr'>si</span> <span class='ocrx_word' id='word_1_309' title='bbox 1902 3246 2001 3281; x_wconf 89' lang='lat' dir='ltr'>nos</span> <span class='ocrx_word' id='word_1_310' title='bbox 2029 3230 2132 3296; x_wconf 89' lang='lat' dir='ltr'>ipsi</span> <span class='ocrx_word' id='word_1_311' title='bbox 2160 3241 2267 3281; x_wconf 91' lang='lat' dir='ltr'>ten-</span> 
     </span>
     <span class='ocr_line' id='line_1_95' title="bbox 1412 3313 1607 3353; baseline -0.01 0"><span class='ocrx_word' id='word_1_312' title='bbox 1412 3313 1607 3353; x_wconf 90' lang='lat' dir='ltr'>tamur.</span> 
     </span>
    </p>

    <p class='ocr_par' dir='ltr' id='par_1_52' title="bbox 1352 3372 2267 3496">
     <span class='ocr_line' id='line_1_96' title="bbox 1352 3372 2267 3438; baseline 0.001 -15"><span class='ocrx_word' id='word_1_313' title='bbox 1352 3372 1420 3423; x_wconf 88' lang='grc'><strong>25</strong></span> <span class='ocrx_word' id='word_1_314' title='bbox 1452 3372 1833 3424; x_wconf 88' lang='lat' dir='ltr'>Tentationum</span> <span class='ocrx_word' id='word_1_315' title='bbox 1858 3372 2060 3438; x_wconf 89' lang='lat' dir='ltr'>species</span> <span class='ocrx_word' id='word_1_316' title='bbox 2082 3383 2135 3424; x_wconf 91' lang='lat' dir='ltr'>et</span> <span class='ocrx_word' id='word_1_317' title='bbox 2157 3389 2267 3424; x_wconf 86' lang='lat' dir='ltr'>mo·</span> 
     </span>
     <span class='ocr_line' id='line_1_97' title="bbox 1412 3447 1532 3496; baseline 0.008 -1"><span class='ocrx_word' id='word_1_318' title='bbox 1412 3447 1532 3496; x_wconf 88' lang='lat' dir='ltr'>dus.</span> 
     </span>
    </p>

    <p class='ocr_par' dir='ltr' id='par_1_53' title="bbox 1353 3514 2266 3638">
     <span class='ocr_line' id='line_1_98' title="bbox 1353 3514 2266 3583; baseline 0.002 -17"><span class='ocrx_word' id='word_1_319' title='bbox 1353 3515 1422 3567; x_wconf 86' lang='lat'>26</span> <span class='ocrx_word' id='word_1_320' title='bbox 1460 3518 1538 3567; x_wconf 90' lang='lat' dir='ltr'>De</span> <span class='ocrx_word' id='word_1_321' title='bbox 1593 3514 1985 3567; x_wconf 88' lang='lat' dir='ltr'>ministratione</span> <span class='ocrx_word' id='word_1_322' title='bbox 2030 3517 2266 3583; x_wconf 87' lang='lat' dir='ltr'>Angelo-</span> 
     </span>
     <span class='ocr_line' id='line_1_99' title="bbox 1413 3603 1554 3638; baseline 0 -1"><span class='ocrx_word' id='word_1_323' title='bbox 1413 3603 1554 3638; x_wconf 89' lang='lat' dir='ltr'>rum.</span> 
     </span>
    </p>

    <p class='ocr_par' dir='ltr' id='par_1_54' title="bbox 1353 3656 2266 3781">
     <span class='ocr_line' id='line_1_100' title="bbox 1353 3656 2266 3727; baseline 0.002 -19"><span class='ocrx_word' id='word_1_324' title='bbox 1353 3674 1423 3727; x_wconf 87' lang='lat'>27</span> <span class='ocrx_word' id='word_1_325' title='bbox 1453 3659 1589 3709; x_wconf 90' lang='lat' dir='ltr'>Esca</span> <span class='ocrx_word' id='word_1_326' title='bbox 1624 3673 1732 3723; x_wconf 91' lang='lat' dir='ltr'>qua</span> <span class='ocrx_word' id='word_1_327' title='bbox 1774 3656 1832 3706; x_wconf 92' lang='lat' dir='ltr'>in</span> <span class='ocrx_word' id='word_1_328' title='bbox 1878 3657 2086 3709; x_wconf 91' lang='lat' dir='ltr'>deserto</span> <span class='ocrx_word' id='word_1_329' title='bbox 2126 3659 2266 3711; x_wconf 90' lang='lat' dir='ltr'>refe-</span> 
     </span>
     <span class='ocr_line' id='line_1_101' title="bbox 1414 3727 1949 3781; baseline -0.004 0"><span class='ocrx_word' id='word_1_330' title='bbox 1414 3740 1531 3781; x_wconf 87' lang='lat' dir='ltr'>ctus</span> <span class='ocrx_word' id='word_1_331' title='bbox 1556 3741 1636 3779; x_wconf 88' lang='lat' dir='ltr'>est</span> <span class='ocrx_word' id='word_1_332' title='bbox 1660 3727 1949 3779; x_wconf 88' lang='lat' dir='ltr'>Dominus.</span> 
     </span>
    </p>

    <p class='ocr_par' dir='ltr' id='par_1_55' title="bbox 1353 3799 2269 3923">
     <span class='ocr_line' id='line_1_102' title="bbox 1353 3799 2269 3870; baseline 0.002 -17"><span class='ocrx_word' id='word_1_333' title='bbox 1353 3801 1425 3853; x_wconf 85' lang='lat'>28</span> <span class='ocrx_word' id='word_1_334' title='bbox 1454 3802 1551 3852; x_wconf 86' lang='lat' dir='ltr'>Pia</span> <span class='ocrx_word' id='word_1_335' title='bbox 1596 3799 1897 3852; x_wconf 83' lang='lat' dir='ltr'>exhortatio</span> <span class='ocrx_word' id='word_1_336' title='bbox 1951 3800 2088 3854; x_wconf 87' lang='lat' dir='ltr'>circa</span> <span class='ocrx_word' id='word_1_337' title='bbox 2129 3819 2269 3870; x_wconf 89' lang='lat' dir='ltr'>prae-</span> 
     </span>
     <span class='ocr_line' id='line_1_103' title="bbox 1415 3887 1599 3923; baseline 0 0"><span class='ocrx_word' id='word_1_338' title='bbox 1415 3887 1599 3923; x_wconf 80' lang='lat' dir='ltr'>missa.</span> 
     </span>
    </p>
   </div>
   <div class='ocr_carea' id='block_1_18' title="bbox 2314 291 2412 357">
    <p class='ocr_par' dir='ltr' id='par_1_56' title="bbox 2314 291 2412 357">
     <span class='ocr_line' id='line_1_104' title="bbox 2314 291 2412 357; baseline -0.01 -15"><span class='ocrx_word' id='word_1_339' title='bbox 2314 291 2412 357; x_wconf 83' lang='lat'>461</span> 
     </span>
    </p>
   </div>
   <div class='ocr_carea' id='block_1_19' title="bbox 2315 487 2422 538">
    <p class='ocr_par' dir='ltr' id='par_1_57' title="bbox 2315 487 2422 538">
     <span class='ocr_line' id='line_1_105' title="bbox 2315 487 2422 538; baseline -0.009 0"><span class='ocrx_word' id='word_1_340' title='bbox 2315 487 2422 538; x_wconf 83' lang='lat'>218</span> 
     </span>
    </p>
   </div>
   <div class='ocr_carea' id='block_1_20' title="bbox 2316 646 2424 768">
    <p class='ocr_par' dir='ltr' id='par_1_58' title="bbox 2316 646 2424 768">
     <span class='ocr_line' id='line_1_106' title="bbox 2316 646 2424 698; baseline 0.009 -19"><span class='ocrx_word' id='word_1_341' title='bbox 2316 646 2424 698; x_wconf 87' lang='grc'>219</span> 
     </span>
     <span class='ocr_line' id='line_1_107' title="bbox 2317 718 2424 768; baseline 0.009 -17"><span class='ocrx_word' id='word_1_342' title='bbox 2317 718 2424 768; x_wconf 89' lang='grc'>219</span> 
     </span>
    </p>
   </div>
   <div class='ocr_carea' id='block_1_21' title="bbox 2315 932 2422 966">
    <p class='ocr_par' dir='ltr' id='par_1_59' title="bbox 2315 932 2422 966">
     <span class='ocr_line' id='line_1_108' title="bbox 2315 932 2422 966; baseline 0.009 -1"><span class='ocrx_word' id='word_1_343' title='bbox 2315 932 2422 966; x_wconf 86' lang='grc'>220</span> 
     </span>
    </p>
   </div>
   <div class='ocr_carea' id='block_1_22' title="bbox 2248 996 2415 1037">
    <p class='ocr_par' dir='ltr' id='par_1_60' title="bbox 2248 996 2415 1037">
     <span class='ocr_line' id='line_1_109' title="bbox 2248 996 2415 1037; baseline 0.006 -1"><span class='ocrx_word' id='word_1_344' title='bbox 2248 996 2255 1003; x_wconf 70' lang='grc'>’</span> <span class='ocrx_word' id='word_1_345' title='bbox 2318 1004 2415 1037; x_wconf 85' lang='lat'>221</span> 
     </span>
    </p>
   </div>
   <div class='ocr_carea' id='block_1_23' title="bbox 2317 1362 2420 1466">
    <p class='ocr_par' dir='ltr' id='par_1_61' title="bbox 2317 1362 2420 1466">
     <span class='ocr_line' id='line_1_110' title="bbox 2317 1362 2420 1396; baseline -0.01 0"><span class='ocrx_word' id='word_1_346' title='bbox 2317 1362 2420 1396; x_wconf 82' lang='lat'>222</span> 
     </span>
     <span class='ocr_line' id='line_1_111' title="bbox 2317 1432 2420 1466; baseline 0 0"><span class='ocrx_word' id='word_1_347' title='bbox 2317 1432 2420 1466; x_wconf 90' lang='grc'>222</span> 
     </span>
    </p>
   </div>
   <div class='ocr_carea' id='block_1_24' title="bbox 2317 2091 2417 2142">
    <p class='ocr_par' dir='ltr' id='par_1_62' title="bbox 2317 2091 2417 2142">
     <span class='ocr_line' id='line_1_112' title="bbox 2317 2091 2417 2142; baseline 0 -1"><span class='ocrx_word' id='word_1_348' title='bbox 2317 2091 2417 2142; x_wconf 83' lang='grc'><strong>235</strong></span> 
     </span>
    </p>
   </div>
  </div>
 </body>
</html>
