<?xml version="1.0" encoding="UTF-8"?>
<!DOCTYPE html PUBLIC "-//W3C//DTD XHTML 1.0 Transitional//EN"
    "http://www.w3.org/TR/xhtml1/DTD/xhtml1-transitional.dtd">
<html xmlns="http://www.w3.org/1999/xhtml" xml:lang="en" lang="en">
 <head>
  <title>
</title>
<meta http-equiv="Content-Type" content="text/html;charset=utf-8" />
  <meta name='ocr-system' content='tesseract 3.04.00' />
  <meta name='ocr-capabilities' content='ocr_page ocr_carea ocr_par ocr_line ocrx_word'/>
</head>
<body>
  <div class='ocr_page' id='page_1' title='image "./vitajesuchristi00sachgoog/vitajesuchristi00sachgoog_0242.png"; bbox 0 0 2784 4452; ppageno 0'>
   <div class='ocr_carea' id='block_1_1' title="bbox 314 215 422 268">
    <p class='ocr_par' dir='ltr' id='par_1_1' title="bbox 314 215 422 268">
     <span class='ocr_line' id='line_1_1' title="bbox 314 215 422 268; baseline -0.009 0"><span class='ocrx_word' id='word_1_1' title='bbox 314 215 422 268; x_wconf 79' lang='lat'>226</span> 
     </span>
    </p>
   </div>
   <div class='ocr_carea' id='block_1_2' title="bbox 971 207 1948 262">
    <p class='ocr_par' dir='ltr' id='par_1_2' title="bbox 971 207 1948 262">
     <span class='ocr_line' id='line_1_2' title="bbox 971 207 1948 262; baseline -0.003 -1"><span class='ocrx_word' id='word_1_2' title='bbox 971 211 1210 262; x_wconf 81' lang='lat' dir='ltr'>PR1MAE-</span> <span class='ocrx_word' id='word_1_3' title='bbox 1240 208 1491 261; x_wconf 89' lang='lat' dir='ltr'><strong>PARTIS</strong></span> <span class='ocrx_word' id='word_1_4' title='bbox 1522 207 1756 261; x_wconf 85' lang='lat' dir='ltr'><strong>CAPUT</strong></span> <span class='ocrx_word' id='word_1_5' title='bbox 1786 208 1948 258; x_wconf 85' lang='lat' dir='ltr'>XXII.</span> 
     </span>
    </p>
   </div>
   <div class='ocr_carea' id='block_1_3' title="bbox 310 320 2551 397">
    <p class='ocr_par' dir='ltr' id='par_1_3' title="bbox 310 320 2551 397">
     <span class='ocr_line' id='line_1_3' title="bbox 310 320 2551 397; baseline -0.005 -15"><span class='ocrx_word' id='word_1_6' title='bbox 310 331 451 397; x_wconf 70' lang='lat' dir='ltr'>nihil</span> <span class='ocrx_word' id='word_1_7' title='bbox 498 329 712 380; x_wconf 86' lang='lat' dir='ltr'>interim</span> <span class='ocrx_word' id='word_1_8' title='bbox 757 329 1107 378; x_wconf 82' lang='lat' dir='ltr'>manducans.</span> <span class='ocrx_word' id='word_1_9' title='bbox 1152 327 1258 378; x_wconf 86' lang='lat' dir='ltr'>Ubi</span> <span class='ocrx_word' id='word_1_10' title='bbox 1300 326 1382 377; x_wconf 84' lang='lat' dir='ltr'>si-</span> <span class='ocrx_word' id='word_1_11' title='bbox 1483 323 1699 374; x_wconf 87' lang='lat' dir='ltr'>doceret</span> <span class='ocrx_word' id='word_1_12' title='bbox 1723 323 1935 386; x_wconf 82' lang='lat' dir='ltr'>verbis3</span> <span class='ocrx_word' id='word_1_13' title='bbox 1979 322 2071 373; x_wconf 87' lang='lat' dir='ltr'>sed</span> <span class='ocrx_word' id='word_1_14' title='bbox 2099 322 2260 373; x_wconf 82' lang='lat' dir='ltr'>etiam</span> <span class='ocrx_word' id='word_1_15' title='bbox 2289 320 2551 386; x_wconf 75' lang='lat' dir='ltr'>exemplis</span> 
     </span>
    </p>
   </div>
   <div class='ocr_carea' id='block_1_4' title="bbox 292 398 1386 1468">
    <p class='ocr_par' dir='ltr' id='par_1_4' title="bbox 292 398 1386 1468">
     <span class='ocr_line' id='line_1_4' title="bbox 317 398 1380 470; baseline -0.005 -17"><span class='ocrx_word' id='word_1_16' title='bbox 317 411 543 470; x_wconf 85' lang='lat' dir='ltr'>gnanter</span> <span class='ocrx_word' id='word_1_17' title='bbox 597 399 846 450; x_wconf 89' lang='lat' dir='ltr'>noctibus</span> <span class='ocrx_word' id='word_1_18' title='bbox 900 399 1147 459; x_wconf 86' lang='lat' dir='ltr'>additur,</span> <span class='ocrx_word' id='word_1_19' title='bbox 1207 415 1275 449; x_wconf 89' lang='lat' dir='ltr'>ne</span> <span class='ocrx_word' id='word_1_20' title='bbox 1323 398 1380 449; x_wconf 90' lang='lat' dir='ltr'>in</span> 
     </span>
     <span class='ocr_line' id='line_1_5' title="bbox 311 469 1381 535; baseline -0.006 -10"><span class='ocrx_word' id='word_1_21' title='bbox 311 483 466 525; x_wconf 80' lang='lat' dir='ltr'>nocte</span> <span class='ocrx_word' id='word_1_22' title='bbox 503 470 798 522; x_wconf 86' lang='lat' dir='ltr'>comedisse</span> <span class='ocrx_word' id='word_1_23' title='bbox 828 479 1130 535; x_wconf 73' lang='lat' dir='ltr'>putaretur,</span> <span class='ocrx_word' id='word_1_24' title='bbox 1162 469 1290 520; x_wconf 89' lang='lat' dir='ltr'>item</span> <span class='ocrx_word' id='word_1_25' title='bbox 1324 469 1381 519; x_wconf 89' lang='lat' dir='ltr'>in</span> 
     </span>
     <span class='ocr_line' id='line_1_6' title="bbox 314 541 1383 613; baseline -0.005 -17"><span class='ocrx_word' id='word_1_26' title='bbox 314 547 532 613; x_wconf 85' lang='lat' dir='ltr'>signum</span> <span class='ocrx_word' id='word_1_27' title='bbox 573 544 719 609; x_wconf 91' lang='lat' dir='ltr'>quod</span> <span class='ocrx_word' id='word_1_28' title='bbox 753 557 972 592; x_wconf 90' lang='lat' dir='ltr'>necesse</span> <span class='ocrx_word' id='word_1_29' title='bbox 1008 541 1300 600; x_wconf 89' lang='lat' dir='ltr'>habemus,</span> <span class='ocrx_word' id='word_1_30' title='bbox 1331 551 1383 591; x_wconf 87' lang='lat' dir='ltr'>et</span> 
     </span>
     <span class='ocr_line' id='line_1_7' title="bbox 308 611 1383 679; baseline -0.006 -12"><span class='ocrx_word' id='word_1_31' title='bbox 308 616 500 667; x_wconf 89' lang='lat' dir='ltr'>diebus</span> <span class='ocrx_word' id='word_1_32' title='bbox 558 612 951 679; x_wconf 89' lang='lat' dir='ltr'>prosperitatis,</span> <span class='ocrx_word' id='word_1_33' title='bbox 1007 621 1061 662; x_wconf 89' lang='lat' dir='ltr'>et</span> <span class='ocrx_word' id='word_1_34' title='bbox 1135 611 1383 662; x_wconf 89' lang='lat' dir='ltr'>noctibus</span> 
     </span>
     <span class='ocr_line' id='line_1_8' title="bbox 292 683 1382 739; baseline -0.002 -4"><span class='ocrx_word' id='word_1_35' title='bbox 292 686 645 739; x_wconf 70' lang='lat' dir='ltr'>adversitatis</span> <span class='ocrx_word' id='word_1_36' title='bbox 697 694 880 736; x_wconf 89' lang='lat' dir='ltr'>contra</span> <span class='ocrx_word' id='word_1_37' title='bbox 941 683 1219 734; x_wconf 91' lang='lat' dir='ltr'>diabolum</span> <span class='ocrx_word' id='word_1_38' title='bbox 1282 700 1382 734; x_wconf 90' lang='lat' dir='ltr'>nos</span> 
     </span>
     <span class='ocr_line' id='line_1_9' title="bbox 311 756 1380 824; baseline -0.005 -15"><span class='ocrx_word' id='word_1_39' title='bbox 311 758 552 821; x_wconf 71' lang='lat' dir='ltr'>munire,</span> <span class='ocrx_word' id='word_1_40' title='bbox 599 756 694 824; x_wconf 91' lang='lat' dir='ltr'>qui</span> <span class='ocrx_word' id='word_1_41' title='bbox 740 770 1022 822; x_wconf 91' lang='lat' dir='ltr'>nunquam</span> <span class='ocrx_word' id='word_1_42' title='bbox 1064 764 1229 805; x_wconf 89' lang='lat' dir='ltr'>cessat</span> <span class='ocrx_word' id='word_1_43' title='bbox 1256 765 1380 805; x_wconf 88' lang='lat' dir='ltr'>ten-</span> 
     </span>
     <span class='ocr_line' id='line_1_10' title="bbox 312 823 1382 891; baseline -0.005 -13"><span class='ocrx_word' id='word_1_44' title='bbox 312 830 470 887; x_wconf 83' lang='lat' dir='ltr'>tando</span> <span class='ocrx_word' id='word_1_45' title='bbox 542 843 639 877; x_wconf 90' lang='lat' dir='ltr'>nos</span> <span class='ocrx_word' id='word_1_46' title='bbox 714 826 1048 891; x_wconf 85' lang='lat' dir='ltr'><strong>impugnare.</strong></span> <span class='ocrx_word' id='word_1_47' title='bbox 1116 823 1382 890; x_wconf 81' lang='lat' dir='ltr'>Jejunavit</span> 
     </span>
     <span class='ocr_line' id='line_1_11' title="bbox 308 898 1382 969; baseline -0.006 -16"><span class='ocrx_word' id='word_1_48' title='bbox 308 902 531 969; x_wconf 82' lang='lat' dir='ltr'>quidem</span> <span class='ocrx_word' id='word_1_49' title='bbox 607 909 667 951; x_wconf 91' lang='lat' dir='ltr'>ut</span> <span class='ocrx_word' id='word_1_50' title='bbox 732 900 987 949; x_wconf 87' lang='lat' dir='ltr'>adversus</span> <span class='ocrx_word' id='word_1_51' title='bbox 1059 898 1382 948; x_wconf 81' lang='lat' dir='ltr'>tentationes</span> 
     </span>
     <span class='ocr_line' id='line_1_12' title="bbox 319 968 1379 1037; baseline -0.004 -14"><span class='ocrx_word' id='word_1_52' title='bbox 319 972 628 1037; x_wconf 79' lang='lat' dir='ltr'>exemplum</span> <span class='ocrx_word' id='word_1_53' title='bbox 681 969 951 1035; x_wconf 87' lang='lat' dir='ltr'>jejunandi</span> <span class='ocrx_word' id='word_1_54' title='bbox 1000 968 1158 1018; x_wconf 90' lang='lat' dir='ltr'>nobis</span> <span class='ocrx_word' id='word_1_55' title='bbox 1197 969 1379 1028; x_wconf 89' lang='lat' dir='ltr'>daret,</span> 
     </span>
     <span class='ocr_line' id='line_1_13' title="bbox 308 1040 1382 1110; baseline -0.004 -16"><span class='ocrx_word' id='word_1_56' title='bbox 308 1043 455 1110; x_wconf 86' lang='lat' dir='ltr'>quia,</span> <span class='ocrx_word' id='word_1_57' title='bbox 487 1041 786 1092; x_wconf 85' lang='lat' dir='ltr'>secundum</span> <span class='ocrx_word' id='word_1_58' title='bbox 832 1040 1136 1102; x_wconf 72' lang='lat' dir='ltr'>Basiliam,</span> <span class='ocrx_word' id='word_1_59' title='bbox 1180 1040 1382 1090; x_wconf 88' lang='lat' dir='ltr'>volenti</span> 
     </span>
     <span class='ocr_line' id='line_1_14' title="bbox 317 1113 1383 1183; baseline -0.005 -17"><span class='ocrx_word' id='word_1_60' title='bbox 317 1130 524 1183; x_wconf 87' lang='lat' dir='ltr'>pugnas</span> <span class='ocrx_word' id='word_1_61' title='bbox 566 1113 924 1163; x_wconf 86' lang='lat' dir='ltr'>tentationum</span> <span class='ocrx_word' id='word_1_62' title='bbox 972 1127 1220 1178; x_wconf 86' lang='lat' dir='ltr'>superare</span> <span class='ocrx_word' id='word_1_63' title='bbox 1238 1150 1251 1172; x_wconf 93' lang='lat'>,</span> <span class='ocrx_word' id='word_1_64' title='bbox 1289 1127 1383 1162; x_wconf 91' lang='lat' dir='ltr'>so-</span> 
     </span>
     <span class='ocr_line' id='line_1_15' title="bbox 298 1184 1386 1251; baseline -0.005 -12"><span class='ocrx_word' id='word_1_65' title='bbox 298 1189 509 1239; x_wconf 85' lang='lat' dir='ltr'>brietas</span> <span class='ocrx_word' id='word_1_66' title='bbox 536 1186 829 1236; x_wconf 88' lang='lat' dir='ltr'>necessaria</span> <span class='ocrx_word' id='word_1_67' title='bbox 857 1196 972 1249; x_wconf 79' lang='lat' dir='ltr'>est3</span> <span class='ocrx_word' id='word_1_68' title='bbox 1012 1195 1063 1236; x_wconf 91' lang='lat' dir='ltr'>et</span> <span class='ocrx_word' id='word_1_69' title='bbox 1089 1184 1386 1251; x_wconf 83' lang='lat' dir='ltr'>specialiter</span> 
     </span>
     <span class='ocr_line' id='line_1_16' title="bbox 309 1254 1384 1321; baseline -0.005 -12"><span class='ocrx_word' id='word_1_70' title='bbox 309 1268 369 1309; x_wconf 89' lang='lat' dir='ltr'>ut</span> <span class='ocrx_word' id='word_1_71' title='bbox 407 1257 711 1307; x_wconf 88' lang='lat' dir='ltr'>ostenderet</span> <span class='ocrx_word' id='word_1_72' title='bbox 751 1255 897 1321; x_wconf 92' lang='lat' dir='ltr'>quod</span> <span class='ocrx_word' id='word_1_73' title='bbox 939 1254 1242 1305; x_wconf 86' lang='lat' dir='ltr'>innocentia</span> <span class='ocrx_word' id='word_1_74' title='bbox 1288 1255 1384 1304; x_wconf 86' lang='lat' dir='ltr'>ba-</span> 
     </span>
     <span class='ocr_line' id='line_1_17' title="bbox 312 1326 1385 1400; baseline -0.004 -20"><span class='ocrx_word' id='word_1_75' title='bbox 312 1327 577 1400; x_wconf 86' lang='lat' dir='ltr'>ptismalis</span> <span class='ocrx_word' id='word_1_76' title='bbox 619 1327 946 1393; x_wconf 85' lang='lat' dir='ltr'>periclitatur</span> <span class='ocrx_word' id='word_1_77' title='bbox 999 1327 1056 1377; x_wconf 91' lang='lat' dir='ltr'>in</span> <span class='ocrx_word' id='word_1_78' title='bbox 1099 1326 1209 1377; x_wconf 87' lang='lat' dir='ltr'>vita</span> <span class='ocrx_word' id='word_1_79' title='bbox 1239 1327 1385 1377; x_wconf 87' lang='lat' dir='ltr'>volu·</span> 
     </span>
     <span class='ocr_line' id='line_1_18' title="bbox 312 1400 1385 1468; baseline -0.002 -16"><span class='ocrx_word' id='word_1_80' title='bbox 312 1411 535 1468; x_wconf 81' lang='lat' dir='ltr'>ptuosa3</span> <span class='ocrx_word' id='word_1_81' title='bbox 565 1400 696 1466; x_wconf 89' lang='lat' dir='ltr'>quia</span> <span class='ocrx_word' id='word_1_82' title='bbox 726 1400 821 1467; x_wconf 88' lang='lat' dir='ltr'>qui</span> <span class='ocrx_word' id='word_1_83' title='bbox 861 1400 1064 1451; x_wconf 89' lang='lat' dir='ltr'>Christi</span> <span class='ocrx_word' id='word_1_84' title='bbox 1112 1410 1269 1461; x_wconf 89' lang='lat' dir='ltr'>sunt,</span> <span class='ocrx_word' id='word_1_85' title='bbox 1323 1409 1385 1450; x_wconf 94' lang='lat' dir='ltr'>ut</span> 
     </span>
    </p>
   </div>
   <div class='ocr_carea' id='block_1_5' title="bbox 144 1468 1387 1538">
    <p class='ocr_par' dir='ltr' id='par_1_5' title="bbox 144 1468 1387 1538">
     <span class='ocr_line' id='line_1_19' title="bbox 144 1468 1387 1538; baseline -0.004 -13"><span class='ocrx_word' id='word_1_86' title='bbox 144 1516 149 1525; x_wconf 36' lang='lat' dir='ltr'>f</span> <span class='ocrx_word' id='word_1_87' title='bbox 226 1475 231 1481; x_wconf 82' lang='lat'><strong><em>&#39;</em></strong></span> <span class='ocrx_word' id='word_1_88' title='bbox 314 1471 565 1538; x_wconf 84' lang='lat' dir='ltr'>baptizati</span> <span class='ocrx_word' id='word_1_89' title='bbox 611 1481 767 1529; x_wconf 89' lang='lat' dir='ltr'>sunt,</span> <span class='ocrx_word' id='word_1_90' title='bbox 819 1468 915 1536; x_wconf 88' lang='lat' dir='ltr'>qui</span> <span class='ocrx_word' id='word_1_91' title='bbox 967 1480 1095 1521; x_wconf 87' lang='lat' dir='ltr'>sunt</span> <span class='ocrx_word' id='word_1_92' title='bbox 1143 1470 1387 1520; x_wconf 88' lang='lat' dir='ltr'>membra</span> 
     </span>
    </p>
   </div>
   <div class='ocr_carea' id='block_1_6' title="bbox 300 1541 1392 3182">
    <p class='ocr_par' dir='ltr' id='par_1_6' title="bbox 300 1541 1392 3182">
     <span class='ocr_line' id='line_1_20' title="bbox 316 1541 1382 1604; baseline -0.003 -10"><span class='ocrx_word' id='word_1_93' title='bbox 316 1542 551 1604; x_wconf 80' lang='lat' dir='ltr'>Christi,</span> <span class='ocrx_word' id='word_1_94' title='bbox 602 1552 654 1593; x_wconf 90' lang='lat' dir='ltr'>et</span> <span class='ocrx_word' id='word_1_95' title='bbox 725 1542 1003 1593; x_wconf 86' lang='lat' dir='ltr'>Christum</span> <span class='ocrx_word' id='word_1_96' title='bbox 1062 1541 1382 1602; x_wconf 89' lang='lat' dir='ltr'>induerunt,</span> 
     </span>
     <span class='ocr_line' id='line_1_21' title="bbox 319 1614 1385 1682; baseline -0.003 -15"><span class='ocrx_word' id='word_1_97' title='bbox 319 1615 618 1682; x_wconf 75' lang='lat' dir='ltr'>consepulti</span> <span class='ocrx_word' id='word_1_98' title='bbox 660 1614 824 1665; x_wconf 89' lang='lat' dir='ltr'>morti</span> <span class='ocrx_word' id='word_1_99' title='bbox 860 1615 1003 1679; x_wconf 74' lang='lat' dir='ltr'>ejuS,</span> <span class='ocrx_word' id='word_1_100' title='bbox 1040 1616 1233 1666; x_wconf 88' lang='lat' dir='ltr'>debent</span> <span class='ocrx_word' id='word_1_101' title='bbox 1262 1629 1385 1664; x_wconf 89' lang='lat' dir='ltr'>car-</span> 
     </span>
     <span class='ocr_line' id='line_1_22' title="bbox 316 1686 1385 1752; baseline -0.001 -14"><span class='ocrx_word' id='word_1_102' title='bbox 316 1702 440 1739; x_wconf 85' lang='lat' dir='ltr'>nem</span> <span class='ocrx_word' id='word_1_103' title='bbox 491 1702 644 1737; x_wconf 86' lang='lat' dir='ltr'>suam</span> <span class='ocrx_word' id='word_1_104' title='bbox 702 1686 1010 1752; x_wconf 88' lang='lat' dir='ltr'>crucifigere</span> <span class='ocrx_word' id='word_1_105' title='bbox 1064 1703 1195 1737; x_wconf 90' lang='lat' dir='ltr'>cum</span> <span class='ocrx_word' id='word_1_106' title='bbox 1248 1701 1385 1737; x_wconf 89' lang='lat' dir='ltr'>con-</span> 
     </span>
     <span class='ocr_line' id='line_1_23' title="bbox 318 1755 1387 1822; baseline 0 -15"><span class='ocrx_word' id='word_1_107' title='bbox 318 1756 661 1822; x_wconf 84' lang='lat' dir='ltr'>cupiscentiis</span> <span class='ocrx_word' id='word_1_108' title='bbox 713 1755 827 1806; x_wconf 85' lang='lat' dir='ltr'>suis</span> <span class='ocrx_word' id='word_1_109' title='bbox 849 1793 863 1816; x_wconf 90' lang='lat'>,</span> <span class='ocrx_word' id='word_1_110' title='bbox 912 1766 965 1807; x_wconf 91' lang='lat' dir='ltr'>et</span> <span class='ocrx_word' id='word_1_111' title='bbox 1014 1756 1279 1807; x_wconf 87' lang='lat' dir='ltr'>aestimare</span> <span class='ocrx_word' id='word_1_112' title='bbox 1330 1772 1387 1807; x_wconf 89' lang='lat' dir='ltr'>se</span> 
     </span>
     <span class='ocr_line' id='line_1_24' title="bbox 316 1825 1387 1891; baseline -0.001 -15"><span class='ocrx_word' id='word_1_113' title='bbox 316 1836 561 1876; x_wconf 89' lang='lat' dir='ltr'>mortuos</span> <span class='ocrx_word' id='word_1_114' title='bbox 589 1840 750 1890; x_wconf 90' lang='lat' dir='ltr'>super</span> <span class='ocrx_word' id='word_1_115' title='bbox 779 1835 973 1875; x_wconf 89' lang='lat' dir='ltr'>terram</span> <span class='ocrx_word' id='word_1_116' title='bbox 1003 1825 1199 1891; x_wconf 87' lang='lat' dir='ltr'>spiritu</span> <span class='ocrx_word' id='word_1_117' title='bbox 1234 1841 1387 1876; x_wconf 89' lang='lat' dir='ltr'>mor-</span> 
     </span>
     <span class='ocr_line' id='line_1_25' title="bbox 318 1897 1387 1968; baseline 0 -18"><span class='ocrx_word' id='word_1_118' title='bbox 318 1897 574 1951; x_wconf 88' lang='lat' dir='ltr'>tificando</span> <span class='ocrx_word' id='word_1_119' title='bbox 620 1898 757 1949; x_wconf 85' lang='lat' dir='ltr'>facta</span> <span class='ocrx_word' id='word_1_120' title='bbox 783 1898 974 1949; x_wconf 88' lang='lat' dir='ltr'>carnis.</span> <span class='ocrx_word' id='word_1_121' title='bbox 1013 1899 1387 1968; x_wconf 80' lang='lat' dir='ltr'>UndeChry-</span> 
     </span>
     <span class='ocr_line' id='line_1_26' title="bbox 314 1972 1388 2038; baseline -0.001 -14"><span class='ocrx_word' id='word_1_122' title='bbox 314 1978 580 2026; x_wconf 80' lang='lat' dir='ltr'>Sostomus</span> <span class='ocrx_word' id='word_1_123' title='bbox 611 1989 630 2022; x_wconf 89' lang='grc'>.·</span> <span class='ocrx_word' id='word_1_124' title='bbox 662 1990 690 2017; x_wconf 72' lang='grc' dir='ltr'>ιι</span> <span class='ocrx_word' id='word_1_125' title='bbox 721 1972 792 2022; x_wconf 92' lang='lat' dir='ltr'>Ut</span> <span class='ocrx_word' id='word_1_126' title='bbox 816 1982 994 2023; x_wconf 89' lang='lat' dir='ltr'>autem</span> <span class='ocrx_word' id='word_1_127' title='bbox 1025 1972 1197 2022; x_wconf 90' lang='lat' dir='ltr'>discas</span> <span class='ocrx_word' id='word_1_128' title='bbox 1224 1988 1388 2038; x_wconf 90' lang='lat' dir='ltr'>quam</span> 
     </span>
     <span class='ocr_line' id='line_1_27' title="bbox 300 2043 1390 2110; baseline 0.003 -18"><span class='ocrx_word' id='word_1_129' title='bbox 300 2059 581 2110; x_wconf 86' lang='lat' dir='ltr'>.magnum</span> <span class='ocrx_word' id='word_1_130' title='bbox 619 2043 826 2093; x_wconf 89' lang='lat' dir='ltr'>bonum</span> <span class='ocrx_word' id='word_1_131' title='bbox 876 2043 950 2094; x_wconf 88' lang='lat' dir='ltr'>sit</span> <span class='ocrx_word' id='word_1_132' title='bbox 1001 2044 1287 2109; x_wconf 78' lang='lat' dir='ltr'>jejunium,</span> <span class='ocrx_word' id='word_1_133' title='bbox 1337 2056 1390 2095; x_wconf 92' lang='lat' dir='ltr'>et</span> 
     </span>
     <span class='ocr_line' id='line_1_28' title="bbox 324 2114 1387 2181; baseline 0 -17"><span class='ocrx_word' id='word_1_134' title='bbox 324 2114 556 2181; x_wconf 88' lang='lat' dir='ltr'>qualiter</span> <span class='ocrx_word' id='word_1_135' title='bbox 577 2114 832 2164; x_wconf 86' lang='lat' dir='ltr'>adversus</span> <span class='ocrx_word' id='word_1_136' title='bbox 869 2114 1147 2165; x_wconf 91' lang='lat' dir='ltr'>diabolum</span> <span class='ocrx_word' id='word_1_137' title='bbox 1175 2125 1387 2166; x_wconf 89' lang='lat' dir='ltr'>scutum</span> 
     </span>
     <span class='ocr_line' id='line_1_29' title="bbox 325 2186 1391 2254; baseline 0.001 -16"><span class='ocrx_word' id='word_1_138' title='bbox 325 2196 407 2239; x_wconf 89' lang='lat' dir='ltr'>est</span> <span class='ocrx_word' id='word_1_139' title='bbox 449 2186 785 2249; x_wconf 89' lang='lat' dir='ltr'>maximum,</span> <span class='ocrx_word' id='word_1_140' title='bbox 850 2195 903 2238; x_wconf 91' lang='lat' dir='ltr'>et</span> <span class='ocrx_word' id='word_1_141' title='bbox 951 2187 1212 2254; x_wconf 89' lang='lat' dir='ltr'>quoniam</span> <span class='ocrx_word' id='word_1_142' title='bbox 1269 2197 1391 2254; x_wconf 92' lang='lat' dir='ltr'>post</span> 
     </span>
     <span class='ocr_line' id='line_1_30' title="bbox 339 2258 1392 2311; baseline 0 -1"><span class='ocrx_word' id='word_1_143' title='bbox 339 2274 590 2310; x_wconf 80' lang='lat' dir='ltr'>avacrum</span> <span class='ocrx_word' id='word_1_144' title='bbox 618 2275 731 2309; x_wconf 91' lang='lat' dir='ltr'>non</span> <span class='ocrx_word' id='word_1_145' title='bbox 760 2258 969 2309; x_wconf 87' lang='lat' dir='ltr'>deliciis</span> <span class='ocrx_word' id='word_1_146' title='bbox 994 2269 1046 2310; x_wconf 91' lang='lat' dir='ltr'>et</span> <span class='ocrx_word' id='word_1_147' title='bbox 1073 2261 1312 2311; x_wconf 90' lang='lat' dir='ltr'>ebrietati</span> <span class='ocrx_word' id='word_1_148' title='bbox 1341 2271 1392 2310; x_wconf 92' lang='lat' dir='ltr'>et</span> 
     </span>
     <span class='ocr_line' id='line_1_31' title="bbox 310 2331 1388 2397; baseline 0.001 -16"><span class='ocrx_word' id='word_1_149' title='bbox 310 2345 520 2382; x_wconf 73' lang='lat' dir='ltr'>,mensae</span> <span class='ocrx_word' id='word_1_150' title='bbox 573 2331 895 2394; x_wconf 85' lang='lat' dir='ltr'>abundanti,</span> <span class='ocrx_word' id='word_1_151' title='bbox 939 2332 1030 2381; x_wconf 92' lang='lat' dir='ltr'>sed</span> <span class='ocrx_word' id='word_1_152' title='bbox 1067 2332 1268 2397; x_wconf 86' lang='lat' dir='ltr'>jejunio</span> <span class='ocrx_word' id='word_1_153' title='bbox 1298 2332 1388 2382; x_wconf 88' lang='lat' dir='ltr'>in·-</span> 
     </span>
     <span class='ocr_line' id='line_1_32' title="bbox 315 2405 1392 2471; baseline 0.002 -17"><span class='ocrx_word' id='word_1_154' title='bbox 315 2405 536 2454; x_wconf 90' lang='lat' dir='ltr'>tendere</span> <span class='ocrx_word' id='word_1_155' title='bbox 586 2413 796 2470; x_wconf 90' lang='lat' dir='ltr'>oportet</span> <span class='ocrx_word' id='word_1_156' title='bbox 820 2442 834 2465; x_wconf 91' lang='lat'>,</span> <span class='ocrx_word' id='word_1_157' title='bbox 894 2415 1108 2471; x_wconf 89' lang='lat' dir='ltr'>propter</span> <span class='ocrx_word' id='word_1_158' title='bbox 1161 2406 1265 2456; x_wconf 90' lang='lat' dir='ltr'>hoc</span> <span class='ocrx_word' id='word_1_159' title='bbox 1338 2417 1392 2456; x_wconf 92' lang='lat' dir='ltr'>et</span> 
     </span>
     <span class='ocr_line' id='line_1_33' title="bbox 317 2467 1387 2543; baseline 0.004 -20"><span class='ocrx_word' id='word_1_160' title='bbox 317 2473 583 2523; x_wconf 89' lang='lat' dir='ltr'>Dominus</span> <span class='ocrx_word' id='word_1_161' title='bbox 604 2467 887 2539; x_wconf 50' lang='lat' dir='ltr'>jejunavit?</span> <span class='ocrx_word' id='word_1_162' title='bbox 900 2490 1010 2525; x_wconf 92' lang='lat' dir='ltr'>non</span> <span class='ocrx_word' id='word_1_163' title='bbox 1031 2491 1094 2526; x_wconf 93' lang='lat' dir='ltr'>eo</span> <span class='ocrx_word' id='word_1_164' title='bbox 1120 2476 1387 2543; x_wconf 78' lang='lat' dir='ltr'>indigenS,</span> 
     </span>
     <span class='ocr_line' id='line_1_34' title="bbox 312 2542 1392 2611; baseline 0.004 -18"><span class='ocrx_word' id='word_1_165' title='bbox 312 2544 408 2593; x_wconf 89' lang='lat' dir='ltr'>sed</span> <span class='ocrx_word' id='word_1_166' title='bbox 460 2558 560 2592; x_wconf 91' lang='lat' dir='ltr'>nos</span> <span class='ocrx_word' id='word_1_167' title='bbox 603 2542 887 2607; x_wconf 89' lang='lat' dir='ltr'>erudiens,</span> <span class='ocrx_word' id='word_1_168' title='bbox 938 2545 1140 2609; x_wconf 89' lang='lat' dir='ltr'>quibus</span> <span class='ocrx_word' id='word_1_169' title='bbox 1185 2556 1392 2611; x_wconf 90' lang='lat' dir='ltr'>peccata</span> 
     </span>
     <span class='ocr_line' id='line_1_35' title="bbox 316 2613 1391 2679; baseline 0.004 -17"><span class='ocrx_word' id='word_1_170' title='bbox 316 2628 438 2679; x_wconf 84' lang='lat' dir='ltr'>quae</span> <span class='ocrx_word' id='word_1_171' title='bbox 477 2622 603 2662; x_wconf 89' lang='lat' dir='ltr'>ante</span> <span class='ocrx_word' id='word_1_172' title='bbox 645 2613 912 2663; x_wconf 86' lang='lat' dir='ltr'>lavacrum</span> <span class='ocrx_word' id='word_1_173' title='bbox 943 2624 1109 2679; x_wconf 90' lang='lat' dir='ltr'>erant,</span> <span class='ocrx_word' id='word_1_174' title='bbox 1139 2616 1391 2667; x_wconf 89' lang='lat' dir='ltr'>domina-</span> 
     </span>
     <span class='ocr_line' id='line_1_36' title="bbox 314 2684 1392 2748; baseline 0.003 -13"><span class='ocrx_word' id='word_1_175' title='bbox 314 2684 391 2735; x_wconf 88' lang='lat' dir='ltr'>tio</span> <span class='ocrx_word' id='word_1_176' title='bbox 451 2684 654 2735; x_wconf 88' lang='lat' dir='ltr'>ventris</span> <span class='ocrx_word' id='word_1_177' title='bbox 707 2684 1088 2737; x_wconf 86' lang='lat' dir='ltr'>introduxerat.</span> <span class='ocrx_word' id='word_1_178' title='bbox 1129 2687 1392 2748; x_wconf 87' lang='lat' dir='ltr'>Quemad-</span> 
     </span>
     <span class='ocr_line' id='line_1_37' title="bbox 313 2754 1388 2824; baseline 0 -16"><span class='ocrx_word' id='word_1_179' title='bbox 313 2754 540 2808; x_wconf 84' lang='lat' dir='ltr'>modum</span> <span class='ocrx_word' id='word_1_180' title='bbox 573 2754 719 2806; x_wconf 89' lang='lat' dir='ltr'>enim</span> <span class='ocrx_word' id='word_1_181' title='bbox 757 2756 802 2806; x_wconf 90' lang='lat' dir='ltr'>si</span> <span class='ocrx_word' id='word_1_182' title='bbox 822 2755 1023 2821; x_wconf 86' lang='lat' dir='ltr'>aliquis</span> <span class='ocrx_word' id='word_1_183' title='bbox 1046 2767 1388 2824; x_wconf 71' lang='lat' dir='ltr'>aegrotantem</span> 
     </span>
     <span class='ocr_line' id='line_1_38' title="bbox 310 2826 1392 2893; baseline 0.001 -15"><span class='ocrx_word' id='word_1_184' title='bbox 310 2840 504 2878; x_wconf 88' lang='lat' dir='ltr'>sanum</span> <span class='ocrx_word' id='word_1_185' title='bbox 525 2841 648 2877; x_wconf 89' lang='lat' dir='ltr'>cum</span> <span class='ocrx_word' id='word_1_186' title='bbox 667 2826 901 2887; x_wconf 87' lang='lat' dir='ltr'>fecisset,</span> <span class='ocrx_word' id='word_1_187' title='bbox 925 2828 1073 2893; x_wconf 86' lang='lat' dir='ltr'>jubet</span> <span class='ocrx_word' id='word_1_188' title='bbox 1091 2844 1202 2878; x_wconf 91' lang='lat' dir='ltr'>non</span> <span class='ocrx_word' id='word_1_189' title='bbox 1222 2829 1392 2880; x_wconf 87' lang='lat' dir='ltr'>facere</span> 
     </span>
     <span class='ocr_line' id='line_1_39' title="bbox 314 2898 1388 2968; baseline 0.005 -20"><span class='ocrx_word' id='word_1_190' title='bbox 314 2899 406 2950; x_wconf 89' lang='lat' dir='ltr'>illa</span> <span class='ocrx_word' id='word_1_191' title='bbox 434 2914 498 2949; x_wconf 84' lang='lat' dir='ltr'>ex</span> <span class='ocrx_word' id='word_1_192' title='bbox 536 2898 738 2965; x_wconf 92' lang='lat' dir='ltr'>quibus</span> <span class='ocrx_word' id='word_1_193' title='bbox 766 2900 1028 2967; x_wconf 85' lang='lat' dir='ltr'>aegritudo</span> <span class='ocrx_word' id='word_1_194' title='bbox 1059 2901 1350 2968; x_wconf 88' lang='lat' dir='ltr'>contigerat</span> <span class='ocrx_word' id='word_1_195' title='bbox 1373 2919 1388 2967; x_wconf 90' lang='lat'>;</span> 
     </span>
     <span class='ocr_line' id='line_1_40' title="bbox 308 2968 1390 3038; baseline 0.003 -18"><span class='ocrx_word' id='word_1_196' title='bbox 308 2970 384 3021; x_wconf 85' lang='lat' dir='ltr'>ita</span> <span class='ocrx_word' id='word_1_197' title='bbox 436 2968 625 3036; x_wconf 82' lang='lat' dir='ltr'>utique</span> <span class='ocrx_word' id='word_1_198' title='bbox 681 2980 733 3021; x_wconf 93' lang='lat' dir='ltr'>et</span> <span class='ocrx_word' id='word_1_199' title='bbox 796 2971 900 3021; x_wconf 88' lang='lat' dir='ltr'>hoc</span> <span class='ocrx_word' id='word_1_200' title='bbox 959 2980 1080 3038; x_wconf 90' lang='lat' dir='ltr'>post</span> <span class='ocrx_word' id='word_1_201' title='bbox 1124 2972 1390 3024; x_wconf 83' lang='lat' dir='ltr'>lavacrum</span> 
     </span>
     <span class='ocr_line' id='line_1_41' title="bbox 307 3039 1391 3112; baseline 0.004 -21"><span class='ocrx_word' id='word_1_202' title='bbox 307 3039 569 3112; x_wconf 64' lang='lat' dir='ltr'>jejunium</span> <span class='ocrx_word' id='word_1_203' title='bbox 613 3051 803 3093; x_wconf 90' lang='lat' dir='ltr'>contra</span> <span class='ocrx_word' id='word_1_204' title='bbox 856 3042 1055 3094; x_wconf 91' lang='lat' dir='ltr'>vitium</span> <span class='ocrx_word' id='word_1_205' title='bbox 1119 3043 1391 3095; x_wconf 86' lang='lat' dir='ltr'>edacitatis</span> 
     </span>
     <span class='ocr_line' id='line_1_42' title="bbox 322 3110 1390 3182; baseline 0.004 -20"><span class='ocrx_word' id='word_1_206' title='bbox 322 3110 437 3178; x_wconf 85' lang='lat' dir='ltr'>ipse</span> <span class='ocrx_word' id='word_1_207' title='bbox 466 3110 696 3163; x_wconf 86' lang='lat' dir='ltr'>induxit.</span> <span class='ocrx_word' id='word_1_208' title='bbox 740 3113 879 3164; x_wconf 89' lang='lat' dir='ltr'>Nam</span> <span class='ocrx_word' id='word_1_209' title='bbox 919 3123 970 3164; x_wconf 89' lang='lat' dir='ltr'>et</span> <span class='ocrx_word' id='word_1_210' title='bbox 999 3115 1173 3165; x_wconf 89' lang='lat' dir='ltr'>Adam</span> <span class='ocrx_word' id='word_1_211' title='bbox 1196 3115 1263 3166; x_wconf 92' lang='lat' dir='ltr'>de</span> <span class='ocrx_word' id='word_1_212' title='bbox 1292 3132 1390 3182; x_wconf 90' lang='lat' dir='ltr'>pa-</span> 
     </span>
    </p>
   </div>
   <div class='ocr_carea' id='block_1_7' title="bbox 216 3182 1389 3253">
    <p class='ocr_par' dir='ltr' id='par_1_7' title="bbox 216 3182 1389 3253">
     <span class='ocr_line' id='line_1_43' title="bbox 216 3182 1389 3253; baseline 0.003 -20"><span class='ocrx_word' id='word_1_213' title='bbox 216 3221 221 3224; x_wconf 82' lang='grc'>-</span> <span class='ocrx_word' id='word_1_214' title='bbox 311 3182 489 3234; x_wconf 81' lang='lat' dir='ltr'>radiso</span> <span class='ocrx_word' id='word_1_215' title='bbox 536 3182 931 3236; x_wconf 86' lang='lat' dir='ltr'>incontinentia</span> <span class='ocrx_word' id='word_1_216' title='bbox 970 3187 1170 3237; x_wconf 89' lang='lat' dir='ltr'>ventris</span> <span class='ocrx_word' id='word_1_217' title='bbox 1207 3188 1389 3253; x_wconf 86' lang='lat' dir='ltr'>ejecit,</span> 
     </span>
    </p>
   </div>
   <div class='ocr_carea' id='block_1_8' title="bbox 314 3252 1395 3881">
    <p class='ocr_par' dir='ltr' id='par_1_8' title="bbox 314 3252 1395 3881">
     <span class='ocr_line' id='line_1_44' title="bbox 319 3252 1392 3319; baseline 0.005 -15"><span class='ocrx_word' id='word_1_218' title='bbox 319 3262 374 3304; x_wconf 87' lang='lat' dir='ltr'>et</span> <span class='ocrx_word' id='word_1_219' title='bbox 411 3252 681 3304; x_wconf 89' lang='lat' dir='ltr'>diluvium</span> <span class='ocrx_word' id='word_1_220' title='bbox 712 3257 859 3319; x_wconf 88' lang='lat' dir='ltr'>quod</span> <span class='ocrx_word' id='word_1_221' title='bbox 891 3256 995 3306; x_wconf 89' lang='lat' dir='ltr'>fuit</span> <span class='ocrx_word' id='word_1_222' title='bbox 1028 3256 1130 3308; x_wconf 88' lang='lat' dir='ltr'>sub</span> <span class='ocrx_word' id='word_1_223' title='bbox 1158 3259 1273 3309; x_wconf 92' lang='lat' dir='ltr'>Noe</span> <span class='ocrx_word' id='word_1_224' title='bbox 1301 3258 1392 3316; x_wconf 80' lang='lat' dir='ltr'>illa</span> 
     </span>
     <span class='ocr_line' id='line_1_45' title="bbox 322 3323 1391 3384; baseline 0.006 -11"><span class='ocrx_word' id='word_1_225' title='bbox 322 3324 659 3384; x_wconf 87' lang='lat' dir='ltr'>commeruit,</span> <span class='ocrx_word' id='word_1_226' title='bbox 694 3334 747 3375; x_wconf 91' lang='lat' dir='ltr'>et</span> <span class='ocrx_word' id='word_1_227' title='bbox 781 3323 1011 3377; x_wconf 90' lang='lat' dir='ltr'>fulmina</span> <span class='ocrx_word' id='word_1_228' title='bbox 1046 3327 1104 3377; x_wconf 94' lang='lat' dir='ltr'>in</span> <span class='ocrx_word' id='word_1_229' title='bbox 1134 3328 1391 3379; x_wconf 88' lang='lat' dir='ltr'>Sodomi-</span> 
     </span>
     <span class='ocr_line' id='line_1_46' title="bbox 314 3394 1392 3461; baseline 0.003 -15"><span class='ocrx_word' id='word_1_230' title='bbox 314 3403 396 3447; x_wconf 83' lang='lat' dir='ltr'>tas</span> <span class='ocrx_word' id='word_1_231' title='bbox 434 3394 552 3459; x_wconf 90' lang='lat' dir='ltr'>ipsa</span> <span class='ocrx_word' id='word_1_232' title='bbox 593 3394 834 3447; x_wconf 84' lang='lat' dir='ltr'>deduxit.</span> <span class='ocrx_word' id='word_1_233' title='bbox 875 3397 950 3448; x_wconf 93' lang='lat' dir='ltr'>Ita</span> <span class='ocrx_word' id='word_1_234' title='bbox 979 3407 1032 3447; x_wconf 92' lang='lat' dir='ltr'>et</span> <span class='ocrx_word' id='word_1_235' title='bbox 1066 3398 1233 3448; x_wconf 88' lang='lat' dir='ltr'>Judaei</span> <span class='ocrx_word' id='word_1_236' title='bbox 1270 3413 1392 3461; x_wconf 56' lang='lat' dir='ltr'>mag-</span> 
     </span>
     <span class='ocr_line' id='line_1_47' title="bbox 317 3463 1394 3530; baseline 0.004 -16"><span class='ocrx_word' id='word_1_237' title='bbox 317 3463 464 3515; x_wconf 88' lang='lat' dir='ltr'>xima</span> <span class='ocrx_word' id='word_1_238' title='bbox 507 3467 708 3530; x_wconf 89' lang='lat' dir='ltr'>operati</span> <span class='ocrx_word' id='word_1_239' title='bbox 764 3476 892 3517; x_wconf 90' lang='lat' dir='ltr'>sunt</span> <span class='ocrx_word' id='word_1_240' title='bbox 933 3468 1000 3517; x_wconf 89' lang='lat' dir='ltr'>ab</span> <span class='ocrx_word' id='word_1_241' title='bbox 1049 3467 1301 3520; x_wconf 89' lang='lat' dir='ltr'>ebrietate</span> <span class='ocrx_word' id='word_1_242' title='bbox 1343 3478 1394 3519; x_wconf 90' lang='lat' dir='ltr'>et</span> 
     </span>
     <span class='ocr_line' id='line_1_48' title="bbox 318 3533 1394 3606; baseline 0.006 -23"><span class='ocrx_word' id='word_1_243' title='bbox 318 3533 527 3584; x_wconf 90' lang='lat' dir='ltr'>deliciis</span> <span class='ocrx_word' id='word_1_244' title='bbox 583 3536 758 3598; x_wconf 90' lang='lat' dir='ltr'>mala;</span> <span class='ocrx_word' id='word_1_245' title='bbox 805 3545 1024 3602; x_wconf 89' lang='lat' dir='ltr'>propter</span> <span class='ocrx_word' id='word_1_246' title='bbox 1056 3537 1160 3587; x_wconf 92' lang='lat' dir='ltr'>hoc</span> <span class='ocrx_word' id='word_1_247' title='bbox 1198 3549 1250 3589; x_wconf 83' lang='lat' dir='ltr'>et</span> <span class='ocrx_word' id='word_1_248' title='bbox 1279 3539 1394 3606; x_wconf 91' lang='lat' dir='ltr'>ipse</span> 
     </span>
     <span class='ocr_line' id='line_1_49' title="bbox 321 3603 1395 3674; baseline 0.007 -21"><span class='ocrx_word' id='word_1_249' title='bbox 321 3603 595 3670; x_wconf 78' lang='lat' dir='ltr'>jejunavit,</span> <span class='ocrx_word' id='word_1_250' title='bbox 621 3605 781 3657; x_wconf 91' lang='lat' dir='ltr'>nobis</span> <span class='ocrx_word' id='word_1_251' title='bbox 806 3607 994 3674; x_wconf 90' lang='lat' dir='ltr'>utique</span> <span class='ocrx_word' id='word_1_252' title='bbox 1018 3606 1395 3660; x_wconf 88' lang='lat' dir='ltr'>demonstrans</span> 
     </span>
     <span class='ocr_line' id='line_1_50' title="bbox 323 3667 1395 3732; baseline 0.005 -6"><span class='ocrx_word' id='word_1_253' title='bbox 323 3667 554 3726; x_wconf 78' lang='lat' dir='ltr'>formam</span> <span class='ocrx_word' id='word_1_254' title='bbox 593 3677 800 3729; x_wconf 86' lang='lat' dir='ltr'>salutis.</span> <span class='ocrx_word' id='word_1_255' title='bbox 830 3696 858 3726; x_wconf 83' lang='lat'>»</span> <span class='ocrx_word' id='word_1_256' title='bbox 888 3678 1042 3729; x_wconf 88' lang='lat' dir='ltr'>Unde</span> <span class='ocrx_word' id='word_1_257' title='bbox 1082 3688 1133 3729; x_wconf 90' lang='lat' dir='ltr'>et</span> <span class='ocrx_word' id='word_1_258' title='bbox 1158 3680 1395 3732; x_wconf 83' lang='lat' dir='ltr'>Ambro-</span> 
     </span>
     <span class='ocr_line' id='line_1_51' title="bbox 320 3746 1395 3812; baseline 0.007 -16"><span class='ocrx_word' id='word_1_259' title='bbox 320 3746 435 3797; x_wconf 78' lang='lat' dir='ltr'>sius</span> <span class='ocrx_word' id='word_1_260' title='bbox 459 3766 476 3798; x_wconf 91' lang='lat'>.·</span> <span class='ocrx_word' id='word_1_261' title='bbox 509 3768 536 3795; x_wconf 86' lang='lat'>«</span> <span class='ocrx_word' id='word_1_262' title='bbox 566 3750 681 3800; x_wconf 89' lang='lat' dir='ltr'>Hoc</span> <span class='ocrx_word' id='word_1_263' title='bbox 711 3750 859 3812; x_wconf 84' lang='lat' dir='ltr'>enim</span> <span class='ocrx_word' id='word_1_264' title='bbox 879 3749 1002 3802; x_wconf 89' lang='lat' dir='ltr'>fecit</span> <span class='ocrx_word' id='word_1_265' title='bbox 1024 3766 1183 3803; x_wconf 89' lang='lat' dir='ltr'>causa</span> <span class='ocrx_word' id='word_1_266' title='bbox 1207 3753 1395 3804; x_wconf 89' lang='lat' dir='ltr'>salutis</span> 
     </span>
     <span class='ocr_line' id='line_1_52' title="bbox 323 3822 1392 3881; baseline 0.009 -15"><span class='ocrx_word' id='word_1_267' title='bbox 323 3827 543 3881; x_wconf 70' lang='lat' dir='ltr'>nostrae,</span> <span class='ocrx_word' id='word_1_268' title='bbox 590 3829 655 3871; x_wconf 89' lang='lat' dir='ltr'>ut</span> <span class='ocrx_word' id='word_1_269' title='bbox 694 3835 808 3873; x_wconf 84' lang='lat' dir='ltr'>rem</span> <span class='ocrx_word' id='word_1_270' title='bbox 854 3822 1042 3875; x_wconf 91' lang='lat' dir='ltr'>utilem</span> <span class='ocrx_word' id='word_1_271' title='bbox 1072 3839 1184 3875; x_wconf 90' lang='lat' dir='ltr'>non</span> <span class='ocrx_word' id='word_1_272' title='bbox 1215 3824 1392 3876; x_wconf 91' lang='lat' dir='ltr'>solum</span> 
     </span>
    </p>
   </div>
   <div class='ocr_carea' id='block_1_9' title="bbox 1482 391 2565 1455">
    <p class='ocr_par' dir='ltr' id='par_1_9' title="bbox 1482 391 2565 1455">
     <span class='ocr_line' id='line_1_53' title="bbox 1487 391 2552 453; baseline -0.003 -9"><span class='ocrx_word' id='word_1_273' title='bbox 1487 394 1792 445; x_wconf 89' lang='lat' dir='ltr'>instrueret.</span> <span class='ocrx_word' id='word_1_274' title='bbox 1838 393 2027 453; x_wconf 88' lang='lat' dir='ltr'>Qualis</span> <span class='ocrx_word' id='word_1_275' title='bbox 2066 403 2243 444; x_wconf 88' lang='lat' dir='ltr'>autem</span> <span class='ocrx_word' id='word_1_276' title='bbox 2282 391 2552 442; x_wconf 80' lang='lat' dir='ltr'>Christia-</span> 
     </span>
     <span class='ocr_line' id='line_1_54' title="bbox 1489 464 2551 526; baseline -0.004 -10"><span class='ocrx_word' id='word_1_277' title='bbox 1489 481 1593 516; x_wconf 90' lang='lat' dir='ltr'>nus</span> <span class='ocrx_word' id='word_1_278' title='bbox 1638 481 1727 526; x_wconf 74' lang='lat' dir='ltr'>eS,</span> <span class='ocrx_word' id='word_1_279' title='bbox 1768 482 1893 516; x_wconf 89' lang='lat' dir='ltr'>cum</span> <span class='ocrx_word' id='word_1_280' title='bbox 1921 465 2135 517; x_wconf 83' lang='lat' dir='ltr'>Christo</span> <span class='ocrx_word' id='word_1_281' title='bbox 2170 464 2467 524; x_wconf 65' lang='lat' dir='ltr'>esuriente,</span> <span class='ocrx_word' id='word_1_282' title='bbox 2490 472 2551 512; x_wconf 86' lang='lat' dir='ltr'>tu</span> 
     </span>
     <span class='ocr_line' id='line_1_55' title="bbox 1485 534 2551 603; baseline -0.004 -16"><span class='ocrx_word' id='word_1_283' title='bbox 1485 536 1751 587; x_wconf 79' lang='lat' dir='ltr'>reficeris?</span> <span class='ocrx_word' id='word_1_284' title='bbox 1792 537 1884 586; x_wconf 90' lang='lat' dir='ltr'>Ille</span> <span class='ocrx_word' id='word_1_285' title='bbox 1918 552 2015 603; x_wconf 89' lang='lat' dir='ltr'>pro</span> <span class='ocrx_word' id='word_1_286' title='bbox 2042 537 2212 586; x_wconf 87' lang='lat' dir='ltr'>salute</span> <span class='ocrx_word' id='word_1_287' title='bbox 2233 545 2324 586; x_wconf 89' lang='lat' dir='ltr'>tua</span> <span class='ocrx_word' id='word_1_288' title='bbox 2351 534 2551 584; x_wconf 82' lang='lat' dir='ltr'>famem</span> 
     </span>
     <span class='ocr_line' id='line_1_56' title="bbox 1488 606 2559 673; baseline -0.003 -15"><span class='ocrx_word' id='word_1_289' title='bbox 1488 608 1737 669; x_wconf 87' lang='lat' dir='ltr'>sustinet,</span> <span class='ocrx_word' id='word_1_290' title='bbox 1755 617 1815 657; x_wconf 92' lang='lat' dir='ltr'>tu</span> <span class='ocrx_word' id='word_1_291' title='bbox 1832 623 1930 673; x_wconf 89' lang='lat' dir='ltr'>pro</span> <span class='ocrx_word' id='word_1_292' title='bbox 1953 607 2175 673; x_wconf 89' lang='lat' dir='ltr'>peccatis</span> <span class='ocrx_word' id='word_1_293' title='bbox 2192 607 2303 657; x_wconf 86' lang='lat' dir='ltr'>tuis</span> <span class='ocrx_word' id='word_1_294' title='bbox 2319 606 2559 671; x_wconf 79' lang='lat' dir='ltr'>jejunare</span> 
     </span>
     <span class='ocr_line' id='line_1_57' title="bbox 1488 677 2561 732; baseline -0.004 0"><span class='ocrx_word' id='word_1_295' title='bbox 1488 680 1783 732; x_wconf 79' lang='lat' dir='ltr'>formidas?</span> <span class='ocrx_word' id='word_1_296' title='bbox 1834 699 1863 729; x_wconf 64' lang='lat'>³&gt;</span> <span class='ocrx_word' id='word_1_297' title='bbox 1902 681 1971 730; x_wconf 91' lang='lat' dir='ltr'>Et</span> <span class='ocrx_word' id='word_1_298' title='bbox 2047 680 2243 730; x_wconf 79' lang='lat' dir='ltr'>iterum</span> <span class='ocrx_word' id='word_1_299' title='bbox 2278 695 2294 729; x_wconf 72' lang='grc' dir='ltr'>ι</span> <span class='ocrx_word' id='word_1_300' title='bbox 2328 696 2356 725; x_wconf 85' lang='lat'>«</span> <span class='ocrx_word' id='word_1_301' title='bbox 2405 677 2561 729; x_wconf 91' lang='lat' dir='ltr'>Nihil</span> 
     </span>
     <span class='ocr_line' id='line_1_58' title="bbox 1485 748 2561 817; baseline -0.004 -15"><span class='ocrx_word' id='word_1_302' title='bbox 1485 762 1595 802; x_wconf 88' lang='lat' dir='ltr'>tam</span> <span class='ocrx_word' id='word_1_303' title='bbox 1611 767 1807 804; x_wconf 87' lang='lat' dir='ltr'>caecum</span> <span class='ocrx_word' id='word_1_304' title='bbox 1829 766 1991 817; x_wconf 88' lang='lat' dir='ltr'>quam</span> <span class='ocrx_word' id='word_1_305' title='bbox 2010 748 2561 801; x_wconf 75' lang='lat' dir='ltr'>secularissuavitatis</span> 
     </span>
     <span class='ocr_line' id='line_1_59' title="bbox 1485 821 2558 892; baseline -0.005 -16"><span class='ocrx_word' id='word_1_306' title='bbox 1485 825 1784 892; x_wconf 87' lang='lat' dir='ltr'>periculum</span> <span class='ocrx_word' id='word_1_307' title='bbox 1817 841 1830 873; x_wconf 71' lang='grc' dir='ltr'><strong><em>ε</em></strong></span> <span class='ocrx_word' id='word_1_308' title='bbox 1863 839 1984 891; x_wconf 85' lang='lat' dir='ltr'>quae</span> <span class='ocrx_word' id='word_1_309' title='bbox 2025 824 2157 874; x_wconf 92' lang='lat' dir='ltr'>dum</span> <span class='ocrx_word' id='word_1_310' title='bbox 2196 823 2393 873; x_wconf 87' lang='lat' dir='ltr'>mulcet</span> <span class='ocrx_word' id='word_1_311' title='bbox 2436 821 2558 872; x_wconf 89' lang='lat' dir='ltr'>ani-</span> 
     </span>
     <span class='ocr_line' id='line_1_60' title="bbox 1487 897 2558 961; baseline -0.003 -12"><span class='ocrx_word' id='word_1_312' title='bbox 1487 899 1840 959; x_wconf 86' lang='lat' dir='ltr'>mum,vitam</span> <span class='ocrx_word' id='word_1_313' title='bbox 1856 897 2055 961; x_wconf 88' lang='lat' dir='ltr'>obruit,</span> <span class='ocrx_word' id='word_1_314' title='bbox 2072 907 2125 948; x_wconf 87' lang='lat' dir='ltr'>et</span> <span class='ocrx_word' id='word_1_315' title='bbox 2152 911 2374 947; x_wconf 84' lang='lat' dir='ltr'>sensum</span> <span class='ocrx_word' id='word_1_316' title='bbox 2399 911 2558 946; x_wconf 89' lang='lat' dir='ltr'>men-</span> 
     </span>
     <span class='ocr_line' id='line_1_61' title="bbox 1486 966 2559 1034; baseline -0.004 -14"><span class='ocrx_word' id='word_1_317' title='bbox 1486 970 1557 1020; x_wconf 88' lang='lat' dir='ltr'>tis</span> <span class='ocrx_word' id='word_1_318' title='bbox 1598 968 1794 1020; x_wconf 89' lang='lat' dir='ltr'>illudit.</span> <span class='ocrx_word' id='word_1_319' title='bbox 1840 969 2032 1018; x_wconf 90' lang='lat' dir='ltr'>Merito</span> <span class='ocrx_word' id='word_1_320' title='bbox 2075 967 2241 1034; x_wconf 86' lang='lat' dir='ltr'>igitur</span> <span class='ocrx_word' id='word_1_321' title='bbox 2290 966 2559 1017; x_wconf 87' lang='lat' dir='ltr'>Dominus</span> 
     </span>
     <span class='ocr_line' id='line_1_62' title="bbox 1488 1039 2559 1106; baseline -0.004 -13"><span class='ocrx_word' id='word_1_322' title='bbox 1488 1052 1670 1093; x_wconf 86' lang='lat' dir='ltr'>noster</span> <span class='ocrx_word' id='word_1_323' title='bbox 1714 1043 1868 1092; x_wconf 85' lang='lat' dir='ltr'>Jesus</span> <span class='ocrx_word' id='word_1_324' title='bbox 1909 1039 2174 1101; x_wconf 88' lang='lat' dir='ltr'>Christus,</span> <span class='ocrx_word' id='word_1_325' title='bbox 2203 1041 2407 1106; x_wconf 84' lang='lat' dir='ltr'>jejunio</span> <span class='ocrx_word' id='word_1_326' title='bbox 2437 1050 2559 1090; x_wconf 63' lang='lat' dir='ltr'>‘suo</span> 
     </span>
     <span class='ocr_line' id='line_1_63' title="bbox 1482 1115 2558 1183; baseline -0.004 -15"><span class='ocrx_word' id='word_1_327' title='bbox 1482 1127 1645 1183; x_wconf 81' lang='lat' dir='ltr'>atque</span> <span class='ocrx_word' id='word_1_328' title='bbox 1680 1117 1891 1166; x_wconf 88' lang='lat' dir='ltr'>deserto</span> <span class='ocrx_word' id='word_1_329' title='bbox 1930 1115 2183 1165; x_wconf 85' lang='lat' dir='ltr'>adversus</span> <span class='ocrx_word' id='word_1_330' title='bbox 2216 1116 2558 1180; x_wconf 85' lang='lat' dir='ltr'>voluptatum</span> 
     </span>
     <span class='ocr_line' id='line_1_64' title="bbox 1483 1183 2560 1248; baseline -0.004 -7"><span class='ocrx_word' id='word_1_331' title='bbox 1483 1190 1739 1241; x_wconf 83' lang='lat' dir='ltr'>informat</span> <span class='ocrx_word' id='word_1_332' title='bbox 1779 1189 2085 1248; x_wconf 88' lang='lat' dir='ltr'>illecebras,</span> <span class='ocrx_word' id='word_1_333' title='bbox 2132 1198 2184 1238; x_wconf 91' lang='lat' dir='ltr'>et</span> <span class='ocrx_word' id='word_1_334' title='bbox 2211 1183 2406 1238; x_wconf 70' lang='lat' dir='ltr'>tefftari</span> <span class='ocrx_word' id='word_1_335' title='bbox 2441 1201 2500 1237; x_wconf 91' lang='lat' dir='ltr'>se</span> <span class='ocrx_word' id='word_1_336' title='bbox 2528 1202 2560 1236; x_wconf 91' lang='lat' dir='ltr'>a</span> 
     </span>
     <span class='ocr_line' id='line_1_65' title="bbox 1485 1257 2561 1324; baseline -0.004 -13"><span class='ocrx_word' id='word_1_337' title='bbox 1485 1262 1699 1311; x_wconf 91' lang='lat' dir='ltr'>diabolo</span> <span class='ocrx_word' id='word_1_338' title='bbox 1743 1259 2013 1310; x_wconf 87' lang='lat' dir='ltr'>Dominus</span> <span class='ocrx_word' id='word_1_339' title='bbox 2048 1259 2295 1309; x_wconf 84' lang='lat' dir='ltr'>omnium</span> <span class='ocrx_word' id='word_1_340' title='bbox 2340 1257 2561 1324; x_wconf 82' lang='lat' dir='ltr'>patitur,</span> 
     </span>
     <span class='ocr_line' id='line_1_66' title="bbox 1486 1330 2565 1397; baseline -0.005 -12"><span class='ocrx_word' id='word_1_341' title='bbox 1486 1344 1547 1385; x_wconf 88' lang='lat' dir='ltr'>ut</span> <span class='ocrx_word' id='word_1_342' title='bbox 1582 1334 1638 1383; x_wconf 84' lang='lat' dir='ltr'>in</span> <span class='ocrx_word' id='word_1_343' title='bbox 1677 1332 1771 1383; x_wconf 93' lang='lat' dir='ltr'>illo</span> <span class='ocrx_word' id='word_1_344' title='bbox 1801 1346 1990 1382; x_wconf 86' lang='lat' dir='ltr'>omnes</span> <span class='ocrx_word' id='word_1_345' title='bbox 2021 1333 2321 1397; x_wconf 88' lang='lat' dir='ltr'>voluptates</span> <span class='ocrx_word' id='word_1_346' title='bbox 2348 1330 2565 1380; x_wconf 78' lang='lat' dir='ltr'>vincere</span> 
     </span>
     <span class='ocr_line' id='line_1_67' title="bbox 1486 1401 2565 1455; baseline -0.005 0"><span class='ocrx_word' id='word_1_347' title='bbox 1486 1405 1818 1455; x_wconf 88' lang='lat' dir='ltr'>disceremus</span> <span class='ocrx_word' id='word_1_348' title='bbox 1847 1420 1863 1452; x_wconf 85' lang='grc'>;</span> <span class='ocrx_word' id='word_1_349' title='bbox 1888 1423 1915 1451; x_wconf 83' lang='lat'>»</span> <span class='ocrx_word' id='word_1_350' title='bbox 1949 1403 2065 1453; x_wconf 84' lang='lat' dir='ltr'>haec</span> <span class='ocrx_word' id='word_1_351' title='bbox 2106 1402 2443 1454; x_wconf 74' lang='lat' dir='ltr'>Ambrosius,</span> <span class='ocrx_word' id='word_1_352' title='bbox 2492 1401 2565 1451; x_wconf 92' lang='lat' dir='ltr'>Et</span> 
     </span>
    </p>
   </div>
   <div class='ocr_carea' id='block_1_10' title="bbox 1469 1473 2566 1541">
    <p class='ocr_par' dir='ltr' id='par_1_10' title="bbox 1469 1473 2566 1541">
     <span class='ocr_line' id='line_1_68' title="bbox 1469 1473 2566 1541; baseline -0.004 -15"><span class='ocrx_word' id='word_1_353' title='bbox 1469 1475 1767 1526; x_wconf 76' lang='lat' dir='ltr'>sciendum</span> <span class='ocrx_word' id='word_1_354' title='bbox 1827 1474 1975 1541; x_wconf 89' lang='lat' dir='ltr'>quod</span> <span class='ocrx_word' id='word_1_355' title='bbox 2026 1473 2298 1534; x_wconf 88' lang='lat' dir='ltr'>Christus,</span> <span class='ocrx_word' id='word_1_356' title='bbox 2346 1482 2566 1539; x_wconf 87' lang='lat' dir='ltr'>propter</span> 
     </span>
    </p>
   </div>
   <div class='ocr_carea' id='block_1_11' title="bbox 1486 1547 2562 1607">
    <p class='ocr_par' dir='ltr' id='par_1_11' title="bbox 1486 1547 2562 1607">
     <span class='ocr_line' id='line_1_69' title="bbox 1486 1547 2562 1607; baseline -0.003 -9"><span class='ocrx_word' id='word_1_357' title='bbox 1486 1547 1827 1598; x_wconf 87' lang='lat' dir='ltr'>infirmitates</span> <span class='ocrx_word' id='word_1_358' title='bbox 1857 1555 2085 1607; x_wconf 86' lang='lat' dir='ltr'>nostras,</span> <span class='ocrx_word' id='word_1_359' title='bbox 2126 1556 2187 1596; x_wconf 90' lang='lat' dir='ltr'>ut</span> <span class='ocrx_word' id='word_1_360' title='bbox 2213 1561 2303 1596; x_wconf 85' lang='lat' dir='ltr'>eas</span> <span class='ocrx_word' id='word_1_361' title='bbox 2337 1554 2562 1603; x_wconf 81' lang='lat' dir='ltr'>curaret,</span> 
     </span>
    </p>
   </div>
   <div class='ocr_carea' id='block_1_12' title="bbox 1475 1612 2565 1682">
    <p class='ocr_par' dir='ltr' id='par_1_12' title="bbox 1475 1612 2565 1682">
     <span class='ocr_line' id='line_1_70' title="bbox 1475 1612 2565 1682; baseline -0.005 -12"><span class='ocrx_word' id='word_1_362' title='bbox 1475 1612 1725 1670; x_wconf 77' lang='lat' dir='ltr'>&#39;diversas</span> <span class='ocrx_word' id='word_1_363' title='bbox 1772 1619 1830 1669; x_wconf 90' lang='lat' dir='ltr'>in</span> <span class='ocrx_word' id='word_1_364' title='bbox 1879 1633 1940 1669; x_wconf 81' lang='lat' dir='ltr'>se</span> <span class='ocrx_word' id='word_1_365' title='bbox 2000 1618 2297 1668; x_wconf 89' lang='lat' dir='ltr'>medicinas</span> <span class='ocrx_word' id='word_1_366' title='bbox 2336 1615 2565 1682; x_wconf 72' lang='lat' dir='ltr'>accepit.</span> 
     </span>
    </p>
   </div>
   <div class='ocr_carea' id='block_1_13' title="bbox 1490 1689 2564 1756">
    <p class='ocr_par' dir='ltr' id='par_1_13' title="bbox 1490 1689 2564 1756">
     <span class='ocr_line' id='line_1_71' title="bbox 1490 1689 2564 1756; baseline -0.005 -13"><span class='ocrx_word' id='word_1_367' title='bbox 1490 1692 1707 1744; x_wconf 89' lang='lat' dir='ltr'>Curavit</span> <span class='ocrx_word' id='word_1_368' title='bbox 1747 1706 1853 1741; x_wconf 90' lang='lat' dir='ltr'>nos</span> <span class='ocrx_word' id='word_1_369' title='bbox 1893 1706 1908 1740; x_wconf 77' lang='grc' dir='ltr'><strong><em>ε</em></strong></span> <span class='ocrx_word' id='word_1_370' title='bbox 1955 1706 2049 1755; x_wconf 88' lang='lat' dir='ltr'>per</span> <span class='ocrx_word' id='word_1_371' title='bbox 2089 1689 2312 1751; x_wconf 85' lang='lat' dir='ltr'>dietam,</span> <span class='ocrx_word' id='word_1_372' title='bbox 2342 1689 2564 1756; x_wconf 86' lang='lat' dir='ltr'>quando</span> 
     </span>
    </p>
   </div>
   <div class='ocr_carea' id='block_1_14' title="bbox 1488 1760 2568 1828">
    <p class='ocr_par' dir='ltr' id='par_1_14' title="bbox 1488 1760 2568 1828">
     <span class='ocr_line' id='line_1_72' title="bbox 1488 1760 2568 1828; baseline -0.003 -16"><span class='ocrx_word' id='word_1_373' title='bbox 1488 1761 1761 1828; x_wconf 80' lang='lat' dir='ltr'>jejunavit,</span> <span class='ocrx_word' id='word_1_374' title='bbox 1787 1761 2158 1827; x_wconf 80' lang='lat' dir='ltr'>quadraginta</span> <span class='ocrx_word' id='word_1_375' title='bbox 2183 1760 2374 1812; x_wconf 81' lang='lat' dir='ltr'>diebus</span> <span class='ocrx_word' id='word_1_376' title='bbox 2393 1766 2450 1810; x_wconf 84' lang='lat' dir='ltr'>et</span> <span class='ocrx_word' id='word_1_377' title='bbox 2476 1771 2568 1810; x_wconf 79' lang='lat' dir='ltr'>no·</span> 
     </span>
    </p>
   </div>
   <div class='ocr_carea' id='block_1_15' title="bbox 1471 1831 2562 1898">
    <p class='ocr_par' dir='ltr' id='par_1_15' title="bbox 1471 1831 2562 1898">
     <span class='ocr_line' id='line_1_73' title="bbox 1471 1831 2562 1898; baseline -0.004 -15"><span class='ocrx_word' id='word_1_378' title='bbox 1471 1832 1694 1894; x_wconf 8' lang='lat' dir='ltr'>actibus-3</span> <span class='ocrx_word' id='word_1_379' title='bbox 1747 1847 1844 1898; x_wconf 92' lang='lat' dir='ltr'>per</span> <span class='ocrx_word' id='word_1_380' title='bbox 1897 1832 2280 1895; x_wconf 87' lang='lat' dir='ltr'>electuarium,</span> <span class='ocrx_word' id='word_1_381' title='bbox 2335 1831 2562 1896; x_wconf 85' lang='lat' dir='ltr'>quando</span> 
     </span>
    </p>
   </div>
   <div class='ocr_carea' id='block_1_16' title="bbox 1489 1900 2635 3893">
    <p class='ocr_par' dir='ltr' id='par_1_16' title="bbox 1489 1900 2569 2592">
     <span class='ocr_line' id='line_1_74' title="bbox 1490 1900 2565 1970; baseline -0.004 -14"><span class='ocrx_word' id='word_1_382' title='bbox 1490 1906 1701 1970; x_wconf 89' lang='lat' dir='ltr'>Corpus</span> <span class='ocrx_word' id='word_1_383' title='bbox 1742 1913 1794 1954; x_wconf 91' lang='lat' dir='ltr'>et</span> <span class='ocrx_word' id='word_1_384' title='bbox 1844 1904 2177 1970; x_wconf 87' lang='lat' dir='ltr'>Sanguinem</span> <span class='ocrx_word' id='word_1_385' title='bbox 2220 1919 2383 1954; x_wconf 86' lang='lat' dir='ltr'>suum</span> <span class='ocrx_word' id='word_1_386' title='bbox 2413 1900 2565 1953; x_wconf 87' lang='lat' dir='ltr'>dedit</span> 
     </span>
     <span class='ocr_line' id='line_1_75' title="bbox 1489 1973 2569 2040; baseline -0.002 -15"><span class='ocrx_word' id='word_1_387' title='bbox 1489 1977 1550 2026; x_wconf 86' lang='lat' dir='ltr'>in</span> <span class='ocrx_word' id='word_1_388' title='bbox 1580 1991 1729 2026; x_wconf 82' lang='lat' dir='ltr'>coena</span> <span class='ocrx_word' id='word_1_389' title='bbox 1756 1974 2035 2040; x_wconf 89' lang='lat' dir='ltr'>discipulis</span> <span class='ocrx_word' id='word_1_390' title='bbox 2078 1974 2221 2038; x_wconf 90' lang='lat' dir='ltr'>suis;</span> <span class='ocrx_word' id='word_1_391' title='bbox 2268 1989 2365 2040; x_wconf 88' lang='lat' dir='ltr'>per</span> <span class='ocrx_word' id='word_1_392' title='bbox 2400 1973 2569 2024; x_wconf 51' lang='lat' dir='ltr'>sudo*-</span> 
     </span>
     <span class='ocr_line' id='line_1_76' title="bbox 1491 2043 2569 2113; baseline -0.004 -15"><span class='ocrx_word' id='word_1_393' title='bbox 1491 2063 1625 2108; x_wconf 90' lang='lat' dir='ltr'>rem,</span> <span class='ocrx_word' id='word_1_394' title='bbox 1655 2047 1875 2113; x_wconf 89' lang='lat' dir='ltr'>quando</span> <span class='ocrx_word' id='word_1_395' title='bbox 1902 2046 2096 2111; x_wconf 81' lang='lat' dir='ltr'>sactus</span> <span class='ocrx_word' id='word_1_396' title='bbox 2134 2053 2216 2097; x_wconf 80' lang='lat' dir='ltr'>est</span> <span class='ocrx_word' id='word_1_397' title='bbox 2258 2046 2426 2096; x_wconf 75' lang='lat' dir='ltr'>sudor</span> <span class='ocrx_word' id='word_1_398' title='bbox 2451 2043 2569 2111; x_wconf 80' lang='lat' dir='ltr'>ejus</span> 
     </span>
     <span class='ocr_line' id='line_1_77' title="bbox 1492 2114 2569 2184; baseline -0.003 -16"><span class='ocrx_word' id='word_1_399' title='bbox 1492 2119 1633 2170; x_wconf 82' lang='lat' dir='ltr'>sicut</span> <span class='ocrx_word' id='word_1_400' title='bbox 1678 2124 1851 2184; x_wconf 68' lang='lat' dir='ltr'>guttae</span> <span class='ocrx_word' id='word_1_401' title='bbox 1900 2117 2189 2184; x_wconf 80' lang='lat' dir='ltr'>sanguinis</span> <span class='ocrx_word' id='word_1_402' title='bbox 2232 2114 2569 2167; x_wconf 76' lang='lat' dir='ltr'>decurrentis</span> 
     </span>
     <span class='ocr_line' id='line_1_78' title="bbox 1493 2185 2567 2254; baseline -0.002 -15"><span class='ocrx_word' id='word_1_403' title='bbox 1493 2188 1547 2240; x_wconf 82' lang='lat' dir='ltr'>in</span> <span class='ocrx_word' id='word_1_404' title='bbox 1574 2195 1773 2240; x_wconf 83' lang='lat' dir='ltr'>terram</span> <span class='ocrx_word' id='word_1_405' title='bbox 1784 2204 1806 2251; x_wconf 90' lang='lat'><em>;</em></span> <span class='ocrx_word' id='word_1_406' title='bbox 1838 2203 1933 2254; x_wconf 86' lang='lat' dir='ltr'>per</span> <span class='ocrx_word' id='word_1_407' title='bbox 1957 2188 2323 2254; x_wconf 88' lang='lat' dir='ltr'>emplastrum,</span> <span class='ocrx_word' id='word_1_408' title='bbox 2348 2185 2567 2254; x_wconf 77' lang='lat' dir='ltr'>quando</span> 
     </span>
     <span class='ocr_line' id='line_1_79' title="bbox 1492 2257 2567 2324; baseline -0.002 -15"><span class='ocrx_word' id='word_1_409' title='bbox 1492 2258 1652 2309; x_wconf 83' lang='lat' dir='ltr'>facies</span> <span class='ocrx_word' id='word_1_410' title='bbox 1707 2260 1823 2323; x_wconf 88' lang='lat' dir='ltr'>ejus</span> <span class='ocrx_word' id='word_1_411' title='bbox 1874 2269 2031 2324; x_wconf 91' lang='lat' dir='ltr'>sputo</span> <span class='ocrx_word' id='word_1_412' title='bbox 2090 2259 2223 2309; x_wconf 85' lang='lat' dir='ltr'>illita</span> <span class='ocrx_word' id='word_1_413' title='bbox 2278 2257 2411 2321; x_wconf 89' lang='lat' dir='ltr'>fuit;</span> <span class='ocrx_word' id='word_1_414' title='bbox 2470 2270 2567 2323; x_wconf 86' lang='lat' dir='ltr'>per</span> 
     </span>
     <span class='ocr_line' id='line_1_80' title="bbox 1494 2328 2561 2396; baseline -0.003 -16"><span class='ocrx_word' id='word_1_415' title='bbox 1494 2331 1767 2396; x_wconf 87' lang='lat' dir='ltr'>potionem</span> <span class='ocrx_word' id='word_1_416' title='bbox 1790 2368 1804 2389; x_wconf 91' lang='lat'>,</span> <span class='ocrx_word' id='word_1_417' title='bbox 1843 2331 2058 2395; x_wconf 90' lang='lat' dir='ltr'>quando</span> <span class='ocrx_word' id='word_1_418' title='bbox 2093 2328 2325 2395; x_wconf 87' lang='lat' dir='ltr'>gustavit</span> <span class='ocrx_word' id='word_1_419' title='bbox 2351 2337 2561 2378; x_wconf 83' lang='lat' dir='ltr'>acetum</span> 
     </span>
     <span class='ocr_line' id='line_1_81' title="bbox 1494 2397 2562 2465; baseline -0.004 -15"><span class='ocrx_word' id='word_1_420' title='bbox 1494 2400 1619 2450; x_wconf 85' lang='lat' dir='ltr'>felle</span> <span class='ocrx_word' id='word_1_421' title='bbox 1670 2399 1940 2462; x_wconf 81' lang='lat' dir='ltr'>mixtum3</span> <span class='ocrx_word' id='word_1_422' title='bbox 2008 2415 2104 2465; x_wconf 88' lang='lat' dir='ltr'>per</span> <span class='ocrx_word' id='word_1_423' title='bbox 2164 2397 2527 2449; x_wconf 86' lang='lat' dir='ltr'>minutionem</span> <span class='ocrx_word' id='word_1_424' title='bbox 2549 2435 2562 2457; x_wconf 94' lang='lat'>,</span> 
     </span>
     <span class='ocr_line' id='line_1_82' title="bbox 1498 2469 2567 2537; baseline -0.001 -16"><span class='ocrx_word' id='word_1_425' title='bbox 1498 2471 1719 2537; x_wconf 90' lang='lat' dir='ltr'>quando</span> <span class='ocrx_word' id='word_1_426' title='bbox 1755 2470 1917 2521; x_wconf 88' lang='lat' dir='ltr'>clavis</span> <span class='ocrx_word' id='word_1_427' title='bbox 1961 2481 2012 2521; x_wconf 92' lang='lat' dir='ltr'>et</span> <span class='ocrx_word' id='word_1_428' title='bbox 2049 2472 2230 2521; x_wconf 86' lang='lat' dir='ltr'>lancea</span> <span class='ocrx_word' id='word_1_429' title='bbox 2255 2469 2567 2520; x_wconf 82' lang='lat' dir='ltr'>vulneratus</span> 
     </span>
     <span class='ocr_line' id='line_1_83' title="bbox 1492 2551 1592 2592; baseline -0.01 0"><span class='ocrx_word' id='word_1_430' title='bbox 1492 2551 1592 2592; x_wconf 80' lang='lat' dir='ltr'>est.</span> 
     </span>
    </p>

    <p class='ocr_par' dir='ltr' id='par_1_17' title="bbox 1492 2612 2635 3893">
     <span class='ocr_line' id='line_1_84' title="bbox 1567 2612 2570 2672; baseline 0.003 -10"><span class='ocrx_word' id='word_1_431' title='bbox 1567 2612 1596 2663; x_wconf 87' lang='grc'>5</span> <span class='ocrx_word' id='word_1_432' title='bbox 1635 2612 1902 2672; x_wconf 69' lang='lat' dir='ltr'>Quuuox</span> <span class='ocrx_word' id='word_1_433' title='bbox 1937 2629 2004 2663; x_wconf 77' lang='lat' dir='ltr'>An</span> <span class='ocrx_word' id='word_1_434' title='bbox 2051 2627 2236 2663; x_wconf 78' lang='lat' dir='ltr'>conms</span> <span class='ocrx_word' id='word_1_435' title='bbox 2265 2627 2570 2664; x_wconf 60' lang='lat' dir='ltr'>rounam</span> 
     </span>
     <span class='ocr_line' id='line_1_85' title="bbox 1493 2684 2563 2736; baseline -0.001 0"><span class='ocrx_word' id='word_1_436' title='bbox 1493 2700 1835 2736; x_wconf 68' lang='lat' dir='ltr'>moneam-m.</span> <span class='ocrx_word' id='word_1_437' title='bbox 1868 2713 1928 2722; x_wconf 91' lang='lat'>-</span> <span class='ocrx_word' id='word_1_438' title='bbox 1953 2684 2243 2736; x_wconf 90' lang='lat' dir='ltr'>Considera</span> <span class='ocrx_word' id='word_1_439' title='bbox 2276 2686 2368 2736; x_wconf 90' lang='lat' dir='ltr'>hic</span> <span class='ocrx_word' id='word_1_440' title='bbox 2397 2695 2450 2735; x_wconf 89' lang='lat' dir='ltr'>et</span> <span class='ocrx_word' id='word_1_441' title='bbox 2476 2695 2563 2735; x_wconf 85' lang='lat' dir='ltr'>at-</span> 
     </span>
     <span class='ocr_line' id='line_1_86' title="bbox 1492 2755 2567 2822; baseline -0.001 -15"><span class='ocrx_word' id='word_1_442' title='bbox 1492 2765 1637 2807; x_wconf 89' lang='lat' dir='ltr'>tente</span> <span class='ocrx_word' id='word_1_443' title='bbox 1660 2755 1873 2821; x_wconf 84' lang='lat' dir='ltr'>inspice</span> <span class='ocrx_word' id='word_1_444' title='bbox 1896 2755 2195 2806; x_wconf 86' lang='lat' dir='ltr'>Dominum</span> <span class='ocrx_word' id='word_1_445' title='bbox 2214 2757 2419 2815; x_wconf 84' lang='lat' dir='ltr'>Jesum,</span> <span class='ocrx_word' id='word_1_446' title='bbox 2449 2757 2567 2822; x_wconf 88' lang='lat' dir='ltr'>plu-</span> 
     </span>
     <span class='ocr_line' id='line_1_87' title="bbox 1493 2827 2568 2879; baseline -0.002 0"><span class='ocrx_word' id='word_1_447' title='bbox 1493 2828 1641 2879; x_wconf 88' lang='lat' dir='ltr'>rium</span> <span class='ocrx_word' id='word_1_448' title='bbox 1671 2827 1819 2877; x_wconf 89' lang='lat' dir='ltr'>enim</span> <span class='ocrx_word' id='word_1_449' title='bbox 1848 2828 2113 2878; x_wconf 87' lang='lat' dir='ltr'>virtutum</span> <span class='ocrx_word' id='word_1_450' title='bbox 2155 2828 2254 2878; x_wconf 92' lang='lat' dir='ltr'>tibi</span> <span class='ocrx_word' id='word_1_451' title='bbox 2301 2837 2568 2879; x_wconf 85' lang='lat' dir='ltr'>monstrat</span> 
     </span>
     <span class='ocr_line' id='line_1_88' title="bbox 1493 2898 2569 2964; baseline -0.003 -14"><span class='ocrx_word' id='word_1_452' title='bbox 1493 2899 1821 2964; x_wconf 84' lang='lat' dir='ltr'>exemplum.</span> <span class='ocrx_word' id='word_1_453' title='bbox 1861 2900 1998 2948; x_wconf 90' lang='lat' dir='ltr'>Nam</span> <span class='ocrx_word' id='word_1_454' title='bbox 2036 2898 2180 2949; x_wconf 89' lang='lat' dir='ltr'>vadit</span> <span class='ocrx_word' id='word_1_455' title='bbox 2225 2898 2283 2949; x_wconf 85' lang='lat' dir='ltr'>in</span> <span class='ocrx_word' id='word_1_456' title='bbox 2326 2898 2569 2949; x_wconf 88' lang='lat' dir='ltr'>solitudi-</span> 
     </span>
     <span class='ocr_line' id='line_1_89' title="bbox 1496 2968 2565 3035; baseline -0.001 -16"><span class='ocrx_word' id='word_1_457' title='bbox 1496 2984 1649 3034; x_wconf 89' lang='lat' dir='ltr'>nem,</span> <span class='ocrx_word' id='word_1_458' title='bbox 1690 2970 1909 3035; x_wconf 84' lang='lat' dir='ltr'>jejunat‚</span> <span class='ocrx_word' id='word_1_459' title='bbox 1943 2978 2097 3027; x_wconf 78' lang='lat' dir='ltr'>orat,</span> <span class='ocrx_word' id='word_1_460' title='bbox 2140 2977 2193 3019; x_wconf 88' lang='lat' dir='ltr'>et</span> <span class='ocrx_word' id='word_1_461' title='bbox 2234 2968 2450 3034; x_wconf 89' lang='lat' dir='ltr'>vigilat,</span> <span class='ocrx_word' id='word_1_462' title='bbox 2509 2968 2565 3018; x_wconf 91' lang='lat' dir='ltr'>in</span> 
     </span>
     <span class='ocr_line' id='line_1_90' title="bbox 1493 3038 2566 3105; baseline -0.002 -16"><span class='ocrx_word' id='word_1_463' title='bbox 1493 3049 1633 3091; x_wconf 89' lang='lat' dir='ltr'>terra</span> <span class='ocrx_word' id='word_1_464' title='bbox 1685 3041 1828 3089; x_wconf 86' lang='lat' dir='ltr'>nuda</span> <span class='ocrx_word' id='word_1_465' title='bbox 1870 3040 2004 3105; x_wconf 89' lang='lat' dir='ltr'>jacet</span> <span class='ocrx_word' id='word_1_466' title='bbox 2045 3049 2097 3090; x_wconf 86' lang='lat' dir='ltr'>et</span> <span class='ocrx_word' id='word_1_467' title='bbox 2125 3038 2347 3098; x_wconf 88' lang='lat' dir='ltr'>dormit,</span> <span class='ocrx_word' id='word_1_468' title='bbox 2379 3048 2433 3089; x_wconf 82' lang='lat' dir='ltr'>et</span> <span class='ocrx_word' id='word_1_469' title='bbox 2458 3038 2566 3088; x_wconf 92' lang='lat' dir='ltr'>hu-</span> 
     </span>
     <span class='ocr_line' id='line_1_91' title="bbox 1493 3108 2635 3179; baseline -0.002 -19"><span class='ocrx_word' id='word_1_470' title='bbox 1493 3110 1696 3160; x_wconf 81' lang='lat' dir='ltr'>miiiter</span> <span class='ocrx_word' id='word_1_471' title='bbox 1726 3126 1787 3160; x_wconf 81' lang='lat' dir='ltr'>ac</span> <span class='ocrx_word' id='word_1_472' title='bbox 1811 3109 2029 3176; x_wconf 80' lang='lat' dir='ltr'>pacifice</span> <span class='ocrx_word' id='word_1_473' title='bbox 2060 3108 2403 3170; x_wconf 13' lang='lat' dir='ltr'>cumlbestiis</span> <span class='ocrx_word' id='word_1_474' title='bbox 2429 3123 2567 3159; x_wconf 85' lang='lat' dir='ltr'>con-</span> <span class='ocrx_word' id='word_1_475' title='bbox 2627 3169 2635 3179; x_wconf 88' lang='lat'>.</span> 
     </span>
     <span class='ocr_line' id='line_1_92' title="bbox 1493 3179 2568 3247; baseline -0.002 -16"><span class='ocrx_word' id='word_1_476' title='bbox 1493 3190 1752 3231; x_wconf 86' lang='lat' dir='ltr'>versatur.</span> <span class='ocrx_word' id='word_1_477' title='bbox 1824 3181 2140 3247; x_wconf 86' lang='lat' dir='ltr'>Compatere</span> <span class='ocrx_word' id='word_1_478' title='bbox 2187 3180 2362 3245; x_wconf 83' lang='lat' dir='ltr'>igitur</span> <span class='ocrx_word' id='word_1_479' title='bbox 2428 3179 2568 3241; x_wconf 88' lang='lat' dir='ltr'>sibi,</span> 
     </span>
     <span class='ocr_line' id='line_1_93' title="bbox 1494 3254 2573 3321; baseline 0.001 -17"><span class='ocrx_word' id='word_1_480' title='bbox 1494 3254 1622 3320; x_wconf 88' lang='lat' dir='ltr'>quia</span> <span class='ocrx_word' id='word_1_481' title='bbox 1663 3269 1874 3319; x_wconf 90' lang='lat' dir='ltr'>semper</span> <span class='ocrx_word' id='word_1_482' title='bbox 1915 3266 1967 3304; x_wconf 88' lang='lat' dir='ltr'>et</span> <span class='ocrx_word' id='word_1_483' title='bbox 2002 3254 2225 3321; x_wconf 88' lang='lat' dir='ltr'>ubique,</span> <span class='ocrx_word' id='word_1_484' title='bbox 2254 3264 2307 3304; x_wconf 89' lang='lat' dir='ltr'>et</span> <span class='ocrx_word' id='word_1_485' title='bbox 2335 3254 2573 3305; x_wconf 84' lang='lat' dir='ltr'>maxime</span> 
     </span>
     <span class='ocr_line' id='line_1_94' title="bbox 1493 3325 2570 3392; baseline -0.001 -16"><span class='ocrx_word' id='word_1_486' title='bbox 1493 3326 1600 3385; x_wconf 90' lang='lat' dir='ltr'>hic,</span> <span class='ocrx_word' id='word_1_487' title='bbox 1622 3325 1732 3375; x_wconf 88' lang='lat' dir='ltr'>vita</span> <span class='ocrx_word' id='word_1_488' title='bbox 1757 3341 1854 3375; x_wconf 88' lang='lat' dir='ltr'>sua</span> <span class='ocrx_word' id='word_1_489' title='bbox 1873 3342 2094 3391; x_wconf 82' lang='lat' dir='ltr'>poenosa</span> <span class='ocrx_word' id='word_1_490' title='bbox 2120 3336 2219 3386; x_wconf 82' lang='lat' dir='ltr'>est,</span> <span class='ocrx_word' id='word_1_491' title='bbox 2248 3337 2302 3377; x_wconf 88' lang='lat' dir='ltr'>et</span> <span class='ocrx_word' id='word_1_492' title='bbox 2329 3326 2570 3392; x_wconf 89' lang='lat' dir='ltr'>corporis</span> 
     </span>
     <span class='ocr_line' id='line_1_95' title="bbox 1496 3395 2570 3464; baseline -0.001 -18"><span class='ocrx_word' id='word_1_493' title='bbox 1496 3395 1776 3458; x_wconf 82' lang='lat' dir='ltr'>afflictiva3</span> <span class='ocrx_word' id='word_1_494' title='bbox 1842 3410 1903 3445; x_wconf 88' lang='lat' dir='ltr'>ac</span> <span class='ocrx_word' id='word_1_495' title='bbox 1957 3398 2072 3461; x_wconf 85' lang='lat' dir='ltr'>ejus</span> <span class='ocrx_word' id='word_1_496' title='bbox 2132 3398 2375 3464; x_wconf 84' lang='lat' dir='ltr'>exemplo</span> <span class='ocrx_word' id='word_1_497' title='bbox 2422 3396 2570 3446; x_wconf 90' lang='lat' dir='ltr'>disce</span> 
     </span>
     <span class='ocr_line' id='line_1_96' title="bbox 1497 3465 2566 3526; baseline -0.001 -9"><span class='ocrx_word' id='word_1_498' title='bbox 1497 3465 1659 3517; x_wconf 87' lang='lat' dir='ltr'>etiam</span> <span class='ocrx_word' id='word_1_499' title='bbox 1712 3465 1769 3515; x_wconf 88' lang='lat' dir='ltr'>in</span> <span class='ocrx_word' id='word_1_500' title='bbox 1833 3466 1923 3517; x_wconf 89' lang='lat' dir='ltr'>his</span> <span class='ocrx_word' id='word_1_501' title='bbox 1979 3467 2271 3518; x_wconf 79' lang='lat' dir='ltr'>exercitan&#39;.</span> <span class='ocrx_word' id='word_1_502' title='bbox 2323 3467 2566 3526; x_wconf 84' lang='lat' dir='ltr'>Quatuor</span> 
     </span>
     <span class='ocr_line' id='line_1_97' title="bbox 1495 3541 2568 3609; baseline -0.002 -16"><span class='ocrx_word' id='word_1_503' title='bbox 1495 3543 1642 3593; x_wconf 87' lang='lat' dir='ltr'>enim</span> <span class='ocrx_word' id='word_1_504' title='bbox 1670 3541 1763 3592; x_wconf 90' lang='lat' dir='ltr'>hic</span> <span class='ocrx_word' id='word_1_505' title='bbox 1790 3551 2085 3608; x_wconf 89' lang='lat' dir='ltr'>tanguntur</span> <span class='ocrx_word' id='word_1_506' title='bbox 2109 3557 2232 3609; x_wconf 84' lang='lat' dir='ltr'>quae</span> <span class='ocrx_word' id='word_1_507' title='bbox 2270 3541 2568 3607; x_wconf 83' lang='lat' dir='ltr'>spiritualis</span> 
     </span>
     <span class='ocr_line' id='line_1_98' title="bbox 1495 3611 2566 3673; baseline -0.004 -9"><span class='ocrx_word' id='word_1_508' title='bbox 1495 3611 1730 3664; x_wconf 84' lang='lat' dir='ltr'>exercitii</span> <span class='ocrx_word' id='word_1_509' title='bbox 1792 3622 1919 3663; x_wconf 90' lang='lat' dir='ltr'>sunt</span> <span class='ocrx_word' id='word_1_510' title='bbox 1941 3652 1955 3673; x_wconf 92' lang='lat'>,</span> <span class='ocrx_word' id='word_1_511' title='bbox 2019 3624 2072 3663; x_wconf 89' lang='lat' dir='ltr'>et</span> <span class='ocrx_word' id='word_1_512' title='bbox 2126 3612 2444 3663; x_wconf 81' lang='lat' dir='ltr'>mirabiliter</span> <span class='ocrx_word' id='word_1_513' title='bbox 2506 3625 2566 3661; x_wconf 84' lang='lat' dir='ltr'>se</span> 
     </span>
     <span class='ocr_line' id='line_1_99' title="bbox 1496 3681 2567 3749; baseline -0.003 -15"><span class='ocrx_word' id='word_1_514' title='bbox 1496 3683 1725 3734; x_wconf 90' lang='lat' dir='ltr'>invicem</span> <span class='ocrx_word' id='word_1_515' title='bbox 1760 3683 2031 3749; x_wconf 86' lang='lat' dir='ltr'>adjuvant,</span> <span class='ocrx_word' id='word_1_516' title='bbox 2060 3683 2261 3734; x_wconf 89' lang='lat' dir='ltr'>scilicet</span> <span class='ocrx_word' id='word_1_517' title='bbox 2287 3699 2303 3732; x_wconf 87' lang='lat'>:</span> <span class='ocrx_word' id='word_1_518' title='bbox 2329 3681 2567 3732; x_wconf 83' lang='lat' dir='ltr'>solitudo</span> 
     </span>
     <span class='ocr_line' id='line_1_100' title="bbox 1494 3752 2568 3820; baseline -0.002 -15"><span class='ocrx_word' id='word_1_519' title='bbox 1494 3754 1787 3820; x_wconf 75' lang='lat' dir='ltr'>jejunium,</span> <span class='ocrx_word' id='word_1_520' title='bbox 1820 3755 2007 3815; x_wconf 90' lang='lat' dir='ltr'>oratio,</span> <span class='ocrx_word' id='word_1_521' title='bbox 2055 3764 2108 3805; x_wconf 90' lang='lat' dir='ltr'>et</span> <span class='ocrx_word' id='word_1_522' title='bbox 2151 3752 2389 3820; x_wconf 87' lang='lat' dir='ltr'>corporis</span> <span class='ocrx_word' id='word_1_523' title='bbox 2435 3752 2568 3803; x_wconf 85' lang='lat' dir='ltr'>affii-</span> 
     </span>
     <span class='ocr_line' id='line_1_101' title="bbox 1497 3824 2568 3893; baseline -0.002 -16"><span class='ocrx_word' id='word_1_524' title='bbox 1497 3824 1623 3877; x_wconf 81' lang='lat' dir='ltr'>ctiO.</span> <span class='ocrx_word' id='word_1_525' title='bbox 1652 3825 1723 3877; x_wconf 94' lang='lat' dir='ltr'>Et</span> <span class='ocrx_word' id='word_1_526' title='bbox 1749 3841 1843 3893; x_wconf 92' lang='lat' dir='ltr'>per</span> <span class='ocrx_word' id='word_1_527' title='bbox 1873 3825 1973 3877; x_wconf 86' lang='lat' dir='ltr'>ista</span> <span class='ocrx_word' id='word_1_528' title='bbox 2003 3826 2237 3877; x_wconf 83' lang='lat' dir='ltr'>maxime</span> <span class='ocrx_word' id='word_1_529' title='bbox 2278 3836 2568 3891; x_wconf 82' lang='lat' dir='ltr'>possumus</span> 
     </span>
    </p>
   </div>
  </div>
 </body>
</html>
