2784 4452
345 264 449 317 322

341 379 517 431 vivere
557 393 720 445 quam
777 379 914 431 bene
952 380 1160 432 docere.
1195 380 1261 432 Et
1288 379 1410 430 ideo

339 459 624 515 postquam
658 451 946 514 Apostolos
965 451 1172 501 dixerat
1200 450 1287 501 sal
1313 455 1413 499 ter-

339 533 436 584 rae,
467 520 733 585 sapienter
769 521 1020 584 vivend03
1051 520 1181 571 dicit
1215 535 1305 571 eos
1333 520 1412 570 lu-

338 605 454 642 cem
477 590 685 649 mundi,
702 593 1012 643 tenebrosos
1029 590 1407 642 illuminando·

337 663 509 715 Debet
551 678 679 728 ergo
710 665 962 729 praelatus
987 679 1103 715 esse
1134 663 1241 726 sal,
1271 663 1412 714 bene

338 734 588 793 vivendo,
621 734 739 797 lux,
767 736 904 787 bene
935 735 1176 785 docendo
1188 749 1205 797 ;
1236 733 1324 785 sal
1351 733 1409 783 in

339 804 618 869 exempliS,
651 805 754 856 lux
796 806 853 855 in
887 804 1160 856 doctrinis.
1214 805 1411 855 Rectus

339 875 473 927 ordo
503 875 621 938 iste,
643 875 819 940 primo
840 877 977 926 bene
1001 875 1198 936 vivere,
1214 875 1412 927 deinde

340 949 479 999 bene
515 949 725 999 docere.
780 950 1092 1000 Secundum
1135 949 1409 1012 Glossam,

339 1020 487 1072 Deus
520 1030 599 1070 est
645 1021 737 1070 lux
785 1036 894 1071 non
941 1020 1275 1079 illuminata,
1316 1022 1410 1072 sed

340 1089 687 1153 illuminans;
743 1091 985 1156 Apostoli
1035 1103 1088 1143 et
1134 1090 1410 1157 apostolici

339 1159 462 1222 viri,
506 1162 600 1211 lux
628 1160 932 1211 illuminata
973 1173 1025 1212 et
1064 1161 1378 1212 illuminans
1391 1177 1410 1226 ;

341 1232 620 1298 simplices
648 1233 794 1297 justi,
824 1234 918 1283 lux
939 1250 1049 1284 non
1073 1233 1409 1293 illuminans,

340 1305 434 1354 sed
459 1302 778 1353 illuminata.
818 1304 997 1354 Prima
1026 1314 1105 1354 est
1149 1304 1290 1355 sicut
1315 1304 1412 1356 lux

338 1372 503 1436 solis;
537 1375 790 1434 secunda,
823 1374 960 1424 sicut
981 1375 1268 1439 luxlunae;
1298 1385 1411 1426 ter-

337 1443 430 1506 tia,
460 1443 601 1495 sicut
632 1446 727 1495 lux
756 1446 940 1497 stellae.

401 1532 441 1581 4
473 1516 727 1567 Luceium
759 1532 864 1567 Nox
896 1532 1063 1567 nens-1·
1095 1533 1163 1568 m·
1206 1533 1412 1570 curtus

339 1604 512 1640 sumu
569 1606 785 1640 nom-au
847 1606 1035 1640 1³08er
1075 1606 1180 1640 Nou
1212 1606 1412 1642 rorasr

336 1677 607 1713 anscoum.
631 1691 690 1701 —
714 1661 921 1711 Deinde
947 1671 1068 1727 post
1095 1662 1413 1714 condimen-

337 1743 459 1784 tum
497 1734 625 1783 salis
655 1743 707 1783 et
742 1734 953 1784 radium
988 1732 1141 1793 lucis,
1166 1734 1413 1800 sequitur

342 1803 575 1855 civitatis
627 1803 911 1869 protectio,
944 1813 996 1853 et
1019 1805 1251 1855 lucernae
1280 1804 1412 1855 illu-

343 1877 590 1937 minati0,
626 1876 754 1943 quia
807 1875 1051 1942 Apostoli
1098 1885 1150 1925 et
1205 1877 1412 1944 praelati

347 1964 458 2000 non
503 1950 700 2000 debent
748 1965 806 1999 se
857 1949 1206 2009 abscondere,
1239 1965 1414 2015 neque

343 2021 620 2072 lucernam
669 2019 840 2069 divini
890 2018 1039 2070 verbi
1069 2035 1269 2085 ponere
1310 2022 1414 2072 sub

345 2090 532 2142 modio
576 2100 629 2142 et
668 2089 1027 2142 occultatione
1070 2089 1297 2142 humani
1339 2091 1416 2141 ti-

346 2163 534 2229 moris,
581 2179 753 2231 neque
813 2163 914 2214 sub
947 2163 1104 2213 *lecto
1152 2174 1204 2213 et
1233 2163 1416 2230 quiete

344 2236 631 2286 mundanae
667 2234 1066 2301 prosperitatis3
1094 2235 1187 2285 sed
1219 2236 1417 2288 debent

345 2323 463 2359 esse
481 2307 669 2358 civitas
699 2306 756 2357 in
782 2316 964 2357 monte
992 2305 1186 2373 posita,
1215 2316 1277 2356 ut
1305 2306 1414 2357 sint

342 2380 613 2447 refugium
632 2380 827 2445 injuste
847 2379 1149 2445 oppressis;
1173 2390 1225 2431 et
1249 2380 1417 2431 lucer-

343 2467 412 2503 na
462 2466 622 2517 supra
672 2452 1050 2502 candelabrum
1099 2451 1307 2518 posita,
1354 2461 1416 2502 ut

346 2537 442 2588 per
470 2532 670 2573 sanctae
686 2521 811 2572 vitae
842 2522 1085 2586 exempla
1107 2522 1319 2572 luceant
1344 2532 1418 2572 te-

346 2592 611 2643 nebrosis.
663 2592 818 2643 Unde
885 2592 951 2641 ad
1002 2591 1414 2644 similitudinem

347 2662 575 2714 civitatis
602 2678 765 2728 supra
794 2674 1034 2714 montem
1054 2701 1070 2723 ,
1096 2672 1149 2714 et
1182 2662 1416 2714 lucernae

346 2751 510 2802 supra
533 2736 907 2788 candelabrum
932 2735 1123 2802 positae
1139 2774 1156 2797 ,
1181 2734 1260 2788 sic
1289 2753 1416 2786 mo·-

348 2816 439 2860 net
491 2807 778 2872 Apostolos
843 2817 894 2857 et
941 2808 1186 2872 praelatos
1246 2806 1415 2858 simili

348 2877 556 2928 lumine
602 2893 780 2928 coram
813 2877 1133 2928 hominibus
1157 2878 1334 2929 lucere
1360 2888 1415 2930 et

347 2948 587 3014 fulgere,
638 2957 698 2998 ut
742 2948 876 2999 visis
928 2948 1181 3014 operibus
1222 2964 1415 3000 eorum

349 3019 528 3083 bonis,
557 3019 720 3069 odore
747 3030 798 3070 et
829 3020 1186 3071 admiratione
1222 3020 1415 3074 talium

348 3090 604 3141 homines
617 3089 951 3141 attrahantur
970 3102 1022 3142 et
1037 3091 1415 3158 informentur,

348 3178 407 3213 ac
424 3163 551 3213 inde
560 3164 703 3212 Deus
714 3163 869 3213 Pater
888 3164 1228 3228 glorificetur,
1238 3175 1290 3216 et
1302 3182 1416 3218 non

346 3232 500 3298 ipsi5‚
535 3234 627 3283 sed
659 3232 707 3284 ei
731 3247 761 3282 a
791 3248 902 3298 quo
931 3250 1092 3285 omne
1127 3235 1332 3288 bonum
1363 3246 1418 3288 et

347 3303 466 3355 laus
510 3303 867 3369 impartiatur.
913 3305 1123 3355 Debent
1152 3321 1278 3373 ergo
1324 3307 1418 3357 lu-

347 3390 467 3425 cere
494 3385 546 3426 et
568 3390 745 3441 opere,
770 3384 822 3425 et
842 3389 1106 3427 sermone.
1131 3378 1250 3427 Non
1269 3378 1416 3430 enim

343 3445 420 3496 ait
450 3463 465 3496 z
511 3447 583 3498 Ut
622 3446 900 3499 audientes
928 3457 1167 3500 vestrum
1203 3464 1417 3502 sermo-

346 3533 472 3570 nem
500 3519 735 3583 bonum3
763 3520 875 3585 sed,
903 3525 960 3571 ut
989 3520 1228 3573 videntes
1251 3536 1418 3587 opera

343 3597 525 3641 vestra
592 3593 727 3644 bona
746 3631 763 3655 ,
829 3592 1138 3659 glorificent
1188 3594 1417 3645 Patrem

341 3667 577 3712 vestrum
599 3663 760 3727 quiin
785 3663 937 3716 coelis
960 3669 1058 3715 est.
1079 3662 1251 3729 Magis
1272 3663 1418 3715 enim

342 3732 616 3798 operando
677 3733 810 3800 quis.
859 3734 1067 3798 proficit
1111 3749 1276 3800 quam
1331 3733 1419 3784 lo-

345 3804 596 3868 quendo,
644 3813 697 3854 et
745 3804 868 3868 plus
909 3814 1127 3857 movent
1174 3805 1420 3870 exempla

347 3886 513 3935 quam
550 3872 726 3934 verba,
759 3873 889 3939 quia
924 3875 1093 3941 major
1121 3884 1202 3926 est
1232 3875 1420 3942 splen-

964 264 1208 318 PRIMAE
1244 264 1492 318 PARTIS
1522 265 1757 318 CAPUT
1787 267 2021 319 XXXIV.

1517 377 1617 430 dor
1678 378 1858 446 operis
1912 395 2076 448 quam
2132 382 2419 434 sermonis.
2483 384 2591 436 Iste

1517 449 1665 500 enim
1708 460 1918 500 tantum
1960 467 2053 502 ore
2094 453 2359 520 praedicat,
2391 463 2442 504 et
2477 470 2591 507 una

1517 523 1653 573 hora
1687 522 1745 574 in
1781 523 2113 590 septimana3
2147 526 2240 576 ille
2277 541 2401 577 vero
2439 537 2590 580 totus

1519 592 1782 657 praedicat,
1827 603 1880 644 et
1923 594 2073 645 omni
2110 595 2278 647 totius
2326 597 2591 663 temporis

1519 664 1668 715 hora.
1700 665 1855 716 Unde
1885 666 2014 734 alibi
2049 684 2062 717 :
2096 667 2408 734 Fulgebunt
2432 669 2587 732 iusti,

1518 745 1571 789 et
1600 745 1849 806 tanquam
1895 740 2150 791 scintillae
2179 742 2232 794 in
2266 743 2591 795 arundineto

1518 810 1839 862 discurrent.
1858 811 2034 873 Quod,
2051 813 2349 865 secundum
2377 814 2592 882 Grego-

1517 882 1676 963 rium,
1708 893 1788 935 est
1815 883 1923 934 vita
1958 885 2297 950 secularium,
2328 886 2421 967 qui
2455 886 2590 940 foris

1517 952 1671 1018 quasi
1704 954 1771 1003 ad
1797 954 1900 1003 alta
1926 952 2230 1019 proficiunt,
2260 956 2351 1007 sed
2383 956 2534 1007 intus
2557 972 2591 1010 a

1518 1024 1785 1075 soliditate
1815 1025 2146 1078 inanescunt.
2170 1027 2216 1080 E
2249 1038 2431 1080 contra
2458 1045 2588 1082 vero

1518 1096 1707 1147 docere
1736 1113 1879 1159 voce,
1915 1108 1967 1149 et
1995 1114 2105 1149 non
2128 1115 2305 1164 opere,
2336 1102 2588 1167 quaedam

1484 1166 1724 1234 svanitas
1752 1178 1848 1228 est,
1882 1177 1934 1218 et
1957 1184 2146 1234 parum
2172 1171 2414 1235 prodest;
2436 1172 2594 1238 quia,

1519 1240 1816 1291 secundum
1846 1241 2203 1303 Ber-nardum,
2241 1242 2426 1308 lingua
2465 1259 2588 1294 ma-

1518 1308 1778 1377 gniloqua
1813 1320 1865 1361 et
1892 1326 2087 1380 manus
2116 1311 2308 1372 otiosa,
2344 1312 2591 1365 doctrina

1516 1379 1696 1430 lucida
1724 1390 1775 1430 et
1790 1380 1899 1430 vita
1918 1382 2218 1442 tenebrosa,
2244 1381 2592 1434 monstruosa

1517 1466 1602 1501 res
1656 1461 1755 1503 est.
1803 1451 1887 1504 Ad
1928 1450 2031 1502 hoc
2066 1462 2244 1502 autem
2282 1453 2461 1503 lucere
2500 1454 2591 1504 de·-

1518 1525 1662 1586 bent‚
1702 1535 1763 1574 ut
1799 1524 1963 1575 finem
2003 1525 2134 1577 boni
2163 1525 2343 1591 operis
2378 1526 2437 1578 in
2464 1528 2589 1578 lau-

1516 1595 1678 1646 dibus
1722 1595 1842 1656 Dei,
1892 1611 2001 1646 non
2046 1595 2354 1657 hominum,
2382 1597 2589 1647 consti-

1516 1677 1708 1732 tuant;
1760 1667 1889 1734 quia
1940 1684 2049 1719 non
2098 1668 2294 1719 debent
2362 1669 2430 1720 de
2483 1669 2589 1720 hoc

1520 1756 1694 1800 suam,
1739 1741 1831 1791 sed
1867 1740 1962 1790 Dei
1993 1756 2233 1807 quaerere
2265 1741 2511 1807 gloriam,
2540 1750 2592 1793 et

1518 1810 1753 1877 proximi
1798 1810 2226 1872 aedificationem,
2260 1820 2320 1862 ut
2349 1811 2591 1864 videntes

1520 1895 1684 1947 opera
1713 1897 1900 1933 eorum
1927 1882 2077 1944 bona,
2106 1882 2279 1932 Deum
2304 1896 2398 1948 per
2425 1898 2589 1947 quem

1521 1952 1579 2002 in
1625 1951 1703 2003 eis
1734 1950 1892 2014 fiunt,
1928 1967 2034 2002 non
2068 1951 2321 2002 facientes
2364 1952 2589 2018 glorifi-

1520 2030 1655 2086 cent,
1702 2040 1795 2091 per
1848 2023 2203 2075 imitationem
2247 2040 2454 2085 eorum,
2495 2039 2592 2091 per

1521 2095 1734 2145 laudem
1781 2109 1998 2160 quoque
2045 2110 2259 2155 eorum,
2306 2094 2493 2144 omnia
2541 2093 2587 2146 ei

1521 2165 1846 2215 ascribentes
1858 2173 1917 2214 ut
1931 2163 2149 2215 Auctori
2168 2165 2454 2214 bonorum.
2470 2165 2588 2216 Non

1522 2247 1599 2287 est
1621 2252 1746 2302 ergo
1765 2235 1892 2287 huic
1913 2236 2261 2301 contrarium,
2282 2238 2427 2304 quod
2454 2236 2594 2288 infra

1522 2306 1720 2357 dicitur
1766 2323 1779 2355 ε
1837 2307 2133 2370 Attendite,
2192 2321 2257 2357 ne
2313 2306 2592 2375 justitiam

1523 2382 1760 2429 vestram
1802 2377 2027 2438 faciatis
2061 2391 2243 2427 coram
2271 2377 2589 2439 hominibuS,

1521 2447 1650 2512 quia
1689 2463 1847 2514 opere
1876 2448 2021 2497 bono
2047 2449 2335 2514 quaerenda
2363 2457 2444 2497 est
2483 2449 2596 2513 glo-

1523 2517 1601 2568 ria
1632 2518 1829 2578 divina,
1860 2529 1912 2568 et
1950 2518 2027 2568 sic
2062 2518 2303 2584 loquitur
2339 2517 2466 2580 hic;
2499 2517 2593 2569 sed

1523 2587 1778 2655 fugienda
1812 2589 1981 2654 gloria
2010 2587 2222 2655 propria
2252 2597 2303 2638 et
2331 2587 2592 2649 humana,

1523 2669 1576 2709 et
1603 2658 1679 2709 sic
1707 2659 1948 2726 loquitur
1973 2657 2126 2709 infra.

1589 2729 1616 2780 5
1654 2730 1921 2779 Cmusrus
1956 2746 2062 2780 NON
2096 2745 2255 2779 vanu·
2285 2730 2475 2779 Lmen
2506 2745 2593 2780 vr:-

1522 2818 1698 2853 ranex
1740 2818 1987 2862 somena,
2040 2818 2133 2852 sen
2171 2817 2490 2854 ,mmai-:aa
2532 2829 2594 2839 —

1523 2875 1730 2925 Deinde
1778 2875 1967 2942 incipit
2010 2891 2101 2926 eos
2136 2876 2238 2941 jam
2285 2875 2596 2936 informare,

1523 2946 1668 3011 quod
1717 2947 1941 2996 doceant
1989 2945 2364 3012 praeveniendo
2414 2946 2599 3012 primo

1522 3015 1711 3066 falsam
1769 3016 2114 3083 opinionem,
2170 3031 2335 3081 quam
2394 3016 2598 3068 habere

1524 3095 1787 3151 poterant.
1846 3086 2131 3151 Tanquam
2179 3085 2224 3135 si
2272 3096 2599 3151 quaererent,

1523 3157 1803 3207 dicentes:
1832 3156 1971 3207 Ecce
1998 3157 2254 3207 volumus
2293 3157 2598 3208 doctrinam

1524 3242 1671 3282 tuam
1700 3247 1810 3281 non
1846 3230 2186 3292 abscondere,
2217 3231 2310 3281 sed
2348 3231 2482 3296 quid
2516 3241 2599 3282 est

1523 3303 1626 3354 hoc
1685 3301 1864 3366 ipsum
1916 3301 2062 3366 quod
2106 3311 2252 3351 vetas
2299 3302 2596 3352 abscondi?

1524 3373 1806 3440 Numquid
1843 3372 1978 3423 alios
2011 3373 2267 3423 docturus
2294 3388 2371 3434 eS,
2407 3383 2599 3424 contra

1522 3463 1584 3498 ea
1612 3462 1736 3514 quae
1759 3446 1813 3496 in
1840 3446 1982 3512 Lege
2005 3456 2056 3497 et
2086 3446 2367 3512 Prophetis
2398 3446 2598 3512 scripta

1523 3519 1691 3571 sunt?
1726 3518 1848 3569 Non
1899 3517 2116 3584 inquit:
2147 3518 2334 3570 Nolite
2372 3524 2594 3584 putare,

1523 3606 1590 3643 ne
1644 3589 1845 3640 scilicet
1900 3590 1954 3639 in
2011 3604 2246 3640 errorem
2302 3588 2595 3652 incidatis,

1524 3662 1773 3728 quoniam
1829 3662 1950 3711 veni
1995 3661 2204 3712 solvere
2251 3662 2452 3728 Legem
2501 3667 2599 3712 aut

1523 3732 1852 3798 Propheta-e,
1937 3731 2238 3783 rohibendo
2284 3731 2489 3783 scilicet
2530 3745 2599 3781 ne

1524 3802 1871 3869 spiritualiter
1933 3812 2043 3853 ant.
2066 3802 2136 3853 Ut
2160 3801 2306 3853 enim
2327 3801 2456 3852 dicit
2473 3803 2601 3852 Au·-

1525 3876 1811 3941 gustinuS,
1882 3875 2069 3926 omnia
2128 3890 2251 3942 quoe
2306 3874 2365 3925 in
2412 3872 2595 3926 Veteri
