2784 4452
547 347 642 398 DE
673 348 1086 400 VOCATIONE
1115 349 1465 401 MATTHAEI
1499 348 1593 401 ET
1625 349 1784 400 EJUS
1817 350 2178 405 CONVIVIO.

244 462 501 524 tantiam,
552 463 732 514 dicens
788 478 802 514 τ
864 464 1071 516 Euntes
1129 472 1303 516 autem

244 536 460 599 discite,
514 552 544 587 a
602 537 899 588 temeritate
934 549 1107 589 vestra
1147 554 1303 589 exce-

245 609 454 670 dend0‚
505 610 694 661 discite
739 611 1052 678 ignorantia:
1116 622 1303 663 vestrae

244 680 643 743 subveniendo,
687 682 816 747 quid
843 688 939 743 est,
984 684 1129 749 quod
1174 682 1306 734 dicit

244 752 514 802 Dominus
559 753 613 801 in
655 754 830 804 Osea:
861 754 1301 805 Misericordiam

245 824 395 886 vole,
436 840 531 890 per
572 825 766 889 peccati
812 824 1210 884 dimissionem,
1254 831 1307 875 et

243 901 346 944 no‘n
399 894 753 961 sacrificium,
818 910 911 961 per
965 894 1305 945 holocausto-

243 979 367 1013 rum
410 964 753 1015 oblationem.
793 964 948 1016 Unde
981 964 1038 1014 in
1077 966 1305 1015 Prover-

244 1033 349 1083 biis
388 1049 401 1081 :
440 1034 647 1086 Facere
684 1034 1106 1086 misericordiam
1136 1041 1187 1085 et
1201 1035 1304 1102 ju-

241 1107 438 1158 dicium
465 1108 646 1174 magis
673 1107 856 1173 placet
887 1101 1130 1159 Domino'
1147 1123 1304 1173 quam

240 1178 484 1241 victimae,
525 1181 679 1245 quasi
706 1179 905 1230 diceret
938 1195 951 1228 ε
998 1179 1091 1238 Ite,
1129 1188 1181 1229 et
1218 1179 1307 1228 di-

242 1250 468 1316 ligenter
497 1252 823 1303 considerate
852 1252 985 1303 illud
1009 1253 1155 1319 quod
1181 1251 1305 1302 scri-

246 1322 392 1388 bitur
436 1323 494 1373 in
537 1324 678 1374 Osea
724 1322 1019 1389 propheta,
1071 1322 1200 1388 quia
1259 1322 1304 1372 si

241 1392 378 1442 hanc
438 1392 899 1444 consideraveritis
939 1392 1306 1459 Scripturam,

245 1463 532 1515 invenietis
567 1481 652 1515 me
683 1465 850 1516 facere
885 1465 1183 1515 secundum
1221 1464 1307 1530 ip-

245 1552 378 1588 sam.
430 1538 867 1588 Misericordiam
925 1537 1067 1601 volO,
1129 1538 1310 1603 potius

246 1608 365 1659 sine
386 1609 663 1670 sacrifici0,
694 1620 746 1660 et
775 1626 893 1660 sum
917 1610 1094 1660 cordis
1123 1609 1309 1659 humi-

243 1679 407 1740 litate,
441 1695 604 1745 quarn
630 1678 948 1730 sacrificium
986 1679 1102 1730 sine
1137 1679 1308 1728 mise-

244 1749 491 1810 ricordia,
546 1761 598 1800 et
645 1767 769 1801 cum
802 1750 979 1800 cordis
1027 1750 1307 1800 elatione:

245 1819 387 1870 unde
428 1822 549 1885 plus
588 1819 766 1886 diligit
797 1820 939 1870 Deus
975 1829 1308 1887 peccatorem

247 1891 529 1950 humilem,
560 1891 655 1956 qui
687 1906 797 1941 suae
825 1889 1155 1941 infirmitatis
1174 1905 1310 1940 con-

244 1959 389 2010 scius
417 1961 723 2026 poenitendo
752 1976 807 2011 se
840 1960 1020 2027 gratiae
1048 1959 1143 2010 Dei
1178 1960 1311 2010 sub-

246 2032 430 2093 mittit,
460 2033 846 2097 quam‘justum
873 2032 1188 2097 superbum,
1215 2030 1309 2096 qui

246 2103 312 2154 de
356 2120 452 2154 sua
497 2104 697 2170 justitia
758 2118 1117 2170 praesumens,
1178 2103 1312 2152 alios

247 2175 568 2228 condemnat
614 2186 664 2228 et
705 2175 1130 2228 misericordiam
1172 2174 1315 2225 circa

247 2266 339 2302 eos
389 2253 748 2319 reprehendit.
788 2252 1093 2304 Secundum
1142 2251 1316 2315 Chry-

247 2329 555 2386 sostomum‚
588 2324 786 2374 Scribae
823 2332 873 2372 et
901 2322 1156 2373 Pharisaei
1203 2337 1315 2371 om-

248 2391 338 2442 nia
369 2405 576 2458 peccata
619 2409 716 2444 sua
747 2392 1003 2458 putabant
1038 2390 1312 2442 sacrificiis

248 2465 406 2530 Legis
439 2481 597 2531 posse
643 2465 827 2523 deleri,
851 2474 903 2515 et
931 2479 1146 2514 omnem
1183 2462 1312 2513 reli-

249 2550 410 2602 quam
454 2536 707 2587 virtutem
762 2544 1197 2594 contemnenteS‚
1257 2533 1310 2582 in

247 2606 522 2657 sacrificiis
540 2616 704 2656 totam
732 2621 883 2672 spem
909 2605 1180 2672 ponebant
1215 2619 1229 2653 ε
1261 2614 1313 2654 et

248 2675 368 2726 ideo
396 2677 664 2727 Dominus
695 2675 1122 2726 misericordiam
1161 2673 1317 2723 sacri·

246 2746 370 2797 ficio
399 2747 648 2812 praetulit,
691 2757 752 2797 ut
789 2746 1080 2797 manifeste
1120 2755 1310 2795 osten-

247 2818 411 2880 deret,
446 2834 552 2867 non
588 2833 680 2883 per
706 2816 970 2868 sacrificia
994 2815 1176 2883 Legis,
1216 2816 1310 2866 sed

246 2903 341 2953 per
365 2904 523 2954 opera
558 2888 940 2938 misericordiae
979 2896 1311 2952 peccatorum

247 2959 439 3009 delicta
466 2975 621 3025 posse
646 2958 881 3026 purgari.
925 2957 1031 3008 Ubi
1062 2958 1266 3009 Glossa
1296 2975 1313 3008 ε

251 3050 280 3078 α
309 3032 431 3081 Non
466 3042 646 3082 tamen
683 3031 911 3096 despicit
937 3031 1083 3080 Deus
1110 3029 1314 3080 sacrifi-

229 3102 415 3162 ficium,
446 3103 538 3153 sed
580 3101 900 3153 sacrificium
943 3100 1062 3177 sine
1102 3099 1317 3149 miseri-

252 3175 445 3226 cordia.
486 3175 775 3225 Faciebant
831 3183 1010 3224 autem
1058 3171 1315 3222 Pharisaei

250 3247 522 3311 sacrificia,
552 3257 611 3297 ut
636 3247 760 3313 justi
789 3254 1101 3314 apparerent
1134 3260 1314 3294 coram

250 3321 474 3387 populo;
499 3337 592 3371 nec
623 3321 935 3371 exercebant
953 3332 1117 3386 opera
1144 3317 1314 3369 mise-

248 3392 511 3453 ricordiae,
559 3393 614 3443 in
653 3392 853 3459 quibus
903 3393 1163 3458 probatur
1195 3404 1316 3440 vera

246 3462 469 3528 justitia.
489 3484 517 3511 n
576 3463 679 3515 Ubi
712 3473 763 3513 et
792 3463 1052 3514 Rabanus
1082 3477 1095 3511 ε
1127 3479 1155 3508 ι(
1198 3462 1317 3510 Ad-

245 3544 432 3586 monet
463 3535 644 3601 itaque
679 3549 772 3584 eos
811 3542 871 3584 ut
913 3547 1006 3598 per
1033 3547 1193 3598 opera
1232 3531 1315 3580 si-

247 3607 556 3674 bimetipsis
611 3622 851 3674 supernae
927 3603 1315 3656 misericordiae

248 3679 470 3744 praemia
514 3680 848 3746 conquirant,
897 3689 950 3729 et
1016 3693 1125 3728 non
1179 3691 1318 3726 con·-

250 3751 472 3816 temptis
524 3765 818 3817 pauperum
872 3747 1315 3806 necessitatibus,

253 3837 347 3888 per
364 3822 692 3872 oblationem
721 3837 778 3872 se
796 3818 1177 3871 sacrificiorum
1203 3816 1314 3866 Deo

252 3894 463 3960 placere
506 3892 791 3945 confidant.
824 3913 853 3942 »

318 3979 352 4030 7
389 3964 656 4015 Pnopomr
674 3978 754 4014 eis
776 3978 921 4015 sumt
941 3978 1010 4013 ne
1026 3962 1318 4012 »asturcon-

684 4112 713 4154 Ο

2371 367 2475 421 297

1412 482 1503 517 nu
1533 482 1833 520 extuavit.
1858 496 1919 506 —
1952 466 2107 520 Unde
2143 477 2196 519 et
2223 483 2384 519 suum
2412 470 2478 520 de

1413 540 1780 591 misericordia
1851 542 2156 607 exemplum
2226 542 2303 592 eis
2353 558 2478 608 pro-

1409 612 1578 677 ponit,
1607 612 1794 663 dicens
1833 629 1846 663 ε
1886 614 2012 663 Non
2048 613 2166 663 veni
2203 614 2340 664 enim
2378 630 2476 666 vo-

1411 695 1537 733 care
1579 682 1764 749 justos
1777 720 1794 745 ,
1844 682 2042 733 scilicet
2092 684 2157 733 ad
2207 684 2477 750 poeniten·-

1411 752 1560 812 tiam,
1584 753 1674 802 sed
1713 762 1923 803 tantum
1964 753 2029 802 ad
2069 752 2477 819 proficiendum,

1411 831 1463 872 et
1504 814 1564 873 u't
1590 821 1869 888 proficiant
1889 824 1956 874 de
1983 822 2180 874 virtute
2211 824 2276 874 ad
2306 825 2477 875 virtu-

1410 901 1554 956 tem;
1592 893 1687 943 sed
1721 899 2059 958 peccatoreS,
2097 895 2479 960 ad‘*poeniten-

1411 962 1572 1027 tiam,
1603 973 1665 1013 ut
1706 963 2040 1029 corrigantur
2069 965 2163 1030 per
2194 980 2329 1016 eam.
2360 966 2475 1028 Vel,

1412 1049 1514 1085 non
1556 1034 1676 1085 veni
1717 1047 1908 1085 vocare
1931 1035 2133 1101 justos,
2166 1035 2220 1086 id
2248 1045 2352 1098 est,
2388 1052 2480 1090 eos

1411 1105 1506 1173 qui
1533 1121 1590 1156 se
1612 1106 1785 1171 justos
1812 1115 2080 1171 reputant,
2111 1107 2205 1173 qui
2236 1107 2479 1174 ignoran-

1413 1186 1492 1226 tes
1531 1176 1626 1226 Dei
1656 1175 1917 1240 justitiam
1936 1214 1949 1235 ,
1974 1191 2127 1226 suam
2157 1177 2478 1228 constituere

1411 1245 1617 1306 volunt,
1645 1246 1773 1311 quia
1802 1245 1847 1295 si
1876 1256 2250 1297 convertantur
2286 1263 2477 1313 pecca-

1412 1330 1581 1382 toreS,
1613 1320 1719 1385 jam
1755 1335 1863 1369 non
1898 1319 2003 1369 sibi
2036 1320 2163 1384 justi
2200 1320 2475 1382 videntur;

1412 1393 1509 1443 sed
1544 1398 1856 1458 peccatores
1870 1431 1888 1455 ,
1929 1393 1983 1443 id
2020 1402 2101 1443 est
2116 1431 2130 1452 ‚
2180 1403 2383 1459 peccata
2428 1403 2481 1444 et

1415 1465 1555 1515 mala
1586 1480 1681 1515 sua
1712 1465 2061 1525 attendenteS,
2088 1464 2182 1530 qui
2218 1480 2275 1514 se
2309 1480 2480 1530 pecca-

1414 1546 1555 1585 tores
1595 1550 1727 1595 esse,
1762 1546 1814 1585 et
1850 1535 2059 1585 medico
2099 1549 2251 1600 egere
2295 1550 2482 1601 recog-

1415 1614 1644 1655 noscunt
1697 1620 1756 1655 ac
1786 1605 1993 1672 -gratiae
2038 1604 2135 1655 Dei
2174 1604 2480 1670 poenitendo

1414 1690 1471 1725 se
1497 1675 1804 1740 subjiciunt.
1833 1676 1962 1739 Vel,
1993 1690 2095 1726 non
2129 1675 2246 1725 veni
2287 1689 2482 1727 vocare

1402 1747 1602 1814 justOS,
1619 1746 1747 1812 quia
1771 1747 1906 1797 nulli
1935 1756 2063 1797 sunt
2092 1747 2237 1811 justi,
2256 1748 2352 1798 sed
2361 1761 2481 1813 pec-

1416 1824 1650 1881 catores,
1680 1819 1807 1884 quia
1837 1833 2017 1870 omnes
2038 1826 2393 1885 peccaverunt
2429 1825 2483 1870 et

1417 1898 1574 1958 egent
1617 1892 1802 1958 gloria
1842 1893 1962 1943 Dei.
2012 1892 2115 1944 Ubi
2175 1893 2483 1959 Gregorius

1417 1965 1710 2032 Nyssenus
1735 1982 1753 2014 .-
1787 1983 1814 2010 «
1848 1964 2012 2024 Quasi
2043 1965 2240 2015 diceret
2282 1981 2294 2014 ε
2333 1965 2481 2015 Adeo

1416 2044 1713 2101 peccatores
1748 2050 1868 2085 non.
1885 2034 2171 2085 abominor
2200 2035 2346 2100 quod
2384 2050 2481 2085 eo-

1418 2120 1539 2153 rum
1569 2114 1777 2155 tantum
1799 2103 1964 2169 gratia
1991 2103 2131 2163 veni,
2162 2119 2270 2153 non
2295 2112 2355 2154 ut
2378 2120 2485 2155 me-

1419 2183 1575 2224 neant
1600 2183 1917 2240 peccatores,
1951 2174 2042 2224 sed
2072 2182 2130 2224 ut
2164 2183 2482 2224 convertan-

1417 2256 1506 2295 tur
1534 2253 1584 2295 et
1615 2245 1737 2294 boni
1763 2243 1909 2295 fiant.
1930 2264 1958 2291 n
1975 2240 2129 2295 Unde
2151 2246 2441 2309 Apostolus
2465 2262 2481 2296 ε

1420 2318 1670 2369 Christus
1705 2318 1866 2368 Jesus
1900 2318 2041 2368 venit
2068 2318 2122 2368 in
2150 2318 2286 2368 hunc
2327 2335 2482 2369 mun-

1419 2392 1542 2442 dum
1570 2396 1883 2458 peccatores
1899 2382 2092 2441 'salvos
2116 2390 2326 2456 facere.
2350 2392 2485 2442 Ecce

1419 2477 1608 2528 magna
1640 2476 1761 2527 spes
1795 2472 2162 2526 peccatorum,
2193 2463 2320 2529 quia
2347 2478 2480 2528 pro-

1420 2542 1536 2598 pter
1572 2547 1664 2582 eos
1704 2531 1849 2581 venit
1890 2530 1986 2581 Dei
2030 2531 2202 2582 Filius
2245 2532 2298 2581 in
2338 2532 2486 2584 hunc

1419 2603 1704 2652 mundum.
1755 2601 1907 2652 Unde
1964 2611 2017 2651 et
2072 2602 2413 2667 Augustinus
2462 2620 2480 2654 .·

1420 2694 1446 2721 «
1482 2674 1639 2724 Nulla
1665 2689 1821 2725 causa
1844 2673 2094 2724 veniendi
2126 2672 2230 2723 fuit
2262 2674 2483 2724 Christo

1419 2744 1680 2805 Domin0,
1714 2743 1819 2794 nisi
1855 2752 2151 2809 peccatores
2189 2743 2363 2794 salvos
2400 2743 2485 2794 fa-

1418 2833 1553 2868 cere.
1590 2818 1744 2869 Tolle
1785 2817 2022 2876 morbos,
2067 2817 2194 2866 tolle
2227 2817 2501 2880 vulnera,-

1419 2900 1471 2941 et
1528 2890 1676 2940 nulla
1728 2899 1809 2939 est
1859 2887 2134 2939 medicinae
2177 2903 2352 2939 causa.
2397 2888 2484 2938 Sic

1418 2960 1567 3010 venit
1616 2959 1682 3008 de
1733 2959 1870 3008 coelo
1929 2972 2157 3023 magnus
2205 2958 2480 3019 medicus,

1421 3031 1549 3097 quia
1590 3045 1817 3096 magnus
1859 3043 1953 3095 per
1986 3038 2161 3079 totum
2199 3029 2386 3079 orbem
2418 3028 2487 3093 ja·

1421 3099 1570 3150 cebat
1616 3109 1880 3163 aegrotus,
1939 3096 2238 3146 humanum
2295 3109 2481 3162 genuS.

1422 3169 1584 3221 Venit
1611 3184 1756 3219 unus
1784 3168 1901 3220 sine
1939 3179 2153 3233 peccato
2175 3205 2190 3226 ,
2228 3165 2321 3232 qui
2360 3165 2483 3230 plu-

1423 3257 1508 3291 res
1553 3241 1726 3290 salvos
1773 3238 1966 3291 faceret
2006 3254 2037 3290 a
2085 3246 2315 3304 peccato.
2358 3236 2480 3286 Non

1423 3311 1570 3363 enim
1596 3311 1662 3361 de
1685 3313 1817 3362 coelo
1847 3319 2121 3361 traxerunt
2149 3323 2273 3358 eum
2300 3316 2481 3357 nostra

1426 3383 1632 3443 merita,
1666 3384 1759 3433 sed
1792 3393 1975 3433 nostra
2005 3387 2232 3445 peccata.
2263 3396 2291 3424 n
2322 3378 2479 3443 Erg0,

1422 3467 1482 3506 ut
1526 3456 1601 3507 ait
1646 3455 1963 3508 Ambrosius
2013 3468 2029 3504 .·
2069 3470 2097 3498 «
2133 3451 2483 3516 Usurpatores

1421 3526 1640 3592 justitiae
1686 3543 1797 3577 non
1835 3532 2090 3577 vocantur
2127 3521 2192 3572 ad
2232 3520 2479 3586 gratiam;

1422 3613 1548 3648 nam
1571 3598 1616 3648 si
1642 3597 1808 3664 gratia
1836 3613 1899 3647 ex
1930 3592 2263 3661 poenitentia,
2293 3590 2482 3656 utique

1422 3668 1516 3735 qui
1574 3668 1778 3719 fastidit
1830 3663 2232 3734 poenitentiam,
2278 3661 2485 3712 abdicat

1422 3739 1664 3806 gratiam.
1698 3760 1727 3788 u

1484 3813 1518 3862 8
1555 3813 1842 3863 Punmeam
1872 3825 1971 3869 Qut
2011 3819 2481 3858 nuncupamnrun.

1421 3912 1484 3923 —
1513 3884 1787 3936 Publicani
1828 3883 2028 3949 quippe
2062 3888 2347 3937 vocantur,
2386 3875 2481 3942 qui

1422 3957 1505 4007 vel
1561 3956 1777 4023 publice
1836 3952 2127 4005 sceleribus
2180 3949 2478 4008 foedantur;
