2784 4452
267 386 370 455 390

264 502 420 552 laude
446 501 666 562 faciunt,
705 517 892 552 eorum
933 502 1209 553 simulatio
1238 501 1332 550 diu

263 590 370 624 non
398 584 569 639 potest
588 574 764 624 celari.
796 574 1054 633 Quamvis
1080 575 1227 624 enirn
1251 573 1336 623 in-

264 643 548 694 scrutabile
594 644 664 694 sit
707 659 800 694 cor
848 644 1106 703 hominia,
1159 653 1334 710 potest

262 726 441 764 tamen
521 716 765 764 humano
814 715 1042 780 judicio,
1099 716 1335 765 maxime

263 786 424 851 longo
451 796 707 850 ternpore,
740 786 989 851 cognosci
1019 802 1082 836 ex
1126 786 1336 835 actibus

264 865 317 905 et
338 856 612 921 operibus»,
628 873 751 923 quae
773 869 924 907 vocat
939 858 1180 923 fructur,
1203 858 1332 923 quia

265 925 444 990 qualis
485 926 861 992 unusquisque
908 938 1007 987 est,
1037 927 1161 977 tatia
1203 928 1333 978 dicit

266 1007 317 1048 et
340 1009 610 1063 operatur.
653 1001 810 1050 Unde
850 999 973 1050 licet
1017 1001 1146 1050 mali
1171 1002 1330 1051 etvi-

265 1067 388 1118 tiosi
431 1070 694 1120 malitiam
742 1085 896 1120 suam
940 1071 1184 1137 operiant
1227 1072 1333 1122 ali-

264 1156 380 1205 quo
410 1152 670 1207 tempore,
711 1152 763 1192 et
808 1153 1094 1207 operentur
1129 1144 1330 1194 bonum

264 1228 328 1262 ex
356 1229 569 1278 genere3
596 1224 775 1263 tamen
807 1230 915 1263 non
938 1226 1018 1264 est
1048 1215 1182 1264 bene
1205 1230 1336 1281 pos-

262 1284 418 1334 sibile
459 1285 602 1350 'quin
656 1295 942 1350 operentur
1009 1285 1335 1352 quandoque

266 1355 561 1404 secundum
590 1355 991 1406 inclinationem
1031 1372 1139 1406 sua:
1169 1357 1336 1405 mali-

262 1424 372 1474 tiae.
405 1425 555 1475 Unde
583 1426 787 1476 Seneca
831 1444 847 1476 .-
882 1447 904 1472 «
941 1427 1114 1476 Nemo
1155 1437 1334 1492 potest

263 1493 358 1543 diu
398 1493 535 1545 ferre
585 1512 867 1561 personam
905 1496 1102 1556 fictam,
1138 1497 1243 1547 cito
1273 1498 1333 1547 in.

262 1577 505 1617 naturam
532 1584 688 1618 suam
720 1570 963 1619 recidunt
1005 1569 1204 1635 quibus
1234 1585 1331 1620 ve-

263 1637 391 1687 ritas
420 1654 528 1688 non
572 1640 788 1701 subest;
816 1640 914 1705 qui·
939 1650 1116 1689 autem
1144 1656 1206 1690 ex
1237 1655 1333 1690 so-

264 1706 375 1756 lido
397 1719 704 1767 nascuntur,
725 1720 965 1774 tempore
990 1711 1104 1774 ipso
1138 1710 1197 1760 'm
1227 1725 1333 1760 me-

262 1776 368 1828 lius
428 1778 734 1843 proficiunt.
774 1799 801 1826 »
840 1780 1115 1845 Detegitur
1168 1782 1332 1831 etiam

266 1862 415 1897 error
461 1848 784 1914 quandoque
822 1851 1131 1915 temporalis
1176 1867 1333 1901 com-

262 1920 410 1969 modi
435 1921 742 1981 tentatione,
775 1923 1160 1988 persecutionis
1187 1933 1329 1974 tem-

263 2005 421 2055 pore;
473 2002 528 2041 et
564 1991 610 2041 si
652 1991 855 2057 fingant
891 1993 1252 2043 humilitatem
1279 2004 1331 2045 et

269 2062 408 2111 bona
452 2077 650 2128 opera,
686 2073 927 2128 tempore
965 2064 1332 2129 prosperitatis

266 2146 389 2181 cum
436 2101 791 2193 honorantu'r,
841 2134 1104 2200 detegitur
1152 2145 1332 2186 tamen

261 2215 450 2252 eorum
492 2202 760 2269 superbia,
790 2219 918 2253 cum
941 2204 1184 2255 adversis
1202 2214 1332 2255 tan-

260 2282 461 2337 guntur
494 2284 547 2323 et
589 2274 765 2323 honor
793 2274 1148 2326 subtrahitur.
1193 2277 1332 2326 Pos—

260 2353 389 2392 sunt
430 2343 593 2393 etiam
635 2345 904 2409 cognosci,
940 2348 1157 2411 quando
1196 2362 1332 2396 con-

259 2415 424 2465 secuti
446 2427 572 2466 sunt
601 2433 662 2467 ea
690 2429 906 2483 propter
923 2434 1046 2483 quae
1060 2422 1334 2484 opera-ndo·

257 2485 647 2547 laboraverunt,
695 2497 758 2537 ut
797 2488 1085 2553 dignitates
1120 2499 1173 2540 et
1218 2490 1327 2539 hu-

257 2556 521 2620 jusmodi,
589 2557 717 2622 quia
787 2573 926 2622 saepe
981 2561 1327 2623 postmodum

255 2636 464 2675 cessant
489 2627 718 2692 operari.
753 2628 905 2677 Unde
940 2630 1280 2694 Augustinus
1309 2649 1330 2681 ε

260 2715 287 2741 α
323 2697 676 2764 Quaecunque
736 2698 793 2748 in
841 2698 1001 2749 factis
1035 2702 1117 2750 vel
1172 2701 1335 2752 dictis

258 2784 511 2834 apparere
540 2788 648 2821 non
677 2781 983 2837 potuerunt,
1007 2774 1328 2823 tentationi-

261 2840 365 2890 bus
431 2842 761 2907 aperiuntur.
838 2843 1094 2893 Tentatio
1147 2855 1332 2895 autem

257 2911 455 2976 duplex
490 2923 587 2973 est,
631 2924 724 2964 aut
762 2914 819 2965 in
862 2930 956 2980 spe
995 2915 1328 2980 adipiscendi

257 2981 475 3062 aliquod
517 2986 868 3034 commodum
900 2987 1207 3050 temporale,
1236 2998 1332 3038 aut

245 3050 316 3101 in
372 3052 569 3103 timore
630 3053 932 3106 amittendi.
982 3055 1123 3105 Cum
1177 3057 1330 3107 enim

256 3121 528 3188 aliquibus
560 3124 952 3176 tentationibus
979 3126 1236 3192 coeperint
1266 3143 1329 3178 ea

255 3262 360 3312 isto
407 3267 694 3331 velamine,
732 3269 816 3317 vel
865 3269 1138 3319 consecuti
1180 3281 1324 3331 sunt,

259 3336 348 3385 vel
388 3340 644 3405 consequi
672 3340 928 3405 cupiunt;
955 3351 1082 3391 tunc
1111 3357 1334 3393 necesse

255 3417 338 3457 est
385 3418 446 3459 ut
484 3422 764 3491 appareat,
812 3422 997 3461 utrum
1053 3409 1213 3478 lupus
1271 3414 1332 3463 in

257 3478 422 3529 ovina
453 3483 589 3545 pelle
634 3482 724 3545 sit,
753 3497 827 3531 an
852 3498 1022 3548 agnus
1050 3483 1106 3533 in
1128 3499 1266 3534 sua.
1297 3504 1326 3533 n

257 3550 376 3601 haec
394 3554 755 3619 Augustinus,
802 3556 1026 3621 Insuper
1062 3566 1122 3606 et.
1143 3556 1200 3606 in
1225 3557 1328 3608 hoc

254 3633 670 3687 cognoscuntur,
716 3626 845 3691 quia
892 3625 1165 3690 simplices
1222 3642 1328 3710 op:-

255 3692 524 3756 primunt,
562 3697 863 3762 majoribus
901 3699 1203 3767 detrahunt,
1232 3699 1332 3749 mi·

254 3762 401 3814 nima
427 3768 773 3833 redarguunt,
807 3770 1191 3820 correctionem
1217 3770 1325 3820 im-

258 3845 532 3897 pugnant,
572 3853 686 3903 non
711 3836 912 3889 faciunt
943 3842 1088 3921 quod
1121 3840 1323 3903 dicunt,

257 3904 314 3950 in
356 3893 711 3969 dignitatibus
740 3925 800 3959 se
830 3910 1042 3975 jactant,
1073 3911 1129 3961 in
1167 3913 1330 3963 bonis

257 3972 489 4039 inceptis.
522 3977 821 4042 fastidiunt,
877 3981 936 4031 in
985 3983 1324 4035 adversitati.-

1389 2030 1390 2033 =
1434 2002 1637 2052 scilicet
1684 2001 2122 2068 ingratitudinem
2147 2041 2161 2061 ,

929 385 1170 436 PRIMAE
1206 383 1455 436 PARTls
1486 384 1720 435 CAPUT
1755 384 1868 436 XL.

1437 500 1541 550 bus
1562 509 1923 563 murmur-ann
1951 509 2003 550 et
2029 500 2263 550 maxime
2290 512 2385 565 per
2407 499 2504 549 im-

1439 571 1749 636 patientiam
1782 572 1838 621 in
1867 570 2295 630 adversitatibus,
2312 580 2376 620 ut
2404 584 2502 619 su-

1436 642 1731 708 pradictum
1783 652 1880 703 est,
1934 653 2348 708 cognoscuntur.
2395 641 2506 692 Ubi

1437 723 1561 763 nota
1604 715 1750 780 quod
1797 715 1963 765 homo
2003 730 2113 764 non
2156 713 2397 779 loquitur
2431 712 2505 762 ita

1436 800 1699 850 expresse,
1737 801 1835 836 nec
1869 787 1941 835 ita
1984 786 2215 852 proprie,
2267 785 2413 834 sicut
2445 784 2503 833 in

1436 856 1620 922 lingua
1660 859 1891 922 propria.
1941 858 2083 908 Sunt
2107 867 2284 907 autem
2311 856 2508 922 aliqui,

1437 928 1531 992 qui
1580 927 1780 978 faciunt
1831 929 1973 978 sicut
2017 928 2132 978 avis
2178 928 2235 977 in
2284 928 2507 992 capolim,

1436 1013 1557 1063 quae
1577 1009 1748 1048 mutat
1762 999 2005 1064 linguam
2026 998 2389 1064 propriam,et
2409 997 2506 1047 sm·

1436 1068 1513 1134 git
1562 1083 1745 1118 vocem
1797 1070 2105 1129 hominum,
2155 1071 2238 1119 vel
2275 1068 2506 1118 aliarum

1435 1140 1635 1204 avium,
1665 1150 1721 1190 et
1745 1141 1866 1190 licet
1893 1143 2109 1206 quando
2130 1142 2262 1190 bene
2287 1140 2355 1190 fit
2376 1140 2507 1200 sibi,

1438 1210 1543 1260 hoc
1569 1210 1952 1269 faciat„tamen
1983 1211 2028 1261 si
2062 1211 2261 1277 aliquis
2290 1226 2411 1261 eam
2443 1210 2504 1261 in

1438 1281 1573 1344 pede
1596 1282 1808 1340 laeserit,
1839 1283 1923 1331 vel
1949 1282 2077 1331 alibi
2107 1282 2349 1345 dolorem
2373 1297 2507 1331 sen-

1437 1350 1585 1410 serit,
1605 1353 1690 1402 vel
1704 1352 2004 1418 quidquam
2032 1364 2216 1402 contra
2253 1354 2521 1404 volunta-'

1438 1433 1545 1472 tem
1574 1425 1849 1496 receperit,
1870 1426 2051 1475 statim
2073 1426 2139 1474 ad
2169 1441 2362 1475 vocem
2387 1440 2507 1491 pro·

1438 1496 1609 1560 priam
1645 1499 1945 1548 revertitur.
1970 1499 2062 1548 Sic
2088 1499 2246 1549 multi
2282 1499 2505 1565 quando

1437 1578 1559 1617 sunt
1607 1569 1664 1618 in
1718 1571 2082 1636 prosperitate,
2145 1572 2230 1620 vel
2285 1571 2507 1636 quando

1438 1641 1578 1690 bene
1621 1641 1682 1691 fit
1735 1643 1835 1703 eis,
1892 1653 2104 1693 mutant
2151 1658 2335 1693 vocem
2375 1659 2506 1709 pre·-

1437 1712 1627 1778 priam,
1676 1708 1848 1771 Deum
1895 1716 2128 1774 laudant,
2179 1715 2508 1765 adulationi-

1438 1786 1544 1835 bus
1575 1786 1838 1849 serviunt3
1883 1787 1974 1836 sed
2011 1787 2054 1836 si
2087 1787 2198 1836 sint
2236 1786 2295 1835 in
2323 1786 2507 1852 aliqua

1434 1859 1764 1919 adversitate,
1795 1861 1879 1909 vel
1902 1859 2083 1925 aliquo
2113 1859 2281 1909 modo
2299 1859 2507 1909 laedan-

1435 1941 1541 1991 tur,
1583 1932 1763 1981 statim
1813 1933 1879 1980 ad
1918 1932 2161 1997 linguam
2207 1931 2502 1997 propriam,

2225 2001 2508 2067 impatien-

1434 2071 1583 2131 tiam,
1615 2081 1669 2122 ετ
1694 2072 2022 2136 hujusmodi,
2055 2081 2409 2122 revertuntur.

1499 2143 1532 2192 5
1588 2145 1903 2194 Srmmruno
1961 2160 2182 2193 anaoms
2229 2159 2387 2193 nomn
2434 2158 2510 2194 ετ

1433 2231 1603 2265 uALAE.
1637 2243 1698 2253 —
1730 2215 1801 2265 Et
1828 2215 1963 2266 bene
1988 2215 2119 2266 dicit
2141 2216 2287 2283 quod
2311 2231 2377 2267 ex
2396 2213 2507 2265 fru-

1431 2287 1605 2337 ctibus
1631 2297 2038 2353 cognoscuntur,
2072 2304 2199 2337 nam
2227 2288 2509 2337 omnisur-

1433 2358 1528 2407 bor
1559 2358 1713 2419 bona,
1744 2357 1798 2406 id
1838 2366 1918 2406 est
1958 2357 2125 2407 homo
2158 2358 2369 2416 bonus,
2396 2357 2511 2407 ha·-

1432 2428 1562 2477 bens
1629 2428 1958 2477 voluntatem
2007 2427 2239 2487 bonam,
2273 2428 2509 2493 fructus

1403 2498 1612 2561 >bonos,
1665 2496 1717 2545 id
1748 2507 1831 2547 est
1878 2498 2245 2562 opera-bona,
2285 2507 2338 2547 et
2377 2498 2511 2549 vitae

1432 2580 1644 2619 aeternae
1668 2569 1959 2629 meritoria,
1991 2569 2171 2635 facin
2218 2572 2366 2621 mala
2394 2585 2507 2621 au-

1433 2646 1538 2689 tem.
1556 2639 1738 2703 urbm,
1767 2640 1822 2689 id
1860 2650 1947 2690 est
1980 2641 2146 2690 homo
2171 2641 2383 2691 habens
2403 2656 2512 2692 vo-

1433 2711 1691 2760 luntatem
1722 2726 1955 2775 pravam,
1980 2710 2207 2776 fructus
2230 2713 2418 2776 malo-5,
2447 2713 2511 2762 in

1433 2790 1517 2830 est
1539 2796 1704 2846 opera
1748 2782 1904 2840 mala,
1951 2793 2003 2832 et
2048 2782 2510 2848 demeritoriasa-

1433 2851 1525 2901 cit.
1572 2852 1711 2901 Nam
1751 2861 1907 2901 actus
1944 2852 2168 2902 interior
2205 2853 2511 2904 voluntatis

1433 2936 1594 2971 causa
1614 2931 1694 2971 est
1733 2920 2043 2973 immediata
2079 2933 2228 2973 actus
2265 2923 2511 2973 exterio-

1389 3051 1390 3054 ,
1433 2992 1529 3043 ris.
1562 2992 1635 3042 Et
1671 2992 1812 3053 ideo,
1844 3002 1904 3043 ut
1957 2994 2089 3043 dicit
2140 2995 2513 3045 Ambrosias,-

1389 3089 1390 3092 =
1433 3082 1460 3110 α
1490 3062 1720 3113 Effectus
1769 3074 1897 3114 tuus
1954 3064 2106 3129 operi
2158 3074 2254 3115 tuo
2297 3080 2510 3115 nomen

1387 3159 1392 3178 ;
1433 3134 1683 3199 imponit.
1713 3154 1742 3183 n
1773 3136 1945 3194 Unde,
1975 3136 2269 3185 secundum
2315 3136 2509 3204 Chry-

257 3192 374 3258 ipsa
401 3194 511 3245 illis
550 3198 797 3247 subtrahi
843 3199 926 3247 vel
960 3200 1162 3265 negari,
1205 3216 1328 3266 quae
1387 3213 1391 3220 ·

1430 3212 1743 3269 suetonum,
1801 3206 2050 3256 veluntas
2090 3216 2203 3266 est,
2247 3216 2347 3257 aut
2377 3221 2511 3273 quae

1432 3285 1802 3325 remuneratur
1849 3291 1947 3341 pro
2006 3277 2173 3337 bono,
2222 3287 2317 3327 aut
2364 3293 2513 3327 con-

1430 3347 1714 3397 demnatum
1755 3363 1855 3412 pto
1894 3348 2063 3411 malo;
2102 3364 2267 3414 opera
2318 3359 2511 3400 autem

1432 3416 1742 3467 testimonia
1778 3427 1907 3467 sunt
1941 3419 2249 3469 voluntatis·
2284 3420 2355 3469 Et
2379 3434 2513 3471 vene

1429 3490 1507 3540 ita
1529 3499 1629 3550 est,
1655 3490 1789 3556 quia.
1806 3505 1915 3541 mn
1934 3498 2121 3556 potest
2146 3494 2312 3543 arbor
2341 3493 2511 3558 buna,

1432 3560 1490 3610 in
1548 3571 1814 3627 quantum
1871 3555 2211 3627 hujusmodi,
2273 3530 2513 3629 fructu}

1432 3632 1607 3683 malos
1636 3633 1869 3698 facere·
1845 3671 1867 3694 ,
1923 3648 2086 3699 neque
2131 3635 2296 3684 arbor
2333 3635 2509 3699 mala,

1432 3703 1488 3753 in
1561 3713 1827 3769 quantum
1891 3703 2231 3769 hujusmodi,
2275 3705 2511 3770 frtrem

1431 3773 1593 3824 bonos
1606 3774 1818 3838 facere.
1847 3775 1997 3824 Istud
2022 3775 2171 3825 enim
2203 3776 2512 3843 composite

1431 3844 1843 3911 intelligendum
1862 3857 1960 3912 est,
1992 3848 2123 3913 quia
2146 3849 2315 3899 arbor
2340 3850 2511 3911 Bona,-

1431 3931 1660 3966 manens
1706 3917 1886 3978 bona,
1926 3933 2029 3969 non
2062 3924 2246 3983 potest
2270 3919 2507 3985 fructus

1429 3986 1602 4037 mles
1657 3997 1709 4038 et
1769 3987 2151 4039 demet-iterius
2179 3990 2411 4055 facere;
2444 3997 2508 4043 et
