2784 4452
379 229 483 280 260

374 344 767 398 architriclinus
830 341 946 394 vini
1018 341 1332 402 bonitatem,
1388 351 1441 392 et

311 468 321 476 ,
372 426 495 483 post
520 416 578 467 in
619 414 897 467 communi
937 413 1442 465 commendaverunt

372 486 616 540 miraculi
672 485 980 538 novitatem.
1039 485 1160 535 Non
1207 483 1439 535 dubium

369 558 502 625 quin
531 557 722 609 melior
739 565 849 607 erat
871 555 1058 606 mutati
1088 554 1201 605 vini
1233 564 1438 616 natura,

367 644 533 695 quam
583 627 714 678 nati.
757 627 928 678 Unde·
963 627 1397 694 chrysostomus
1422 643 1440 677 .-

368 718 398 746 ιι
434 698 583 749 Fecit
608 713 805 764 aquam
829 697 886 747 in
914 697 1134 760 vinum3
1179 712 1289 746 non
1314 696 1441 747 sirn-

367 770 579 837 pliciter
621 780 800 821 autem
850 769 1055 830 vinum,
1106 768 1199 819 sed
1245 769 1438 820 vinum

367 841 657 908 optimum.
701 840 854 891 Talia
886 838 1034 891 enim
1081 838 1285 891 Christi
1327 839 1439 890 mi·-

367 914 544 965 racula
580 913 752 963 multo
792 911 879 963 his
928 927 1049 978 quae
1084 927 1177 979 per
1214 927 1437 963 manum

366 984 732 1053 perficiuntur,
775 984 1099 1051 speciosiora
1139 994 1192 1036 et
1229 985 1440 1051 potiora

366 1057 767 1125 quodammodo
808 1066 936 1106 sunt
976 1073 991 1107 τ
1028 1056 1100 1107 ita
1126 1065 1178 1106 et
1208 1055 1264 1106 in
1296 1056 1437 1117 aliis,

365 1128 580 1194 quando
613 1126 922 1178 membrum
961 1125 1158 1177 direxit
1199 1126 1439 1193 corporis

367 1198 685 1259 claudicanS,
727 1197 874 1249 sanis
910 1197 1307 1250 demonstrabat
1336 1198 1438 1249 hoc

367 1271 580 1323 melius.
605 1290 633 1320 n
661 1272 727 1323 Et
752 1271 947 1322 iterum
971 1287 985 1322 ι
1017 1291 1041 1318 α
1072 1272 1332 1322 Generale
1357 1282 1439 1323 est

366 1344 426 1395 in
458 1344 712 1395 omnibus
732 1344 931 1396 Christi
970 1343 1262 1403 miraculiS,
1289 1345 1436 1411 quod

364 1429 577 1483 semper
603 1416 668 1465 ad
701 1415 904 1482 aliquid
949 1414 1145 1465 melius
1174 1415 1437 1465 termina-

364 1497 470 1549 tur,
523 1502 689 1554 quam
735 1496 913 1554 posset
965 1486 1082 1538 fieri
1136 1501 1230 1553 per
1278 1496 1437 1539 natu-

365 1572 478 1609 ram
505 1573 519 1607 2
554 1576 582 1605 ι)
617 1557 728 1608 haec
755 1558 1197 1623 Chrysus-tomus.

425 1627 459 1679 8
492 1630 695 1680 Scorus
731 1643 896 1679 ausus
920 1644 1195 1680 araneum.
1226 1656 1290 1667 -
1318 1628 1436 1679 Hoc

362 1698 706 1763 miraculum,
730 1698 908 1764 primo
932 1715 962 1750 a
986 1698 1204 1750 Christo
1231 1699 1432 1750 factum

360 1779 443 1821 est
485 1768 551 1819 ad
575 1768 1017 1821 manifestandam
1046 1769 1324 1820 veritatem
1352 1770 1435 1820 di-

359 1839 600 1892 vinitatis
641 1840 700 1892 in
729 1856 792 1892 eo
821 1841 1095 1905 latentem,
1123 1851 1176 1892 et
1203 1842 1270 1892 ad
1297 1857 1432 1892 con-

358 1909 680 1963 firmandam
736 1927 923 1962 eorum
980 1911 1162 1964 fidem.
1208 1912 1281 1963 Et
1329 1913 1434 1963 hoc

358 1992 441 2033 est
472 1982 617 2049 quod
666 1982 865 2034 dicitur
892 2000 907 2034 ι
947 1984 1072 2035 Hoc
1091 1984 1232 2049 fecit
1266 1985 1432 2034 Jesus

359 2055 569 2107 initium
598 2054 898 2122 signorum,
926 2071 1021 2122 per
1050 2072 1107 2107 se
1142 2055 1429 2118 factorum,

357 2125 488 2193 quia
538 2134 664 2176 ante
710 2126 813 2177 hoc
864 2125 1084 2178 fuerunt
1133 2126 1287 2194 signa
1338 2143 1432 2194 per

359 2199 568 2251 Patrem
611 2198 745 2251 facta
788 2198 924 2251 circa
964 2199 1161 2267 ipsum.
1207 2201 1272 2251 Et
1308 2200 1431 2251 ideo

355 2270 552 2323 falsum
598 2280 678 2321 est
716 2271 862 2337 quod
909 2271 1107 2322 dicitur
1149 2271 1217 2322 de
1254 2271 1429 2338 signis

353 2342 684 2409 puerilibus,
749 2342 807 2393 in
872 2342 1012 2394 libro
1072 2343 1138 2394 de
1202 2342 1429 2394 infantia

352 2413 661 2474 salvatoris,
712 2421 766 2463 et
818 2411 875 2462 in
917 2412 1211 2480 Evangelio
1254 2414 1427 2465 Naza-

353 2498 603 2534 raeorum.
632 2482 780 2533 Fecit
805 2492 985 2534 autem
1019 2483 1140 2544 hoc,
1169 2484 1223 2534 in
1251 2485 1423 2547 Cana,

352 2553 482 2605 villa
528 2553 761 2621 quadam
821 2553 1108 2619 provinciae
1158 2554 1424 2607 Galilaeae.

352 2624 413 2674 In
457 2639 565 2691 qua
603 2623 752 2684 villa,
804 2623 1105 2675 ostenditur
1145 2625 1295 2675 locus
1329 2627 1423 2685 ubi

350 2703 615 2746 steterunt
690 2694 897 2762 hydriae
919 2732 935 2759 ,
1005 2704 1060 2746 et
1124 2695 1424 2752 triclinium

349 2765 445 2817 ubi
478 2775 741 2818 steterunt
775 2780 1011 2829 mensae3
1052 2774 1107 2817 et
1140 2766 1425 2817 descendi-

348 2844 438 2886 tur
487 2835 554 2886 ad
601 2852 663 2888 ea
705 2851 799 2904 per
843 2836 1026 2901 plures
1065 2835 1281 2901 graduS,
1321 2836 1425 2886 sub

348 2917 505 2968 terra,
537 2907 675 2960 sicut
701 2918 782 2960 est
814 2908 869 2959 in
908 2908 1156 2975 pluribus
1183 2908 1304 2959 aliis
1337 2909 1425 2959 lo-

348 2976 427 3028 cis
491 2978 692 3028 sanctis
746 2994 761 3028 ι
820 2979 967 3046 quod
1028 2977 1164 3029 forte
1230 2977 1426 3029 accidit

347 3055 568 3113 propter
644 3046 953 3115 frequentes
1032 3048 1424 3100 destructiones

348 3126 402 3169 et
448 3117 633 3170 ruinas
670 3117 833 3170 factas
876 3120 933 3171 in
975 3119 1102 3172 illis.
1142 3120 1222 3171 Et
1255 3121 1426 3171 mani-

336 3190 572 3256 festavit
620 3206 715 3258 per
763 3192 865 3243 hoc
914 3192 1132 3260 signum
1182 3194 1421 3261 gloriam

348 3275 521 3326 suam,
563 3261 619 3312 id
648 3271 729 3313 est
757 3263 1044 3329 gloriosam
1081 3266 1333 3315 latentem
1363 3265 1420 3315 in

346 3348 502 3385 carne
536 3334 808 3396 deitatem,
850 3344 904 3385 et
929 3350 1027 3401 per
1064 3335 1279 3387 deitatis
1317 3351 1421 3403 po-

345 3403 590 3465 tentiam,
648 3418 744 3471 per
797 3419 964 3470 quam
1015 3404 1132 3457 haec
1179 3405 1322 3467 fecit,
1368 3416 1424 3458 et

317 3488 510 3543 'quam
539 3476 807 3543 gloriosus
844 3486 954 3541 est;
996 3477 1289 3530 ostendens
1329 3494 1424 3545 per

341 3545 592 3597 effectum
623 3547 821 3599 divinae
847 3546 1082 3614 virtutis,
1121 3551 1263 3615 quod
1308 3548 1424 3615 ipse

341 3628 481 3670 esset
505 3619 772 3672 Dominus
797 3618 1057 3672 virtutum
1085 3630 1139 3672 et
1166 3621 1280 3672 Rex
1303 3622 1423 3687 glo-

340 3690 452 3754 riae,
483 3700 536 3741 et
561 3692 708 3758 quod
732 3691 848 3759 ipse
877 3702 1015 3744 esset
1049 3693 1292 3761 Sponsus
1316 3693 1421 3745 Ec-

345 3759 544 3823 clesiae3
564 3770 617 3812 et
635 3763 783 3828 quod
814 3762 930 3830 ipse
949 3773 1089 3816 esset
1109 3762 1203 3831 qui
1233 3772 1423 3817 cuncta

341 3845 406 3882 ex
437 3830 612 3886 nihilo
658 3832 836 3901 potuit
875 3851 1072 3903 creare,
1108 3835 1203 3905 qui
1233 3835 1419 3902 etiam,

1013 228 1249 279 PRIMAE
1285 227 1532 279 PARTIS
1563 227 1797 279 CAPUT
1826 228 1990 280 XXV.

1550 340 1691 392 sicut
1725 341 2009 404 Dominus,
2045 344 2261 410 quando
2290 344 2480 406 voluit,
2517 361 2621 410 po-

1547 411 1652 487 tuit
1682 414 1943 465 elementa
1984 414 2305 478 immutare;
2333 416 2621 467 ostendens

1547 492 1638 544 tta,
1666 485 1961 535 secundum
1987 484 2446 551 Chrysostomum,
2477 501 2622 552 quo-

1550 554 1697 605 niam
1727 554 1841 622 ipse
1866 566 1964 618 est,
2002 555 2097 624 qui
2130 555 2189 606 in
2224 555 2397 606 vineis
2424 571 2619 622 aquam

1546 634 1902 690 transmutat3
1958 626 2195 691 pluviam
2249 642 2344 692 per
2387 626 2619 677 radicem

1546 696 1605 746 in
1630 697 1821 748 vinum
1850 697 2024 762 vertit,
2056 698 2310 764 quodque
2351 697 2408 747 in
2443 698 2621 764 planta

1547 781 1641 833 per
1678 768 1913 818 multum
1956 767 2213 834 temporis
2261 767 2338 831 fit,
2383 768 2487 819 hoc
2530 784 2619 819 re-

1547 850 1704 906 pente
1730 840 1895 891 simul
1919 840 1975 890 in
2003 840 2209 906 nuptiis
2238 850 2488 907 operatus
2519 851 2616 893 est.

1609 927 1643 978 9
1683 911 1952 961 stcrrum
1973 927 2026 961 m
2051 927 2175 961 rma
2192 926 2616 963 commum-rua.

1549 1009 1609 1019 —
1629 981 1723 1044 Et,
1752 981 1870 1033 viso
1891 981 2171 1043 miraculO,
2197 982 2536 1034 crediderunt
2562 985 2616 1035 in

1544 1067 1662 1104 eum
1710 1054 1964 1120 discipuli
2011 1054 2144 1120 eju-5,
2198 1053 2399 1104 scilicet
2444 1056 2618 1122 magis

1545 1122 1770 1174 firmiter
1808 1134 1861 1176 et
1891 1124 2138 1191 perfecte,
2173 1140 2338 1190 quam
2364 1133 2483 1175 ante
2509 1127 2617 1176 mi-

1547 1195 1809 1245 raculum.
1889 1194 2129 1245 Habebat
2210 1194 2356 1244 enim
2419 1210 2617 1261 paucos

1545 1267 1862 1334 discipulos,
1883 1268 2025 1319 sicut
2036 1278 2089 1319 et
2103 1268 2353 1328 JoanneS,
2379 1284 2518 1335 quos
2541 1268 2618 1320 fa-

1545 1337 1827 1388 miliariter
1849 1338 2089 1399 docebat,
2115 1354 2223 1389 non
2246 1347 2420 1389 tamen
2439 1339 2517 1390 sic
2537 1339 2618 1390 in·

1542 1411 1907 1477 separabiliter
1931 1402 2279 1476 adhaerentes,
2309 1421 2362 1463 et
2388 1413 2617 1479 perfecte

1543 1483 1837 1547 credenteS,
1880 1481 2020 1534 sicut
2065 1493 2187 1549 post
2238 1484 2557 1535 miraculum
2596 1500 2612 1536 ε

1543 1553 1636 1603 sed
1712 1552 1808 1619 qui
1863 1551 1942 1603 illi
2003 1552 2221 1604 fuerunt
2245 1592 2260 1618 ,
2322 1554 2613 1608 nescimus,

1541 1625 1694 1676 Unde
1799 1625 2050 1677 dicuntur
2114 1625 2363 1693 discipuli
2391 1665 2405 1691 ,
2480 1642 2612 1694 pro-

1541 1707 1660 1764 pter
1684 1698 1950 1757 notitiam,
1984 1708 2036 1749 et
2069 1699 2360 1766 sequelam,
2397 1708 2450 1751 et
2496 1716 2611 1751 mu-

1540 1778 1696 1819 tuum
1735 1768 1873 1820 inter
1899 1768 2178 1820 Christum
2198 1779 2250 1819 et
2282 1769 2429 1835 ipsos
2450 1785 2609 1821 amo-

1541 1854 1674 1890 rem.
1712 1839 1812 1905 ‚Vel
1848 1838 1978 1906 quia
2010 1848 2133 1905 post
2153 1838 2319 1890 futuri
2357 1840 2609 1907 discipuli

1537 1919 1712 1962 erant:
1723 1912 1788 1961 ad
1798 1911 2023 1962 verbum
2038 1910 2185 1961 enim
2199 1911 2226 1961 J
2230 1911 2420 1962 oannis
2430 1913 2611 1978 plures

1538 1996 1664 2031 eum
1691 1981 1895 2032 occulte
1920 1980 2226 2041 audiebant,
2247 1981 2341 2047 qui
2374 1991 2613 2047 postmo-

1534 2051 1666 2101 dum
1691 2052 1915 2103 omnino
1933 2067 2056 2102 eum
2076 2050 2244 2102 secuti
2271 2060 2411 2102 sunt.
2428 2051 2613 2105 Potest

1534 2122 1695 2173 etiarn
1753 2122 1878 2184 dici,
1936 2122 2081 2189 quod
2129 2121 2298 2188 aliqui
2345 2123 2411 2173 de
2467 2139 2607 2175 novo

1536 2193 1593 2244 in
1621 2209 1745 2245 eum
1769 2193 2125 2256 crediderunt,
2152 2203 2205 2245 et
2236 2193 2316 2244 illi
2334 2192 2426 2261 qui
2456 2193 2608 2261 prius

1533 2266 1882 2327 crediderant,
1917 2275 1978 2316 ut
2014 2266 2254 2317 Andreas
2282 2274 2335 2316 et
2372 2264 2483 2327 alii,
2510 2281 2608 2332 per

1535 2339 1637 2390 hoc
1678 2340 1737 2391 in
1785 2338 1890 2390 fide
1938 2339 2149 2390 solidati
2199 2337 2434 2389 fuerunt.
2495 2339 2602 2391 Ubi

1531 2412 1872 2479 Augustinus
1895 2428 1913 2462 .·
1943 2410 2262 2477 «Scriptura
2296 2425 2404 2460 non
2422 2411 2604 2461 solum

1533 2483 1656 2535 illos
1709 2484 1986 2535 duodenos
2041 2482 2272 2548 appellat
2310 2480 2606 2547 discipulos

1532 2556 1663 2621 ejus,
1692 2554 1786 2605 sed
1815 2568 2003 2604 omnes
2026 2552 2120 2618 qui
2151 2552 2207 2601 in
2239 2567 2364 2602 eum
2393 2552 2605 2602 creden·

1530 2635 1611 2676 tes
1638 2624 1946 2692 magisterio
1971 2623 2085 2688 ejus
2106 2622 2174 2673 ad
2202 2637 2428 2689 regnum
2451 2623 2604 2674 coelo·

1530 2712 1653 2748 rum
1678 2694 2076 2747 erudiebantur.
2109 2712 2137 2741 ι)

1598 2785 1661 2820 ιο
1695 2769 1920 2819 Nurrm.
1944 2779 2358 2825 Qumnurmcsss.
2390 2792 2452 2804 —·
2484 2765 2604 2816 No-

1528 2840 1754 2891 tandum
1797 2838 1886 2889 hic
1926 2836 2091 2904 quod,
2126 2837 2421 2892 secundum
2461 2851 2604 2903 qua·

1528 2910 1822 2977 druplicem
1849 2924 2067 2961 sensum
2104 2923 2264 2959 sacrae
2296 2907 2602 2975 Scripturae,

1528 2981 1902 3050 quadruplices
1943 2987 2072 3031 sunt
2104 2978 2326 3045 nuptiae,
2357 2977 2561 3029 scilicet
2585 2994 2604 3029 ε

1528 3052 1753 3105 carnalis
1827 3047 2185 3117 copulationis
2209 3086 2225 3110 ‚
2303 3048 2600 3099 secundum

1529 3139 1748 3176 sensum
1822 3120 2103 3173 litteralem
2139 3135 2156 3183 ;
2211 3117 2423 3178 ‚divinae
2504 3119 2603 3169 ln·-

1530 3191 1858 3246 carnationis
1892 3229 1907 3253 ,
1996 3189 2295 3241 secundum
2378 3204 2600 3240 sensum

1528 3263 1876 3331 allegoricum
1916 3276 1932 3325 ;
2002 3258 2294 3326 spiritualis
2364 3259 2601 3325 conjun-

1528 3333 1721 3386 ctionis
1742 3371 1757 3395 ,
1828 3331 2126 3384 secundum
2188 3345 2405 3381 sensum
2477 3338 2601 3380 tro-

1527 3403 1840 3473 pologicum
1861 3440 1877 3468 ,
1948 3411 2002 3453 et
2070 3400 2235 3453 beatae
2304 3398 2600 3461 fruitionis,

1533 3474 1831 3526 secundum
1867 3487 2089 3524 sensum
2116 3470 2488 3538 anagogicum.
2518 3469 2600 3521 De

1532 3547 1724 3614 primis
1781 3544 2023 3612 nuptiis,
2074 3543 2142 3595 ad
2194 3543 2459 3604 litteram,
2513 3550 2599 3594 est

1535 3618 1873 3685 evangelium
1919 3630 2172 3684 praesens.
2221 3614 2343 3666 Istis
2390 3613 2600 3680 nuptiis

1530 3691 1788 3741 interesse
1844 3688 2041 3740 debent
2098 3688 2266 3738 Mater
2322 3685 2448 3737 Jesu
2464 3722 2480 3748 ,
2541 3694 2598 3738 et

1525 3762 1700 3824 Jesus,
1746 3775 1871 3812 cum
1927 3756 2209 3825 discipulis
2264 3756 2380 3808 suis
2413 3770 2431 3821 3
2499 3770 2597 3823 per

1530 3833 1664 3887 istos
1721 3840 1830 3885 tres
1877 3829 2025 3883 enim
2070 3829 2443 3897 intelliguntur
2489 3827 2595 3881 tria
