2784 4452
674 407 770 458 DE
799 404 1225 458 MUTATIONE
1255 405 1475 464 AQUAE
1509 405 1581 456 IN
1616 405 1876 457 VINUM.

149 524 292 574 bona
333 520 680 573 matrimonii.
706 521 968 587 ,Primum
1007 520 1213 570 bonum

147 604 229 645 est
264 592 396 643 fides
448 591 724 653 castitatis,
764 593 909 658 quod
946 589 1213 657 significat

145 675 291 716 casta
317 665 485 715 Mater
519 663 776 727 Domini3
809 663 1109 714 secundum
1135 673 1216 713 est

142 746 540 789 sacramentum
563 752 576 786 ε
600 735 863 802 significat
895 735 1043 786 enim
1079 750 1214 785 con-

140 808 470 875 junctionem
484 808 780 858 divinitatis
794 816 845 858 et
865 805 1216 857 humanitatis

144 880 205 933 in
235 879 473 942 Christ0‚
503 880 585 929 vel
620 878 822 930 Christi
863 888 916 929 et
950 876 1211 938 Ecclesiae,

146 964 314 1016 quam
343 964 545 999 sacram
575 963 688 999 rem
720 948 985 1015 significat
1014 956 1066 997 et
1093 946 1214 998 effi-

144 1019 219 1071 cit
258 1020 526 1080 Christus,
561 1019 655 1085 qui
696 1018 937 1070 interfuit
969 1017 1209 1083 nuptiis;

144 1090 366 1142 tertium
402 1101 482 1141 est
521 1091 698 1156 proles
747 1089 1105 1156 suscipienda,
1161 1098 1214 1138 et

143 1161 419 1212 educanda
453 1160 508 1210 in
547 1159 652 1210 fide
685 1158 911 1222 Christi,
943 1160 1089 1225 quod
1133 1158 1214 1209 si-

141 1229 401 1298 gnificant
447 1229 647 1289 Christi
695 1229 966 1296 discipuli.
1011 1257 1073 1267 —
1110 1230 1212 1279 Se-

139 1304 330 1354 cundae
415 1302 619 1366 nuptiae
708 1300 1004 1367 allegoricae
1087 1309 1211 1351 sunt

140 1374 340 1425 divinae
363 1373 771 1424 Incarnationis.
803 1373 863 1423 In
893 1372 981 1422 his
1005 1371 1212 1437 nuptiis

143 1446 380 1510 sponsus
427 1453 504 1494 est
555 1443 728 1494 Filius
789 1443 915 1503 Dei,
969 1443 1210 1494 Verbum

143 1526 437 1579 aeternum3
464 1531 661 1582 sponsa
685 1531 832 1579 vero,
857 1515 1097 1564 humana
1124 1530 1214 1565 na·-

142 1596 283 1638 tura.
335 1588 394 1638 In
436 1587 525 1637 his
581 1586 802 1652 nuptiis,
848 1585 1081 1636 totaliter
1111 1585 1213 1636 fuit

144 1661 317 1711 Mater
353 1661 497 1720 Jesu,
541 1669 592 1710 et
620 1659 734 1726 ipse
759 1660 933 1722 Jesus,
964 1668 1016 1709 et
1044 1658 1212 1709 disci-

141 1731 262 1798 puli
290 1727 403 1797 ejus
430 1731 616 1792 futuri,
647 1746 785 1798 quos
811 1731 971 1797 elegit
990 1731 1047 1781 in
1076 1731 1213 1797 ipse,

140 1814 269 1856 ante
297 1804 487 1854 mundi
519 1804 981 1855 constitutionem.
1010 1803 1215 1854 Harum

142 1875 458 1940 nuptiarum
500 1874 678 1941 proles
718 1885 847 1925 sunt
889 1890 1075 1926 ornnes
1120 1875 1215 1941 qui

138 1944 369 1995 credunt
395 1944 450 1994 in
480 1959 625 1994 eum.
650 1944 839 2005 Aliter,
868 1944 982 1994 istae
1015 1945 1219 2010 nuptiae

138 2014 425 2081 allegorice
452 2016 704 2065 dicuntur
733 2031 851 2066 esse
886 2016 1028 2067 inter
1065 2017 1218 2067 Chri-

138 2095 293 2138 stum
340 2101 604 2152 sponsum
631 2096 682 2137 et
719 2087 1016 2139 Ecclesiam
1059 2104 1216 2154 spon·

139 2173 261 2210 sam
284 2198 298 2220 ,
356 2175 584 2225 quarum
662 2161 973 2226 nuptiarum
1038 2162 1215 2226 proles

138 2241 274 2281 sunt
325 2246 516 2281 omnes
573 2230 757 2282 fideles
789 2271 802 2291 ,
861 2241 912 2283 et
960 2232 1098 2283 redit
1153 2232 1211 2283 in

141 2300 290 2351 idem
321 2316 446 2351 cum
478 2301 585 2366 jam
628 2302 936 2367 praemissis.
978 2331 1040 2341 —
1073 2304 1211 2354 Ter-

141 2369 235 2422 tiae
266 2372 467 2437 nuptiae
494 2381 623 2423 sunt
649 2373 1013 2439 tropologicae,
1044 2373 1211 2439 spiri-

141 2441 307 2494 tualis
359 2442 604 2493 videlicet
653 2443 1054 2507 conjunctionis
1113 2443 1210 2494 Dei

140 2520 199 2562 et
215 2513 444 2576 animae;
473 2513 527 2563 in
551 2512 640 2563 his
672 2513 879 2578 nuptiis
907 2513 1213 2565 consistunt

140 2582 248 2634 tria
292 2584 434 2634 bona
471 2583 707 2649 conjugii
748 2600 762 2632 ε
810 2583 960 2648 fides,
1013 2586 1209 2650 proles,

136 2664 554 2705 sacramentum.
619 2683 681 2693 —
740 2654 952 2715 Quartae
1003 2657 1209 2721 nuptiae

137 2734 270 2775 sunt
293 2724 596 2791 anagogicae
625 2735 677 2775 et
704 2728 957 2787 coelesteS‚
997 2727 1056 2778 in
1081 2728 1210 2794 qui-

137 2795 245 2845 bus
269 2796 524 2860 gaudium
555 2805 800 2846 nostrum
840 2798 940 2847 erit
967 2799 1207 2864 plenum.

136 2867 302 2938 Unde
344 2868 402 2917 in
448 2868 770 2935 Apocalypsi
799 2884 813 2918 ε
844 2870 1206 2935 Gaudeamus,

136 2944 195 2990 et
237 2939 584 3002 exsultemus,
639 2946 691 2990 et
740 2941 924 2991 demus
969 2941 1206 3007 gloriam

135 3011 258 3062 Deo
283 3027 301 3059 .·
330 3010 455 3076 quia
504 3018 758 3061 venerunt
803 3012 1003 3078 nuptiae
1035 3014 1203 3079 Agni,

136 3087 194 3133 et
222 3097 368 3133 uxor
393 3082 509 3148 ejus
523 3084 867 3149 proeparavit
892 3098 969 3135 se.
1001 3085 1085 3135 Ad
1110 3085 1206 3135 has

134 3152 356 3217 nuptias
389 3168 498 3202 non
528 3153 751 3214 intrant,
782 3154 885 3204 nisi
921 3154 1079 3215 beati,
1110 3156 1204 3221 qui

134 3223 207 3275 ad
255 3239 460 3276 coenam
510 3226 821 3291 nuptiarum
854 3227 996 3293 Agni
1034 3228 1204 3279 vocati

134 3305 284 3357 sunt,
319 3299 503 3363 quales
534 3308 664 3349 sunt
697 3298 937 3364 virgines
967 3300 1204 3364 pruden-

134 3378 238 3428 tes,
279 3384 399 3434 quae
436 3369 764 3420 intraverunt
813 3386 937 3420 cum
985 3385 1203 3436 sponso,

129 3443 189 3490 et
212 3438 403 3490 clausa
429 3447 511 3490 est
532 3440 727 3507 janua.
757 3440 907 3490 Sicut
926 3454 1052 3507 ergo
1077 3451 1205 3492 sunt

132 3514 338 3579 nuptiae
370 3515 612 3565 hominis
641 3527 693 3566 et
719 3515 962 3566 hominis
990 3517 1045 3566 in
1082 3533 1203 3568 car-

129 3585 242 3636 nali
289 3586 662 3651 copulatione,
716 3586 791 3637 ita
829 3596 954 3637 sunt
1003 3588 1204 3654 nuptiae

129 3656 236 3707 Dei
276 3666 328 3706 et
354 3658 596 3708 hominis
631 3657 688 3708 in
719 3668 1030 3709 naturarum
1067 3675 1204 3710 con-

130 3727 431 3793 junctione,
495 3739 548 3779 et
599 3729 825 3795 spiritus
882 3730 1078 3791 creati,
1153 3740 1204 3780 et

132 3796 375 3864 Spiritus
417 3798 634 3850 increati
675 3800 928 3851 societate
961 3816 975 3850 ι
1007 3810 1059 3851 et
1102 3801 1205 3851 hoc

134 3868 199 3919 in
245 3868 412 3934 gratia
442 3879 494 3919 et
532 3870 719 3936 gloria.
770 3869 963 3921 Primae
1005 3871 1205 3937 nuptiae

135 3938 239 3992 Dei
262 3948 316 3989 et
338 3939 581 3990 hominis
604 3939 752 3991 factae
778 3951 920 4003 sunt,
950 3957 1074 3992 cum
1099 3943 1206 3992 hu-

137 4023 362 4061 manam
400 4019 647 4061 naturam
680 4010 876 4064 divinae
912 4022 1111 4064 naturae
1148 4012 1204 4063 in

2297 405 2392 456 261

1321 519 1586 570 unitatem
1616 536 1864 587 personae
1894 520 2181 587 copulavit.
2208 522 2404 572 Secun-

1321 589 1404 641 dae
1457 600 1586 641 sunt
1644 591 1741 642 Dei
1801 601 1855 643 et
1900 591 2146 643 hominis
2188 591 2241 642 in
2289 608 2399 643 uno

1320 663 1534 729 spiritu,
1557 664 1614 714 in
1627 664 1797 731 gratia
1810 664 2090 718 charitatis
2103 665 2398 728 conjuncti.

1321 734 1518 785 Tertiae
1540 744 1668 785 sunt
1698 736 1796 785 Dei
1832 746 1885 787 et
1913 735 2157 786 hominis
2192 735 2248 785 in
2279 736 2397 801 glo-

1320 805 1429 868 ria;
1458 807 1675 872 quando
1698 806 1871 858 fidelis
1887 807 2069 858 anima
2094 807 2397 873 ingreditur

1319 875 1619 927 thalamum
1641 878 1844 943 sponsi,
1865 877 1920 927 in
1940 886 2144 928 secreto
2168 877 2396 928 coelestis

1319 949 1565 1000 luminis.
1619 951 1677 1000 In
1731 950 1990 1001 omnibus
2045 958 2226 999 autem
2285 948 2391 1008 his,

1316 1033 1455 1085 aqua
1496 1029 1719 1070 terrenae
1768 1019 2151 1070 consolationis
2193 1017 2395 1084 insipi-

1316 1090 1398 1140 dae
1450 1090 1643 1140 transit
1691 1091 1750 1140 in
1797 1091 1988 1142 vinum
2044 1090 2395 1156 jucunditatis

1314 1171 1543 1222 aeternae,
1587 1162 1643 1212 in
1670 1162 1767 1213 Dei
1810 1177 1998 1228 sapore
2032 1171 2085 1213 et
2117 1162 2391 1212 societate.

1346 1279 1353 1289 ,
1386 1249 1442 1283 11
1485 1233 1629 1294 Qum
1669 1249 1882 1284 numm
1932 1249 1988 1283 ιι(
2024 1233 2170 1284 Cam
2211 1249 2393 1284 meus

1312 1319 1643 1354 Ahar-:comcs
1680 1305 2047 1355 smum-resur?
2080 1332 2142 1342 —
2186 1304 2391 1354 Possu-

1317 1390 1440 1425 mus
1476 1375 1637 1425 etiam
1666 1375 1840 1425 dicere
1869 1375 2014 1441 quod
2034 1389 2128 1440 per
2155 1374 2391 1440 nuptias,

1313 1445 1381 1496 de
1400 1446 1602 1513 quibus
1624 1446 1714 1496 hic
1743 1447 2040 1497 secundum
2064 1461 2285 1497 sensum
2306 1446 2389 1496 lit-

1314 1517 1532 1566 teralem
1559 1515 1771 1577 dicitur,
1794 1515 2097 1581 conjunctio
2113 1515 2318 1567 Christi
2339 1525 2392 1565 et

1317 1584 1569 1636 Ecclesiae
1597 1585 1951 1653 intelligitur:
1981 1596 2034 1637 et
2069 1585 2216 1654 quod
2245 1584 2389 1635 istud

1317 1657 1729 1709 matrimonium
1802 1659 1861 1710 in
1925 1669 2077 1711 utero
2139 1656 2387 1724 virginali

1317 1727 1592 1778 initiatum
1628 1727 1748 1790 fuit,
1800 1731 2018 1795 quando
2058 1731 2203 1781 Deus
2232 1727 2390 1777 Pater

1318 1799 1460 1849 Filio
1488 1799 1782 1850 humanam
1813 1812 2058 1852 naturam
2091 1801 2150 1851 in
2183 1799 2388 1850 unitate

1320 1883 1562 1934 personae
1607 1870 1784 1922 univit
1804 1910 1819 1933 ,
1873 1882 1926 1923 et
1982 1872 2060 1923 sic
2118 1872 2389 1922 thalamus

1319 1940 1481 2005 hujus
1550 1943 1942 2007 conjunctionis
2020 1943 2124 1995 fuit
2201 1951 2388 1993 uterus

1316 2010 1615 2076 virginaliS.
1663 2013 2001 2065 Publicatum
2039 2022 2217 2064 autem
2261 2010 2384 2070 fuit,

1318 2083 1537 2146 quando
1597 2082 1828 2134 Ecclesia
1888 2083 1993 2134 sibi
2060 2098 2155 2149 per
2221 2080 2383 2131 fidem

1316 2152 1600 2217 conjuncta
1638 2161 1754 2216 est;
1785 2163 2224 2204 consummatum
2256 2165 2383 2201 vero

1316 2221 1435 2283 erit,
1463 2222 1679 2289 quando
1706 2239 1918 2290 sponsa,
1948 2224 2003 2275 id
2027 2234 2107 2276 est
2132 2219 2382 2281 Ecclesia,

1316 2293 1686 2345 introducetur
1723 2295 1780 2346 in
1822 2296 2122 2347 thalamum
2160 2291 2380 2358 sponsi,

1316 2365 1374 2416 in
1400 2368 1665 2418 coelestem
1690 2368 1889 2420 scilicet
1912 2368 2157 2435 gloriam.
2182 2368 2272 2426 Et,
2298 2380 2385 2416 se-

1315 2436 1554 2486 cundum
1582 2438 1806 2508 Bedam,
1835 2455 1942 2488 non
1965 2448 2113 2489 vacat
2134 2453 2165 2488 a
2190 2445 2383 2503 myste—

1315 2507 1419 2568 ri0,
1470 2508 1615 2575 quod
1652 2509 1738 2559 die
1785 2510 1945 2560 tertia
1977 2510 2177 2575 nuptiae
2208 2509 2384 2574 sactae

1314 2576 1637 2629 referuntur.
1668 2579 1881 2631 Primus
1903 2596 2136 2647 namque
2163 2580 2281 2629 dies
2304 2586 2384 2628 est

1314 2658 1530 2715 tempus
1574 2649 1709 2716 legis
1738 2660 1958 2713 naturae,
2002 2667 2112 2717 quo
2147 2649 2383 2701 Patriar-

1313 2722 1538 2774 charum
1580 2726 1866 2791 exemplo;
1910 2725 2197 2788 secundus,
2243 2733 2383 2773 tem-

1314 2808 1416 2859 pus
1435 2794 1594 2860 Legis
1609 2795 1838 2861 scriptae,
1864 2811 1974 2861 quo
1996 2794 2383 2860 Prophetarum

1312 2865 1528 2931 scriptis
1560 2882 1574 2930 ;
1640 2867 1849 2928 tertiuS,
1907 2877 2121 2932 ternpus
2178 2864 2378 2932 gratiae,

1311 2955 1422 3008 quo
1501 2941 1961 3007 Evangelistarum
2048 2939 2331 3007 praeconiis
2365 2978 2379 2997 ,

1311 3011 1467 3077 quasi
1488 3011 1656 3062 tertiae
1674 3011 1778 3062 diei
1794 3013 1910 3063 luce
1932 3013 2135 3063 mundo
2150 3011 2378 3069 refulsit,

1309 3082 1367 3133 in
1420 3099 1529 3150 quo
1576 3083 1845 3135 Dominus
1908 3083 1967 3135 in
2018 3099 2176 3135 carne
2222 3094 2379 3135 natus

1309 3154 1573 3220 apparuit,
1595 3164 1648 3205 et
1666 3155 1879 3221 nuptias
1898 3156 2199 3208 celebravit.
2225 3155 2380 3208 Unde

1311 3227 1450 3278 Osee
1493 3243 1507 3277 ε
1567 3226 1869 3295 Vivzficabit
1918 3243 2016 3280 nos
2057 3234 2187 3295 post
2237 3228 2373 3278 duos

1309 3297 1426 3348 dies
1445 3314 1466 3359 ;
1508 3297 1561 3347 in
1609 3298 1695 3348 die
1736 3298 1896 3349 tertia
1938 3298 2221 3349 suscitabit
2261 3310 2375 3355 nos,

1310 3379 1407 3420 etc.
1439 3369 1541 3419 Sed
1585 3368 1651 3419 ad
1689 3368 1793 3419 hoc
1820 3370 1966 3435 quod
1999 3369 2055 3420 in
2088 3370 2233 3420 Cana
2265 3368 2377 3417 Ga-

1309 3439 1481 3495 lilaeae,
1512 3438 1568 3488 id
1592 3449 1673 3490 est
1709 3439 1826 3506 zelo
1856 3437 2375 3504 transmigrationis,

1308 3511 1510 3561 eaedem
1560 3510 1763 3576 nuptiae
1809 3511 1959 3561 factae
2005 3509 2376 3576 perhibentur,

1308 3584 1575 3651 significat
1602 3600 1693 3636 eos
1717 3585 1885 3651 gratia
1905 3584 2002 3635 Dei
2027 3583 2221 3649 dignos
2241 3597 2375 3645 esse,

1308 3657 1402 3723 qui
1450 3656 1564 3709 zelo
1604 3657 1907 3709 devotionis
1952 3656 2173 3716 fervere,
2214 3671 2274 3707 ac
2311 3655 2377 3706 de

1309 3729 1457 3781 vitiis
1495 3730 1560 3780 ad
1593 3730 1836 3791 virtutes,
1868 3739 1919 3781 et
1954 3730 2020 3779 de
2048 3728 2274 3779 terrenis
2309 3728 2376 3778 ad

1311 3810 1509 3851 aeterna
1539 3810 1741 3851 norunt
1764 3799 2160 3865 transmigrare.
2190 3798 2273 3862 Et,
2300 3813 2376 3849 se-

1309 3871 1546 3922 cundum
1570 3872 1949 3938 Augustinum,
1972 3870 2226 3937 mysteria
2251 3886 2373 3937 quae

1309 3942 1368 3993 in
1398 3943 1492 3993 illo
1527 3943 1747 3993 Domini
1779 3944 2035 3994 miraculo
2063 3944 2246 4004 latent,
2284 3942 2372 3994 vi-

1309 4013 1564 4076 deamus;
1591 4013 1868 4078 oportebat
1896 4013 2120 4080 implere
2145 4013 2203 4064 in
2218 4013 2369 4065 Chri-
