2784 4452
277 288 374 340 DE
414 287 853 338 NATIVITATE
884 286 978 337 ET
1010 283 1562 336 CIRCUMCISIONE
1590 283 1885 334 JOANNIS
1920 286 2299 340 BAPTISTAE.
2347 289 2418 340 63

172 404 441 472 Augus-tin
448 420 551 465 um,
569 401 699 467 quia
715 401 934 451 illorum
950 409 1072 466 post
1093 398 1238 449 nati-

172 478 381 529 vitatem
402 486 460 526 et
479 473 649 526 aetatis
669 488 959 533 accessum,
979 471 1114 522 fides
1135 473 1238 522 Do-

168 551 306 602 mino
351 547 605 606 adhaesit,
662 546 756 596 sed
804 544 1008 595 nullius
1046 560 1235 594 eorum

166 620 407 670 nativitas
449 616 671 669 Christo
699 615 970 666 militavit.
1008 614 1236 666 Joannis

165 702 331 743 autem
352 687 663 740 Dominum
688 686 807 752 ipsa
840 685 1090 736 nativitas
1117 701 1235 751 pro-

163 763 406 828 phetavit,
436 775 604 827 quem
643 768 933 824 conceptus
971 773 1039 808 ex
1079 768 1232 809 utero

159 834 418 884 salutavit.
451 831 654 882 Idcirco
673 830 837 880 etiam
855 829 1079 880 Joannis
1101 831 1234 880 cele-

161 906 327 955 bratur
377 904 656 963 nativitaS,
697 903 829 968 quia
853 903 1089 953 ,Ioannes
1129 903 1228 953 Dei

158 980 309 1043 gratia
367 979 533 1027 datus
583 975 786 1026 scilicet
835 985 889 1027 et
950 983 1109 1026 natus
1147 985 1230 1026 est

158 1050 301 1101 initio
329 1049 605 1115 temporis
636 1047 821 1115 gratiae
846 1064 862 1098 ι
889 1048 1021 1114 quia
1063 1048 1226 1099 etiam

155 1122 362 1186 gratiam
404 1119 549 1170 Novi
584 1118 914 1169 Testamenti
946 1128 1058 1169 erat
1100 1135 1227 1185 prae-

157 1191 441 1251 dicaturu5‚
491 1189 587 1256 qui
624 1189 791 1240 etiam
843 1189 903 1240 in
947 1199 1100 1239 utero
1144 1200 1224 1240 εει

156 1263 454 1313 mundatus.
514 1260 617 1310 Die
661 1275 881 1326 quoque
926 1259 1222 1311 nativitatis

154 1333 360 1384 Ioannis
419 1332 655 1399 quidam
708 1332 954 1382 lucernas
1016 1332 1219 1382 multas

151 1406 454 1466 accendunt,
491 1404 550 1454 in
582 1419 692 1469 quo
739 1403 1074 1469 significatur
1103 1404 1219 1469 ejus

149 1491 251 1527 esse
269 1477 448 1537 diem,
482 1475 553 1525 de
578 1491 688 1542 quo
714 1474 984 1525 Dominus
1022 1475 1159 1528 dixit
1201 1493 1215 1526 z

147 1546 233 1597 Ille
265 1553 385 1598 erat
429 1546 656 1596 lucerna
690 1546 893 1596 ardens
932 1553 983 1597 et
1015 1548 1211 1599 lucens·

203 1617 255 1667 15
292 1618 651 1669 Cmcuumsm
719 1615 1118 1683 Pmounsoms,
1151 1647 1213 1657 -·

145 1686 324 1737 Octavo
350 1697 545 1736 autem
585 1685 673 1735 die
709 1701 741 1736 a
770 1685 1044 1737 nativitate
1067 1689 1211 1740 Prae-

146 1760 360 1810 cursoris
393 1764 660 1809 venerunt
683 1758 1065 1810 circumcidere
1082 1776 1212 1827 pue-

142 1847 248 1882 rum
297 1832 609 1883 secundum
673 1841 997 1898 praeceptum
1053 1834 1207 1899 legis,

142 1905 199 1955 Et
219 1906 340 1972 quia
367 1907 427 1955 in
463 1904 879 1957 circumcisione
921 1915 1053 1957 tunc
1096 1907 1208 1957 im-

138 1977 421 2040 ponebatur
447 1992 656 2026 nomen
682 1991 870 2042 puero,
885 1978 1024 2027 sicut
1043 1980 1205 2031 modo

138 2045 421 2112 imponitur
452 2047 518 2096 in
544 2047 836 2112 baptismO,
865 2047 987 2098 ideo
1011 2049 1204 2099 subdi-

135 2123 208 2165 tur
237 2134 249 2166 :
282 2117 361 2169 Et
387 2117 664 2168 vocabant
708 2133 826 2169 eum
857 2118 1067 2169 nomine
1088 2135 1202 2186 pa-

136 2188 221 2240 tris
241 2189 342 2253 sui,
373 2189 741 2242 Zachariam.
765 2191 882 2241 Mos
921 2190 1069 2242 enim
1091 2203 1201 2245 erat

134 2261 475 2328 antiquorum
517 2261 804 2326 imponere
838 2262 1063 2314 nomina
1101 2258 1200 2329 pa-

134 2337 256 2380 trum
276 2331 691 2397 primogenitis,
726 2342 782 2383 et
804 2334 1042 2385 maxime
1066 2336 1197 2385 uni-

131 2401 324 2465 genitiS.
363 2404 628 2469 Congrue
658 2414 841 2455 autem
872 2404 1197 2471 imponeba-

130 2481 203 2523 tur
239 2491 449 2526 nomen
497 2476 556 2525 in
597 2476 1025 2540 circumcisione,
1068 2481 1197 2546 quia

129 2547 305 2609 nullus,
339 2548 455 2599 nisi
497 2548 712 2614 abjiciat
757 2551 1007 2612 carnalia,
1048 2554 1194 2620 quod

127 2617 373 2684 significat
395 2620 764 2682 circumcisi0‚
788 2622 988 2688 dignus
1019 2633 1100 2674 est
1134 2634 1194 2675 ut

127 2705 304 2742 nomen
330 2693 454 2757 ejus
481 2693 748 2744 scribatur
776 2693 835 2744 in
873 2695 1015 2746 libro
1050 2697 1191 2749 vitae.

125 2757 189 2809 Et
211 2762 550 2829 respondens
598 2769 770 2814 mater
817 2765 953 2831 ejuS,
998 2766 1191 2819 dixit.-

124 2844 458 2898 nequaquam,
499 2832 702 2884 scilicet
726 2851 742 2884 ε
770 2850 881 2885 non
912 2837 1193 2888 vocabitur

125 2898 413 2966 Zacharias-‚3
451 2903 555 2953 sed
607 2905 884 2955 vocabitur
930 2906 1188 2960 Joannes.

124 2971 219 3024 Hoc
240 2974 346 3026 sibi
371 2992 406 3025 a
430 2976 550 3025 Deo
579 2979 873 3029 revelatum
910 2978 1033 3040 fuit,
1060 2981 1190 3046 quia

122 3058 147 3095 a
187 3057 326 3112 patre
379 3059 541 3100 muto
609 3066 721 3102 non
762 3051 971 3103 didicit.
1038 3054 1189 3104 Pater

123 3115 260 3168 etiam
295 3130 443 3171 nutu
507 3130 563 3171 et
607 3121 797 3188 signo,
846 3123 914 3174 de
960 3123 1186 3176 nomine

120 3185 433 3255 imponendo
476 3192 868 3261 interrogatus,
914 3211 1011 3261 per
1037 3198 1184 3263 quod

118 3261 307 3316 videtur
335 3268 490 3333 quod
524 3284 637 3319 non
676 3279 895 3322 tantum
918 3280 1031 3322 erat
1055 3288 1183 3322 mu-

120 3339 206 3398 tus,
228 3340 318 3389 sed
339 3340 509 3391 etiam
533 3343 749 3403 surdus,
774 3344 1074 3408 postulavit
1101 3346 1182 3397 si-

119 3419 222 3469 gn0‚
259 3427 375 3461 non
409 3413 597 3474 verbe,
616 3415 971 3481 pugillarem,
1008 3416 1062 3466 id
1100 3427 1183 3468 est

118 3479 335 3533 tabulam
402 3494 612 3536 tantam
657 3497 922 3552 quantum
973 3498 1179 3554 poterat

116 3550 335 3616 pugillus
354 3571 561 3621 capere.
583 3557 738 3608 Unde
752 3559 1049 3609 secundum
1064 3562 1181 3611 vul-

118 3632 224 3682 gare
250 3625 646 3688 Romanorum,
672 3629 875 3694 pugilla
895 3640 976 3684 est
995 3631 1177 3681 tabula

118 3690 172 3739 ad
205 3695 578 3748 scribendum.
606 3698 818 3750 Dicitur
868 3700 1033 3751 etiam
1068 3701 1175 3752 ali-

119 3767 316 3827 quando
357 3770 642 3835 pugillaris
680 3773 935 3834 calamus,
975 3783 1031 3825 et
1068 3784 1175 3841 sty-

118 3831 210 3896 lus,
247 3847 301 3888 et
355 3842 648 3906 graphium
701 3859 815 3910 quo
862 3844 1170 3897 scribimus.

118 3903 180 3959 Et
217 3911 470 3979 scripsit,
526 3915 711 3968 diceus
753 3934 772 3970 .·
806 3917 1045 3972 Joannes
1090 3924 1172 3971 est

1347 413 1535 449 nomen
1554 397 1688 464 ejuS.
1716 398 1841 448 Non
1874 399 2023 460 dicit,
2044 402 2164 463 erit,
2191 405 2284 454 sed
2304 412 2386 456 est
2391 422 2415 467 ,-

1344 471 1502 536 quasi
1522 470 1662 521 dicat
1694 487 1709 520 :
1737 471 1843 535 jam
1864 480 1945 521 est
1962 471 2283 538 impositum
2310 493 2414 528 no-

1345 558 1472 593 men
1502 557 1532 591 a
1563 542 1677 592 Deo
1704 551 1758 593 et
1793 543 1862 594 ab
1892 545 2104 611 Angelo
2131 563 2145 596 ε
2178 564 2280 614 ego
2299 566 2411 601 non

1341 612 1585 680 impono,
1613 614 1707 665 sed
1736 614 2054 681 impositum
2075 617 2277 670 indico,

1413 683 1475 734 16
1508 685 1628 736 Cun
1648 686 1868 737 Jomms
1898 703 2074 737 nonum
2098 704 2181 738 su·
2204 706 2255 739 ει
2287 708 2412 744 pno-

1338 755 1540 807 rtuuu?
1568 785 1629 795 -
1660 757 1726 807 Et
1777 758 2076 808 notandum
2118 761 2263 825 quod
2306 763 2410 815 hoc

1335 842 1539 878 nomen
1571 828 1813 879 Joannes
1849 828 1952 880 fuit
1986 829 2035 880 ei
2078 832 2359 896 proprium
2389 854 2404 886 ι

1336 899 1534 964 primo,
1566 910 1782 966 propter
1801 901 2194 967 plenitudinem
2220 906 2403 971 gratiae

1336 988 1504 1039 quam
1552 974 1773 1038 habuit;
1830 976 2067 1026 secundo
2089 1014 2106 1037 ,
2188 990 2403 1045 propter

1334 1052 1548 1109 tempus
1607 1044 1792 1111 gratiae
1811 1082 1827 1105 ,
1883 1046 2031 1110 quod
2098 1047 2398 1113 inchoavit;

1331 1115 1511 1177 tertio,
1540 1124 1759 1181 propter
1793 1117 2161 1168 excellentiam
2198 1120 2399 1185 gratiae,

1331 1201 1498 1252 quam
1555 1186 1766 1253 primus
1814 1188 2142 1254 praedicavit,
2199 1191 2401 1243 scilicet

1328 1257 1709 1308 remissionem
1743 1269 2100 1325 peccatorum,
2129 1272 2182 1311 et
2216 1263 2399 1328 gratiae

1328 1329 1689 1382 collationem.
1744 1331 1825 1382 Et
1877 1332 2062 1383 mirati
2113 1341 2237 1384 sunt
2273 1336 2398 1386 uni-

1327 1399 1473 1449 versi
1517 1415 1677 1466 super
1704 1402 2072 1453 convenientia
2095 1414 2147 1454 et
2168 1420 2396 1456 concor-

1324 1472 1509 1523 dantia
1549 1473 1691 1524 inter
1730 1484 1939 1540 patrem
1977 1486 2031 1526 et
2063 1487 2290 1529 matrem
2328 1481 2396 1531 de

1325 1546 1549 1598 nomine
1590 1548 1763 1613 pueri,
1802 1563 1900 1599 seu
1943 1548 2013 1601 de
2047 1549 2396 1617 impositione

1324 1617 1926 1685 nominis-hujusmodi.

1392 1706 1458 1756 17
1514 1692 1809 1743 MraAerA
1860 1709 1982 1752 ρυλε
2032 1710 2172 1745 Tunc
2222 1712 2392 1747 FACTA

1317 1775 1474 1811 sunr.
1497 1789 1557 1798 —
1580 1763 1645 1811 Et
1677 1773 1807 1813 tunc
1833 1771 2077 1830 apertum
2097 1772 2178 1816 est
2209 1782 2272 1818 os
2298 1768 2391 1819 Za-

1317 1830 1531 1892 chariae‚
1559 1838 1612 1884 et
1632 1833 1874 1885 resoluta
1907 1846 1987 1885 est
2016 1836 2208 1905 lingua
2241 1839 2357 1905 ejus
2367 1855 2390 1900 ‚-

1313 1903 1445 1967 quia
1465 1919 1629 1971 quam
1657 1905 1900 1958 vinxerat
1927 1907 2287 1970 incredulitaS‚
2317 1910 2387 1961 fi-

1314 1973 1410 2023 des
1452 1974 1628 2026 solvit.
1669 1976 1773 2026 Per
1807 1975 2202 2028 confessionem
2240 1981 2384 2032 enim

1310 2044 1438 2097 fidei
1476 2047 1532 2098 in
1553 2048 1771 2115 scripte,
1790 2064 1956 2115 quam
1992 2051 2174 2102 verbis
2215 2053 2386 2105 facere

1308 2130 1421 2165 non
1468 2127 1691 2183 poterat,
1724 2118 1924 2170 meruit
1960 2119 2195 2182 liberari,
2244 2124 2384 2175 sicut

1310 2199 1529 2255 propter
1581 2191 1806 2242 verbum
1864 2191 2225 2245 dubitationis
2292 2196 2383 2247 de-

1309 2271 1579 2312 meruerat
1620 2261 1793 2327 ligari.
1841 2262 1964 2321 Quo
1995 2262 2131 2314 facto
2154 2303 2168 2325 ,
2212 2266 2382 2330 gratia

1308 2332 1447 2383 Novi
1506 2333 1837 2384 Testamenti
1877 2344 2126 2395 reserata,
2181 2336 2234 2386 id
2279 2348 2378 2400 est,

1306 2406 1645 2459 manifestata
1671 2407 1976 2458 ostenditur
2002 2423 2139 2461 esse.
2172 2411 2249 2461 Et
2291 2413 2377 2464 lo-

1304 2478 1567 2543 quebatur
1613 2478 1920 2531 benedicens
1958 2480 2132 2530 Deum
2163 2499 2261 2549 pro
2282 2484 2376 2534 be-

1302 2548 1509 2599 neficiis
1539 2548 1770 2600 ostensis
1790 2550 1930 2601 circa
1952 2566 2098 2603 eum.
2126 2553 2234 2604 Nec
2262 2555 2374 2610 mi-

1304 2636 1428 2672 rum
1461 2621 1508 2671 si
1531 2622 1869 2688 loquebatur,
1890 2622 2019 2690 quia
2041 2624 2190 2688 prior
2218 2642 2370 2687 suuS,

1300 2694 1503 2746 scilicet
1523 2696 1687 2757 Deus,
1716 2695 1935 2747 dederat
1958 2696 2008 2746 ei
2032 2698 2331 2751 benedicite
2353 2716 2369 2764 ;

1298 2774 1353 2815 et
1394 2765 1517 2817 ideo
1545 2766 1817 2817 benedixit
1847 2767 2041 2827 Deum,
2076 2770 2370 2821 secundum

1299 2837 1437 2889 illud
1469 2855 1486 2891 ε
1516 2838 1845 2901 Benedicite‚
1895 2842 2204 2893 sacerdotes
2245 2844 2370 2894 Do-

1298 2910 1449 2975 mini,
1485 2911 1738 2965 Domino.
1764 2941 1825 2951 —
1843 2913 1921 2964 Et
1932 2914 2126 2980 sactus
2167 2922 2249 2967 est
2292 2917 2368 2967 ti-

1296 2997 1416 3034 mor
1469 2997 1703 3048 magnus
1739 2998 1904 3049 Super
1943 2999 2124 3036 omnes
2166 2985 2369 3039 vicinos

1294 3066 1478 3104 eorum
1486 3069 1507 3115 ,·
1537 3053 1705 3103 timor
1739 3053 1940 3105 scilicet
1972 3057 2366 3121 admirationiS,

1294 3125 1361 3175 de
1385 3125 1475 3176 his
1497 3141 1620 3191 quae
1640 3125 1775 3179 facta
1797 3138 1928 3178 sunt
1950 3128 2008 3178 in
2049 3140 2172 3180 ortu
2197 3131 2366 3182 Joan-

1294 3196 1401 3257 niS,
1427 3198 1628 3249 scilicet
1662 3200 1734 3250 de
1773 3209 1930 3266 partu
1959 3202 2105 3252 senis
2125 3212 2176 3253 et
2198 3204 2363 3255 steri-

1290 3268 1378 3329 lis,
1403 3269 1470 3319 de
1515 3269 1868 3337 impositione
1913 3273 2156 3324 nominis
2184 3275 2365 3341 singu·

1289 3342 1419 3393 laris
1442 3381 1458 3404 ,
1516 3345 1584 3394 de
1648 3345 1970 3397 miraculosa
2021 3348 2363 3398 restitutione

1289 3414 1617 3480 locutionis;
1665 3419 1751 3469 vel
1807 3418 1973 3469 timor
2019 3420 2357 3485 punitionis,

1286 3487 1419 3554 quia
1485 3489 1728 3541 videntes
1803 3491 1983 3541 virum
2042 3491 2359 3558 religiosum

1284 3568 1502 3626 propter
1552 3562 1944 3614 haesitationem
1972 3563 2050 3613 sic
2085 3563 2356 3629 punitum,

1284 3632 1548 3684 timebant
1579 3634 1685 3685 sibi
1714 3651 1925 3695 omnes,
1952 3636 2176 3686 scientes
2210 3637 2357 3701 quod

1285 3721 1398 3755 non
1448 3715 1588 3756 esset
1636 3715 1818 3757 tutum
1854 3707 2120 3757 offendere
2160 3707 2356 3760 Deum.

1280 3776 1358 3826 Et
1394 3791 1559 3843 super
1602 3777 1781 3828 omnia
1817 3784 2067 3828 montana
2103 3776 2350 3841 Judoeoe‚

1277 3846 1621 3900 circumcirca
1680 3849 2102 3914 divulgabantur
2169 3849 2351 3900 omnia

1277 3920 1439 3972 verba
1501 3919 1637 3982 haec,
1683 3919 1885 3971 scilicet
1943 3919 2196 3985 praedicta
2238 3920 2354 3972 mi-
