<?xml version="1.0" encoding="UTF-8"?>
<!DOCTYPE html PUBLIC "-//W3C//DTD XHTML 1.0 Transitional//EN"
    "http://www.w3.org/TR/xhtml1/DTD/xhtml1-transitional.dtd">
<html xmlns="http://www.w3.org/1999/xhtml" xml:lang="en" lang="en">
 <head>
  <title>
</title>
<meta http-equiv="Content-Type" content="text/html;charset=utf-8" />
  <meta name='ocr-system' content='tesseract 3.04.00' />
  <meta name='ocr-capabilities' content='ocr_page ocr_carea ocr_par ocr_line ocrx_word'/>
</head>
<body>
  <div class='ocr_page' id='page_1' title='image "./vitajesuchristi00sachgoog_0481.png"; bbox 0 0 2784 4452; ppageno 0'>
   <div class='ocr_carea' id='block_1_1' title="bbox 811 300 2224 367">
    <p class='ocr_par' dir='ltr' id='par_1_1' title="bbox 811 300 2224 367">
     <span class='ocr_line' id='line_1_1' title="bbox 811 300 2224 367; baseline -0.002 -12"><span class='ocrx_word' id='word_1_1' title='bbox 811 304 903 355; x_wconf 86' lang='lat' dir='ltr'>ET</span> <span class='ocrx_word' id='word_1_2' title='bbox 935 300 1417 353; x_wconf 83' lang='lat' dir='ltr'>NUMERORUM.</span> <span class='ocrx_word' id='word_1_3' title='bbox 2121 301 2224 367; x_wconf 84' lang='lat'>465</span> 
     </span>
    </p>
   </div>
   <div class='ocr_carea' id='block_1_2' title="bbox 26 417 1057 707">
    <p class='ocr_par' dir='ltr' id='par_1_2' title="bbox 26 417 1057 707">
     <span class='ocr_line' id='line_1_2' title="bbox 51 417 1051 491; baseline -0.009 -15"><span class='ocrx_word' id='word_1_4' title='bbox 51 424 361 491; x_wconf 85' lang='lat' dir='ltr'>Apostolos.</span> <span class='ocrx_word' id='word_1_5' title='bbox 950 417 1051 468; x_wconf 91' lang='lat'>303</span> 
     </span>
     <span class='ocr_line' id='line_1_3' title="bbox 26 490 900 550; baseline -0.009 -1"><span class='ocrx_word' id='word_1_6' title='bbox 26 497 55 550; x_wconf 87' lang='lat'>3</span> <span class='ocrx_word' id='word_1_7' title='bbox 110 494 485 547; x_wconf 90' lang='lat' dir='ltr'>Duodenarius</span> <span class='ocrx_word' id='word_1_8' title='bbox 539 508 797 543; x_wconf 88' lang='lat' dir='ltr'>numerus</span> <span class='ocrx_word' id='word_1_9' title='bbox 842 490 900 541; x_wconf 90' lang='lat' dir='ltr'>in</span> 
     </span>
     <span class='ocr_line' id='line_1_4' title="bbox 52 565 906 631; baseline -0.008 -11"><span class='ocrx_word' id='word_1_10' title='bbox 52 567 241 621; x_wconf 86' lang='lat' dir='ltr'>multis</span> <span class='ocrx_word' id='word_1_11' title='bbox 266 565 670 617; x_wconf 88' lang='lat' dir='ltr'>commendatus</span> <span class='ocrx_word' id='word_1_12' title='bbox 697 574 749 615; x_wconf 94' lang='lat' dir='ltr'>et</span> <span class='ocrx_word' id='word_1_13' title='bbox 776 579 906 631; x_wconf 85' lang='lat' dir='ltr'>prae-</span> 
     </span>
     <span class='ocr_line' id='line_1_5' title="bbox 52 633 1057 707; baseline -0.009 -16"><span class='ocrx_word' id='word_1_14' title='bbox 52 640 331 707; x_wconf 89' lang='lat' dir='ltr'>figuratus.</span> <span class='ocrx_word' id='word_1_15' title='bbox 952 633 1057 698; x_wconf 90' lang='lat'>304</span> 
     </span>
    </p>
   </div>
   <div class='ocr_carea' id='block_1_3' title="bbox 1196 417 2076 483">
    <p class='ocr_par' dir='ltr' id='par_1_3' title="bbox 1196 417 2076 483">
     <span class='ocr_line' id='line_1_6' title="bbox 1196 417 2076 483; baseline 0.003 -15"><span class='ocrx_word' id='word_1_16' title='bbox 1196 433 1234 483; x_wconf 89' lang='lat'>4</span> <span class='ocrx_word' id='word_1_17' title='bbox 1259 417 1641 483; x_wconf 86' lang='lat' dir='ltr'>Apostolorum</span> <span class='ocrx_word' id='word_1_18' title='bbox 1661 418 1880 469; x_wconf 89' lang='lat' dir='ltr'>nomina</span> <span class='ocrx_word' id='word_1_19' title='bbox 1911 430 1963 470; x_wconf 94' lang='lat' dir='ltr'>et</span> <span class='ocrx_word' id='word_1_20' title='bbox 1990 421 2076 470; x_wconf 83' lang='lat' dir='ltr'>Ju-</span> 
     </span>
    </p>
   </div>
   <div class='ocr_carea' id='block_1_4' title="bbox 1229 489 2222 542">
    <p class='ocr_par' dir='ltr' id='par_1_4' title="bbox 1229 489 2222 542">
     <span class='ocr_line' id='line_1_7' title="bbox 1229 489 2222 542; baseline 0.003 -3"><span class='ocrx_word' id='word_1_21' title='bbox 1229 490 1310 539; x_wconf 84' lang='lat' dir='ltr'>dae</span> <span class='ocrx_word' id='word_1_22' title='bbox 1340 489 1616 540; x_wconf 83' lang='lat' dir='ltr'>electionis</span> <span class='ocrx_word' id='word_1_23' title='bbox 1647 490 1903 541; x_wconf 89' lang='lat' dir='ltr'>rationes.</span> <span class='ocrx_word' id='word_1_24' title='bbox 2123 491 2222 542; x_wconf 88' lang='lat'>305</span> 
     </span>
    </p>
   </div>
   <div class='ocr_carea' id='block_1_5' title="bbox 1203 560 2228 684">
    <p class='ocr_par' dir='ltr' id='par_1_5' title="bbox 1203 560 2228 684">
     <span class='ocr_line' id='line_1_8' title="bbox 1203 560 2080 627; baseline 0.003 -16"><span class='ocrx_word' id='word_1_25' title='bbox 1203 560 1231 611; x_wconf 89' lang='grc'>5</span> <span class='ocrx_word' id='word_1_26' title='bbox 1258 561 1368 611; x_wconf 91' lang='lat' dir='ltr'>Cur</span> <span class='ocrx_word' id='word_1_27' title='bbox 1385 561 1585 627; x_wconf 88' lang='lat' dir='ltr'>saepius</span> <span class='ocrx_word' id='word_1_28' title='bbox 1604 571 1857 612; x_wconf 91' lang='lat' dir='ltr'>montana</span> <span class='ocrx_word' id='word_1_29' title='bbox 1869 562 2080 627; x_wconf 91' lang='lat' dir='ltr'>petierit</span> 
     </span>
     <span class='ocr_line' id='line_1_9' title="bbox 1232 631 2228 684; baseline 0 -1"><span class='ocrx_word' id='word_1_30' title='bbox 1232 632 1484 684; x_wconf 86' lang='lat' dir='ltr'>Christus</span> <span class='ocrx_word' id='word_1_31' title='bbox 1499 633 1518 683; x_wconf 84' lang='lat'>?</span> <span class='ocrx_word' id='word_1_32' title='bbox 2124 631 2228 684; x_wconf 87' lang='lat'>306</span> 
     </span>
    </p>
   </div>
   <div class='ocr_carea' id='block_1_6' title="bbox 339 801 1899 959">
    <p class='ocr_par' dir='ltr' id='par_1_6' title="bbox 339 801 1899 959">
     <span class='ocr_line' id='line_1_10' title="bbox 339 801 1899 856; baseline -0.003 0"><span class='ocrx_word' id='word_1_33' title='bbox 339 805 573 856; x_wconf 87' lang='lat' dir='ltr'>CAPUT</span> <span class='ocrx_word' id='word_1_34' title='bbox 603 804 841 855; x_wconf 84' lang='lat' dir='ltr'><strong>XXXIII.</strong></span> <span class='ocrx_word' id='word_1_35' title='bbox 870 831 931 841; x_wconf 91' lang='lat'>—</span> <span class='ocrx_word' id='word_1_36' title='bbox 959 802 1042 853; x_wconf 93' lang='lat' dir='ltr'>De</span> <span class='ocrx_word' id='word_1_37' title='bbox 1074 816 1316 853; x_wconf 82' lang='lat' dir='ltr'>sermone</span> <span class='ocrx_word' id='word_1_38' title='bbox 1343 801 1565 852; x_wconf 81' lang='lat' dir='ltr'>Domini</span> <span class='ocrx_word' id='word_1_39' title='bbox 1589 801 1642 853; x_wconf 87' lang='lat' dir='ltr'>in</span> <span class='ocrx_word' id='word_1_40' title='bbox 1675 808 1847 853; x_wconf 79' lang='lat' dir='ltr'>monte</span> <span class='ocrx_word' id='word_1_41' title='bbox 1881 819 1899 852; x_wconf 84' lang='grc'>.-</span> 
     </span>
     <span class='ocr_line' id='line_1_11' title="bbox 662 890 1582 959; baseline -0.001 -16"><span class='ocrx_word' id='word_1_42' title='bbox 662 907 859 959; x_wconf 71' lang='lat' dir='ltr'>primo,</span> <span class='ocrx_word' id='word_1_43' title='bbox 889 892 955 943; x_wconf 83' lang='lat' dir='ltr'>de</span> <span class='ocrx_word' id='word_1_44' title='bbox 979 898 1097 943; x_wconf 78' lang='lat' dir='ltr'>octo</span> <span class='ocrx_word' id='word_1_45' title='bbox 1126 890 1582 942; x_wconf 81' lang='lat' dir='ltr'>Beatitudinibus.</span> 
     </span>
    </p>
   </div>
   <div class='ocr_carea' id='block_1_7' title="bbox 29 1033 1069 1527">
    <p class='ocr_par' dir='ltr' id='par_1_7' title="bbox 31 1033 1065 1171">
     <span class='ocr_line' id='line_1_12' title="bbox 36 1033 1065 1099; baseline -0.004 -12"><span class='ocrx_word' id='word_1_46' title='bbox 36 1054 54 1087; x_wconf 88' lang='lat'>1</span> <span class='ocrx_word' id='word_1_47' title='bbox 94 1037 288 1086; x_wconf 88' lang='lat' dir='ltr'>Sermo</span> <span class='ocrx_word' id='word_1_48' title='bbox 312 1033 533 1085; x_wconf 84' lang='lat' dir='ltr'>Domini</span> <span class='ocrx_word' id='word_1_49' title='bbox 563 1033 621 1084; x_wconf 90' lang='lat' dir='ltr'>in</span> <span class='ocrx_word' id='word_1_50' title='bbox 647 1044 849 1085; x_wconf 89' lang='lat' dir='ltr'>monte.</span> <span class='ocrx_word' id='word_1_51' title='bbox 995 1048 1065 1099; x_wconf 77' lang='lat'>07</span> 
     </span>
     <span class='ocr_line' id='line_1_13' title="bbox 31 1105 910 1171; baseline -0.005 -12"><span class='ocrx_word' id='word_1_52' title='bbox 31 1123 61 1159; x_wconf 84' lang='lat'><em>2</em></span> <span class='ocrx_word' id='word_1_53' title='bbox 90 1105 456 1157; x_wconf 91' lang='lat' dir='ltr'>Beatitudines</span> <span class='ocrx_word' id='word_1_54' title='bbox 487 1114 607 1155; x_wconf 90' lang='lat' dir='ltr'>octo</span> <span class='ocrx_word' id='word_1_55' title='bbox 656 1105 910 1171; x_wconf 88' lang='lat' dir='ltr'>praemia-</span> 
     </span>
    </p>

    <p class='ocr_par' dir='ltr' id='par_1_8' title="bbox 34 1175 1066 1314">
     <span class='ocr_line' id='line_1_14' title="bbox 60 1175 1066 1246; baseline -0.003 -17"><span class='ocrx_word' id='word_1_56' title='bbox 60 1194 170 1246; x_wconf 87' lang='lat' dir='ltr'>que</span> <span class='ocrx_word' id='word_1_57' title='bbox 204 1178 335 1243; x_wconf 87' lang='lat' dir='ltr'>ipsis</span> <span class='ocrx_word' id='word_1_58' title='bbox 365 1192 588 1228; x_wconf 85' lang='lat' dir='ltr'><strong>annexa.</strong></span> <span class='ocrx_word' id='word_1_59' title='bbox 963 1175 1066 1243; x_wconf 89' lang='lat'>307</span> 
     </span>
     <span class='ocr_line' id='line_1_15' title="bbox 34 1247 914 1314; baseline -0.005 -13"><span class='ocrx_word' id='word_1_60' title='bbox 34 1250 62 1301; x_wconf 93' lang='lat'>3</span> <span class='ocrx_word' id='word_1_61' title='bbox 113 1249 293 1299; x_wconf 89' lang='lat' dir='ltr'>Prima</span> <span class='ocrx_word' id='word_1_62' title='bbox 328 1247 599 1298; x_wconf 88' lang='lat' dir='ltr'>beatitudo</span> <span class='ocrx_word' id='word_1_63' title='bbox 629 1265 643 1298; x_wconf 73' lang='grc' dir='ltr'><strong><em>ε</em></strong></span> <span class='ocrx_word' id='word_1_64' title='bbox 681 1263 914 1314; x_wconf 89' lang='lat' dir='ltr'>pauper-</span> 
     </span>
    </p>

    <p class='ocr_par' dir='ltr' id='par_1_9' title="bbox 29 1317 1069 1527">
     <span class='ocr_line' id='line_1_16' title="bbox 57 1317 1068 1384; baseline -0.003 -14"><span class='ocrx_word' id='word_1_65' title='bbox 57 1329 143 1370; x_wconf 90' lang='lat' dir='ltr'>tas</span> <span class='ocrx_word' id='word_1_66' title='bbox 170 1318 407 1384; x_wconf 90' lang='lat' dir='ltr'>spiritus.</span> <span class='ocrx_word' id='word_1_67' title='bbox 965 1317 1068 1368; x_wconf 91' lang='lat'>308</span> 
     </span>
     <span class='ocr_line' id='line_1_17' title="bbox 29 1387 915 1454; baseline -0.003 -14"><span class='ocrx_word' id='word_1_68' title='bbox 29 1405 67 1454; x_wconf 83' lang='lat'>4</span> <span class='ocrx_word' id='word_1_69' title='bbox 106 1389 352 1440; x_wconf 89' lang='lat' dir='ltr'>Secunda</span> <span class='ocrx_word' id='word_1_70' title='bbox 380 1387 652 1438; x_wconf 91' lang='lat' dir='ltr'>beatitudo</span> <span class='ocrx_word' id='word_1_71' title='bbox 694 1405 708 1437; x_wconf 87' lang='lat'><strong>:</strong></span> <span class='ocrx_word' id='word_1_72' title='bbox 755 1402 915 1437; x_wconf 89' lang='lat' dir='ltr'>man-</span> 
     </span>
     <span class='ocr_line' id='line_1_18' title="bbox 60 1458 1069 1527; baseline -0.003 -15"><span class='ocrx_word' id='word_1_73' title='bbox 60 1460 314 1512; x_wconf 87' lang='lat' dir='ltr'>suetud0.</span> <span class='ocrx_word' id='word_1_74' title='bbox 965 1458 1069 1527; x_wconf 86' lang='lat'>309</span> 
     </span>
    </p>
   </div>
   <div class='ocr_carea' id='block_1_8' title="bbox 35 1528 915 1581">
    <p class='ocr_par' dir='ltr' id='par_1_10' title="bbox 35 1528 915 1581">
     <span class='ocr_line' id='line_1_19' title="bbox 35 1528 915 1581; baseline -0.001 0"><span class='ocrx_word' id='word_1_75' title='bbox 35 1530 64 1581; x_wconf 84' lang='lat'><strong>5</strong></span> <span class='ocrx_word' id='word_1_76' title='bbox 100 1530 286 1581; x_wconf 87' lang='lat' dir='ltr'>Tertia</span> <span class='ocrx_word' id='word_1_77' title='bbox 312 1528 584 1579; x_wconf 89' lang='lat' dir='ltr'>beatitudo</span> <span class='ocrx_word' id='word_1_78' title='bbox 610 1544 624 1577; x_wconf 74' lang='grc'>1</span> <span class='ocrx_word' id='word_1_79' title='bbox 658 1528 833 1579; x_wconf 83' lang='lat' dir='ltr'>luctus</span> <span class='ocrx_word' id='word_1_80' title='bbox 862 1539 915 1580; x_wconf 94' lang='lat' dir='ltr'>et</span> 
     </span>
    </p>
   </div>
   <div class='ocr_carea' id='block_1_9' title="bbox 18 1600 1108 2237">
    <p class='ocr_par' dir='ltr' id='par_1_11' title="bbox 36 1600 1108 1812">
     <span class='ocr_line' id='line_1_20' title="bbox 65 1600 1108 1671; baseline 0.001 -19"><span class='ocrx_word' id='word_1_81' title='bbox 65 1605 335 1669; x_wconf 84' lang='lat' dir='ltr'>lacrymae.</span> <span class='ocrx_word' id='word_1_82' title='bbox 967 1602 1070 1671; x_wconf 84' lang='lat'>309</span> <span class='ocrx_word' id='word_1_83' title='bbox 1093 1600 1108 1610; x_wconf 73' lang='lat'><strong><em>⁴</em></strong></span> 
     </span>
     <span class='ocr_line' id='line_1_21' title="bbox 36 1670 1069 1738; baseline -0.001 -15"><span class='ocrx_word' id='word_1_84' title='bbox 36 1672 69 1723; x_wconf 89' lang='lat'>6</span> <span class='ocrx_word' id='word_1_85' title='bbox 103 1674 305 1724; x_wconf 88' lang='lat' dir='ltr'>Luctus</span> <span class='ocrx_word' id='word_1_86' title='bbox 332 1688 502 1724; x_wconf 86' lang='lat' dir='ltr'>causae</span> <span class='ocrx_word' id='word_1_87' title='bbox 524 1671 783 1738; x_wconf 88' lang='lat' dir='ltr'>quinque.</span> <span class='ocrx_word' id='word_1_88' title='bbox 964 1670 1069 1722; x_wconf 89' lang='lat'>310</span> 
     </span>
     <span class='ocr_line' id='line_1_22' title="bbox 38 1743 919 1812; baseline -0.002 -15"><span class='ocrx_word' id='word_1_89' title='bbox 38 1764 70 1812; x_wconf 88' lang='lat'><em>7</em></span> <span class='ocrx_word' id='word_1_90' title='bbox 93 1747 296 1806; x_wconf 89' lang='lat' dir='ltr'>Quarta</span> <span class='ocrx_word' id='word_1_91' title='bbox 319 1746 591 1797; x_wconf 89' lang='lat' dir='ltr'>beatitudo</span> <span class='ocrx_word' id='word_1_92' title='bbox 613 1761 626 1795; x_wconf 90' lang='lat'>:</span> <span class='ocrx_word' id='word_1_93' title='bbox 649 1743 854 1796; x_wconf 85' lang='lat' dir='ltr'>esuries</span> <span class='ocrx_word' id='word_1_94' title='bbox 866 1755 919 1795; x_wconf 89' lang='lat' dir='ltr'>et</span> 
     </span>
    </p>

    <p class='ocr_par' dir='ltr' id='par_1_12' title="bbox 37 1814 1073 1947">
     <span class='ocr_line' id='line_1_23' title="bbox 69 1814 1073 1881; baseline -0.002 -14"><span class='ocrx_word' id='word_1_95' title='bbox 69 1816 195 1867; x_wconf 91' lang='lat' dir='ltr'>sitis</span> <span class='ocrx_word' id='word_1_96' title='bbox 218 1816 457 1881; x_wconf 84' lang='lat' dir='ltr'>justitiae.</span> <span class='ocrx_word' id='word_1_97' title='bbox 970 1814 1073 1866; x_wconf 88' lang='lat'>310</span> 
     </span>
     <span class='ocr_line' id='line_1_24' title="bbox 37 1883 923 1947; baseline -0.002 -10"><span class='ocrx_word' id='word_1_98' title='bbox 37 1885 71 1937; x_wconf 90' lang='lat'>8</span> <span class='ocrx_word' id='word_1_99' title='bbox 105 1887 311 1947; x_wconf 89' lang='lat' dir='ltr'>Quinta</span> <span class='ocrx_word' id='word_1_100' title='bbox 344 1886 615 1937; x_wconf 87' lang='lat' dir='ltr'>beatitudo</span> <span class='ocrx_word' id='word_1_101' title='bbox 652 1903 666 1936; x_wconf 72' lang='grc' dir='ltr'>ε</span> <span class='ocrx_word' id='word_1_102' title='bbox 707 1883 923 1936; x_wconf 89' lang='lat' dir='ltr'>miseri-</span> 
     </span>
    </p>

    <p class='ocr_par' dir='ltr' id='par_1_13' title="bbox 39 1956 1069 2098">
     <span class='ocr_line' id='line_1_25' title="bbox 68 1956 1069 2008; baseline -0.001 0"><span class='ocrx_word' id='word_1_103' title='bbox 68 1957 271 2008; x_wconf 88' lang='lat' dir='ltr'>cordia.</span> <span class='ocrx_word' id='word_1_104' title='bbox 972 1956 1000 2007; x_wconf 88' lang='lat'>3</span> <span class='ocrx_word' id='word_1_105' title='bbox 1014 1974 1032 2007; x_wconf 93' lang='lat'>1</span> <span class='ocrx_word' id='word_1_106' title='bbox 1051 1974 1069 2007; x_wconf 88' lang='lat'>1</span> 
     </span>
     <span class='ocr_line' id='line_1_26' title="bbox 39 2029 921 2098; baseline 0 -18"><span class='ocrx_word' id='word_1_107' title='bbox 39 2046 73 2098; x_wconf 86' lang='lat'>9</span> <span class='ocrx_word' id='word_1_108' title='bbox 102 2032 262 2081; x_wconf 85' lang='lat' dir='ltr'>Sexta</span> <span class='ocrx_word' id='word_1_109' title='bbox 286 2030 561 2081; x_wconf 90' lang='lat' dir='ltr'>beatitudo</span> <span class='ocrx_word' id='word_1_110' title='bbox 587 2046 600 2079; x_wconf 76' lang='grc' dir='ltr'><strong><em>ε</em></strong></span> <span class='ocrx_word' id='word_1_111' title='bbox 626 2029 803 2081; x_wconf 90' lang='lat' dir='ltr'>cordis</span> <span class='ocrx_word' id='word_1_112' title='bbox 827 2045 921 2095; x_wconf 88' lang='lat' dir='ltr'>pu·</span> 
     </span>
    </p>

    <p class='ocr_par' dir='ltr' id='par_1_14' title="bbox 18 2099 1075 2237">
     <span class='ocr_line' id='line_1_27' title="bbox 69 2099 1075 2150; baseline 0.001 -1"><span class='ocrx_word' id='word_1_113' title='bbox 69 2099 217 2149; x_wconf 78' lang='lat' dir='ltr'>ritas,</span> <span class='ocrx_word' id='word_1_114' title='bbox 975 2099 1075 2150; x_wconf 87' lang='lat'>312</span> 
     </span>
     <span class='ocr_line' id='line_1_28' title="bbox 18 2168 925 2237; baseline 0.001 -18"><span class='ocrx_word' id='word_1_115' title='bbox 18 2185 81 2219; x_wconf 92' lang='lat'>10</span> <span class='ocrx_word' id='word_1_116' title='bbox 130 2169 372 2237; x_wconf 90' lang='lat' dir='ltr'>Septima</span> <span class='ocrx_word' id='word_1_117' title='bbox 425 2168 699 2220; x_wconf 87' lang='lat' dir='ltr'>beatitudo</span> <span class='ocrx_word' id='word_1_118' title='bbox 733 2186 748 2219; x_wconf 75' lang='lat'>2</span> <span class='ocrx_word' id='word_1_119' title='bbox 780 2169 925 2236; x_wconf 90' lang='lat' dir='ltr'>pacis</span> 
     </span>
    </p>
   </div>
   <div class='ocr_carea' id='block_1_10' title="bbox 19 2241 1074 2378">
    <p class='ocr_par' dir='ltr' id='par_1_15' title="bbox 19 2241 1074 2378">
     <span class='ocr_line' id='line_1_29' title="bbox 70 2241 1074 2292; baseline 0.002 -2"><span class='ocrx_word' id='word_1_120' title='bbox 70 2256 242 2291; x_wconf 89' lang='lat' dir='ltr'>amor.</span> <span class='ocrx_word' id='word_1_121' title='bbox 974 2241 1074 2292; x_wconf 89' lang='lat'>313</span> 
     </span>
     <span class='ocr_line' id='line_1_30' title="bbox 19 2310 930 2378; baseline 0.002 -18"><span class='ocrx_word' id='word_1_122' title='bbox 19 2326 36 2359; x_wconf 85' lang='lat'>1</span> <span class='ocrx_word' id='word_1_123' title='bbox 55 2327 72 2360; x_wconf 88' lang='lat'>1</span> <span class='ocrx_word' id='word_1_124' title='bbox 111 2311 313 2361; x_wconf 85' lang='lat' dir='ltr'>Octava</span> <span class='ocrx_word' id='word_1_125' title='bbox 341 2310 611 2362; x_wconf 87' lang='lat' dir='ltr'>beatitudo</span> <span class='ocrx_word' id='word_1_126' title='bbox 639 2329 654 2362; x_wconf 71' lang='grc' dir='ltr'>ε</span> <span class='ocrx_word' id='word_1_127' title='bbox 686 2326 930 2378; x_wconf 88' lang='lat' dir='ltr'>persecu·</span> 
     </span>
    </p>
   </div>
   <div class='ocr_carea' id='block_1_11' title="bbox 1278 1031 2237 1102">
    <p class='ocr_par' dir='ltr' id='par_1_16' title="bbox 1278 1031 2237 1102">
     <span class='ocr_line' id='line_1_31' title="bbox 1278 1031 2237 1102; baseline 0.006 -20"><span class='ocrx_word' id='word_1_128' title='bbox 1278 1031 1403 1082; x_wconf 89' lang='lat' dir='ltr'>onis</span> <span class='ocrx_word' id='word_1_129' title='bbox 1431 1032 1730 1083; x_wconf 90' lang='lat' dir='ltr'>tolerantia.</span> <span class='ocrx_word' id='word_1_130' title='bbox 2133 1037 2160 1087; x_wconf 88' lang='lat'>3</span> <span class='ocrx_word' id='word_1_131' title='bbox 2175 1054 2237 1102; x_wconf 85' lang='lat'>¹4</span> 
     </span>
    </p>
   </div>
   <div class='ocr_carea' id='block_1_12' title="bbox 1180 1102 2081 1157">
    <p class='ocr_par' dir='ltr' id='par_1_17' title="bbox 1180 1102 2081 1157">
     <span class='ocr_line' id='line_1_32' title="bbox 1180 1102 2081 1157; baseline 0.004 -5"><span class='ocrx_word' id='word_1_132' title='bbox 1180 1119 1239 1153; x_wconf 88' lang='lat'>12</span> <span class='ocrx_word' id='word_1_133' title='bbox 1287 1102 1699 1153; x_wconf 91' lang='lat' dir='ltr'>Beatitudinum</span> <span class='ocrx_word' id='word_1_134' title='bbox 1764 1115 2081 1157; x_wconf 89' lang='lat' dir='ltr'>concatena-</span> 
     </span>
    </p>
   </div>
   <div class='ocr_carea' id='block_1_13' title="bbox 1234 1175 2231 1230">
    <p class='ocr_par' dir='ltr' id='par_1_18' title="bbox 1234 1175 2231 1230">
     <span class='ocr_line' id='line_1_33' title="bbox 1234 1175 2231 1230; baseline 0.006 -6"><span class='ocrx_word' id='word_1_135' title='bbox 1234 1175 1331 1225; x_wconf 89' lang='lat' dir='ltr'>tio.</span> <span class='ocrx_word' id='word_1_136' title='bbox 2131 1178 2159 1230; x_wconf 87' lang='lat'>3</span> <span class='ocrx_word' id='word_1_137' title='bbox 2173 1196 2190 1229; x_wconf 88' lang='lat'>1</span> <span class='ocrx_word' id='word_1_138' title='bbox 2205 1179 2231 1230; x_wconf 89' lang='grc'>5</span> 
     </span>
    </p>
   </div>
   <div class='ocr_carea' id='block_1_14' title="bbox 1180 1245 2086 1312">
    <p class='ocr_par' dir='ltr' id='par_1_19' title="bbox 1180 1245 2086 1312">
     <span class='ocr_line' id='line_1_34' title="bbox 1180 1245 2086 1312; baseline 0.004 -17"><span class='ocrx_word' id='word_1_139' title='bbox 1180 1245 1239 1295; x_wconf 94' lang='grc'>13</span> <span class='ocrx_word' id='word_1_140' title='bbox 1270 1247 1517 1312; x_wconf 87' lang='lat' dir='ltr'>Regnum</span> <span class='ocrx_word' id='word_1_141' title='bbox 1543 1246 1798 1297; x_wconf 83' lang='lat' dir='ltr'>coelorum</span> <span class='ocrx_word' id='word_1_142' title='bbox 1828 1248 1883 1297; x_wconf 95' lang='lat' dir='ltr'>in</span> <span class='ocrx_word' id='word_1_143' title='bbox 1915 1249 2086 1299; x_wconf 87' lang='lat' dir='ltr'>omni-</span> 
     </span>
    </p>
   </div>
   <div class='ocr_carea' id='block_1_15' title="bbox 1236 1315 2235 1442">
    <p class='ocr_par' dir='ltr' id='par_1_20' title="bbox 1236 1315 2235 1442">
     <span class='ocr_line' id='line_1_35' title="bbox 1236 1315 2161 1441; baseline 0.003 -76"><span class='ocrx_word' id='word_1_144' title='bbox 1236 1316 1338 1367; x_wconf 89' lang='lat' dir='ltr'>bus</span> <span class='ocrx_word' id='word_1_145' title='bbox 1368 1315 1797 1367; x_wconf 90' lang='lat' dir='ltr'>beatitudinibus</span> <span class='ocrx_word' id='word_1_146' title='bbox 1825 1319 2085 1383; x_wconf 89' lang='lat' dir='ltr'>promitti-</span> <span class='ocrx_word' id='word_1_147' title='bbox 2134 1390 2161 1441; x_wconf 76' lang='lat'>3</span> 
     </span>
     <span class='ocr_line' id='line_1_36' title="bbox 1236 1392 2235 1442; baseline -0.011 -6"><span class='ocrx_word' id='word_1_148' title='bbox 1236 1395 1341 1437; x_wconf 90' lang='lat' dir='ltr'>tur.</span> <span class='ocrx_word' id='word_1_149' title='bbox 2176 1392 2235 1442; x_wconf 69' lang='lat'>15</span> 
     </span>
    </p>
   </div>
   <div class='ocr_carea' id='block_1_16' title="bbox 1182 1457 2088 1526">
    <p class='ocr_par' dir='ltr' id='par_1_21' title="bbox 1182 1457 2088 1526">
     <span class='ocr_line' id='line_1_37' title="bbox 1182 1457 2088 1526; baseline 0.003 -18"><span class='ocrx_word' id='word_1_150' title='bbox 1182 1473 1247 1522; x_wconf 86' lang='lat'>14</span> <span class='ocrx_word' id='word_1_151' title='bbox 1277 1458 1575 1508; x_wconf 85' lang='lat' dir='ltr'>Persecutio</span> <span class='ocrx_word' id='word_1_152' title='bbox 1604 1457 1816 1523; x_wconf 84' lang='lat' dir='ltr'>triplex,</span> <span class='ocrx_word' id='word_1_153' title='bbox 1862 1460 2088 1526; x_wconf 85' lang='lat' dir='ltr'>triplex-</span> 
     </span>
    </p>
   </div>
   <div class='ocr_carea' id='block_1_17' title="bbox 1237 1528 2243 1595">
    <p class='ocr_par' dir='ltr' id='par_1_22' title="bbox 1237 1528 2243 1595">
     <span class='ocr_line' id='line_1_38' title="bbox 1237 1528 2243 1595; baseline 0.006 -18"><span class='ocrx_word' id='word_1_154' title='bbox 1237 1544 1345 1595; x_wconf 89' lang='lat' dir='ltr'>que</span> <span class='ocrx_word' id='word_1_155' title='bbox 1371 1528 1649 1593; x_wconf 89' lang='lat' dir='ltr'>patientia.</span> <span class='ocrx_word' id='word_1_156' title='bbox 2139 1532 2166 1583; x_wconf 87' lang='lat'>3</span> <span class='ocrx_word' id='word_1_157' title='bbox 2182 1550 2198 1582; x_wconf 88' lang='grc'>1</span> <span class='ocrx_word' id='word_1_158' title='bbox 2210 1533 2243 1583; x_wconf 88' lang='grc'>6</span> 
     </span>
    </p>
   </div>
   <div class='ocr_carea' id='block_1_18' title="bbox 1185 1600 2091 1669">
    <p class='ocr_par' dir='ltr' id='par_1_23' title="bbox 1185 1600 2091 1669">
     <span class='ocr_line' id='line_1_39' title="bbox 1185 1600 2091 1669; baseline 0.004 -19"><span class='ocrx_word' id='word_1_159' title='bbox 1185 1600 1245 1650; x_wconf 92' lang='grc'>15</span> <span class='ocrx_word' id='word_1_160' title='bbox 1277 1600 1526 1651; x_wconf 88' lang='lat' dir='ltr'>Christus</span> <span class='ocrx_word' id='word_1_161' title='bbox 1563 1601 1838 1667; x_wconf 88' lang='lat' dir='ltr'>speciatim</span> <span class='ocrx_word' id='word_1_162' title='bbox 1867 1604 2091 1669; x_wconf 84' lang='lat' dir='ltr'>Aposto-</span> 
     </span>
    </p>
   </div>
   <div class='ocr_carea' id='block_1_19' title="bbox 1238 1671 2244 1810">
    <p class='ocr_par' dir='ltr' id='par_1_24' title="bbox 1238 1671 2244 1810">
     <span class='ocr_line' id='line_1_40' title="bbox 1238 1671 2090 1739; baseline 0.005 -19"><span class='ocrx_word' id='word_1_163' title='bbox 1238 1671 1306 1721; x_wconf 91' lang='lat' dir='ltr'>lis</span> <span class='ocrx_word' id='word_1_164' title='bbox 1337 1671 1578 1737; x_wconf 84' lang='lat' dir='ltr'>praedicit</span> <span class='ocrx_word' id='word_1_165' title='bbox 1605 1682 1805 1738; x_wconf 90' lang='lat' dir='ltr'>quanta</span> <span class='ocrx_word' id='word_1_166' title='bbox 1838 1689 1934 1739; x_wconf 91' lang='lat' dir='ltr'>pro</span> <span class='ocrx_word' id='word_1_167' title='bbox 1985 1691 2090 1724; x_wconf 93' lang='lat' dir='ltr'>no-</span> 
     </span>
     <span class='ocr_line' id='line_1_41' title="bbox 1240 1743 2244 1810; baseline 0.007 -18"><span class='ocrx_word' id='word_1_168' title='bbox 1240 1743 1389 1794; x_wconf 89' lang='lat' dir='ltr'>mine</span> <span class='ocrx_word' id='word_1_169' title='bbox 1414 1760 1512 1794; x_wconf 93' lang='lat' dir='ltr'>suo</span> <span class='ocrx_word' id='word_1_170' title='bbox 1540 1744 1650 1795; x_wconf 91' lang='lat' dir='ltr'>sint</span> <span class='ocrx_word' id='word_1_171' title='bbox 1679 1745 1907 1810; x_wconf 88' lang='lat' dir='ltr'>passuri.</span> <span class='ocrx_word' id='word_1_172' title='bbox 2141 1748 2244 1799; x_wconf 89' lang='lat'>316</span> 
     </span>
    </p>
   </div>
   <div class='ocr_carea' id='block_1_20' title="bbox 1187 1812 2092 1882">
    <p class='ocr_par' dir='ltr' id='par_1_25' title="bbox 1187 1812 2092 1882">
     <span class='ocr_line' id='line_1_42' title="bbox 1187 1812 2092 1882; baseline 0.006 -19"><span class='ocrx_word' id='word_1_173' title='bbox 1187 1812 1250 1863; x_wconf 90' lang='lat'>16</span> <span class='ocrx_word' id='word_1_174' title='bbox 1277 1815 1378 1864; x_wconf 91' lang='lat' dir='ltr'>Sed</span> <span class='ocrx_word' id='word_1_175' title='bbox 1406 1830 1497 1865; x_wconf 93' lang='lat' dir='ltr'>eos</span> <span class='ocrx_word' id='word_1_176' title='bbox 1532 1815 1710 1880; x_wconf 90' lang='lat' dir='ltr'>primo</span> <span class='ocrx_word' id='word_1_177' title='bbox 1740 1831 1832 1882; x_wconf 90' lang='lat' dir='ltr'>spe</span> <span class='ocrx_word' id='word_1_178' title='bbox 1861 1817 2092 1882; x_wconf 83' lang='lat' dir='ltr'>copiosae</span> 
     </span>
    </p>
   </div>
   <div class='ocr_carea' id='block_1_21' title="bbox 1243 1884 2248 1955">
    <p class='ocr_par' dir='ltr' id='par_1_26' title="bbox 1243 1884 2248 1955">
     <span class='ocr_line' id='line_1_43' title="bbox 1243 1884 2248 1955; baseline 0.004 -21"><span class='ocrx_word' id='word_1_179' title='bbox 1243 1884 1506 1935; x_wconf 88' lang='lat' dir='ltr'>mercedis</span> <span class='ocrx_word' id='word_1_180' title='bbox 1533 1884 1709 1951; x_wconf 89' lang='lat' dir='ltr'>erigit.</span> <span class='ocrx_word' id='word_1_181' title='bbox 2145 1886 2172 1938; x_wconf 91' lang='lat'>3</span> <span class='ocrx_word' id='word_1_182' title='bbox 2187 1904 2248 1955; x_wconf 87' lang='lat'>17</span> 
     </span>
    </p>
   </div>
   <div class='ocr_carea' id='block_1_22' title="bbox 1190 1957 2102 2024">
    <p class='ocr_par' dir='ltr' id='par_1_27' title="bbox 1190 1957 2102 2024">
     <span class='ocr_line' id='line_1_44' title="bbox 1190 1957 2102 2024; baseline 0.004 -19"><span class='ocrx_word' id='word_1_183' title='bbox 1190 1972 1253 2023; x_wconf 91' lang='lat'>17</span> <span class='ocrx_word' id='word_1_184' title='bbox 1288 1957 1394 2006; x_wconf 89' lang='lat' dir='ltr'>Eos</span> <span class='ocrx_word' id='word_1_185' title='bbox 1422 1957 1617 2007; x_wconf 90' lang='lat' dir='ltr'>deinde</span> <span class='ocrx_word' id='word_1_186' title='bbox 1646 1959 1891 2024; x_wconf 88' lang='lat' dir='ltr'>exemplo</span> <span class='ocrx_word' id='word_1_187' title='bbox 1921 1960 1985 2008; x_wconf 89' lang='lat' dir='ltr'>ad</span> <span class='ocrx_word' id='word_1_188' title='bbox 2014 1973 2102 2024; x_wconf 89' lang='lat' dir='ltr'>pa·</span> 
     </span>
    </p>
   </div>
   <div class='ocr_carea' id='block_1_23' title="bbox 1246 2025 2258 2092">
    <p class='ocr_par' dir='ltr' id='par_1_28' title="bbox 1246 2025 2258 2092">
     <span class='ocr_line' id='line_1_45' title="bbox 1246 2025 2258 2092; baseline 0.004 -16"><span class='ocrx_word' id='word_1_189' title='bbox 1246 2025 1493 2076; x_wconf 90' lang='lat' dir='ltr'>tientiam</span> <span class='ocrx_word' id='word_1_190' title='bbox 1522 2038 1789 2092; x_wconf 88' lang='lat' dir='ltr'>provocat.</span> <span class='ocrx_word' id='word_1_191' title='bbox 1810 2068 1814 2073; x_wconf 94' lang='lat'>.</span> <span class='ocrx_word' id='word_1_192' title='bbox 2155 2028 2182 2079; x_wconf 96' lang='lat'>3</span> <span class='ocrx_word' id='word_1_193' title='bbox 2196 2045 2213 2079; x_wconf 91' lang='grc'>1</span> <span class='ocrx_word' id='word_1_194' title='bbox 2226 2029 2258 2080; x_wconf 92' lang='grc'>8</span> 
     </span>
    </p>
   </div>
   <div class='ocr_carea' id='block_1_24' title="bbox 1191 2096 2107 2165">
    <p class='ocr_par' dir='ltr' id='par_1_29' title="bbox 1191 2096 2107 2165">
     <span class='ocr_line' id='line_1_46' title="bbox 1191 2096 2107 2165; baseline 0.005 -20"><span class='ocrx_word' id='word_1_195' title='bbox 1191 2096 1253 2146; x_wconf 92' lang='grc'>18</span> <span class='ocrx_word' id='word_1_196' title='bbox 1287 2097 1455 2146; x_wconf 90' lang='lat' dir='ltr'>Lucas</span> <span class='ocrx_word' id='word_1_197' title='bbox 1487 2107 1722 2162; x_wconf 91' lang='lat' dir='ltr'>quatuor</span> <span class='ocrx_word' id='word_1_198' title='bbox 1766 2108 1972 2148; x_wconf 88' lang='lat' dir='ltr'>tanturn</span> <span class='ocrx_word' id='word_1_199' title='bbox 2006 2116 2107 2165; x_wconf 91' lang='lat' dir='ltr'>po-</span> 
     </span>
    </p>
   </div>
   <div class='ocr_carea' id='block_1_25' title="bbox 1247 2165 2098 2229">
    <p class='ocr_par' dir='ltr' id='par_1_30' title="bbox 1247 2165 2098 2229">
     <span class='ocr_line' id='line_1_47' title="bbox 1247 2165 2098 2229; baseline 0.006 -14"><span class='ocrx_word' id='word_1_200' title='bbox 1247 2165 1329 2216; x_wconf 89' lang='lat' dir='ltr'>nit</span> <span class='ocrx_word' id='word_1_201' title='bbox 1352 2166 1726 2229; x_wconf 89' lang='lat' dir='ltr'>beatitudines,</span> <span class='ocrx_word' id='word_1_202' title='bbox 1753 2169 1844 2219; x_wconf 92' lang='lat' dir='ltr'>sed</span> <span class='ocrx_word' id='word_1_203' title='bbox 1876 2170 2098 2220; x_wconf 86' lang='lat' dir='ltr'>totidem</span> 
     </span>
    </p>
   </div>
   <div class='ocr_carea' id='block_1_26' title="bbox 1248 2241 2252 2368">
    <p class='ocr_par' dir='ltr' id='par_1_31' title="bbox 1248 2241 2252 2368">
     <span class='ocr_line' id='line_1_48' title="bbox 1249 2241 2102 2296; baseline 0.007 -7"><span class='ocrx_word' id='word_1_204' title='bbox 1249 2241 1649 2293; x_wconf 88' lang='lat' dir='ltr'>maledictiones</span> <span class='ocrx_word' id='word_1_205' title='bbox 1678 2242 2102 2296; x_wconf 88' lang='lat' dir='ltr'>beatitudinibus</span> 
     </span>
     <span class='ocr_line' id='line_1_49' title="bbox 1248 2314 2252 2368; baseline 0.007 -7"><span class='ocrx_word' id='word_1_206' title='bbox 1248 2314 1602 2365; x_wconf 89' lang='lat' dir='ltr'>correlativas.</span> <span class='ocrx_word' id='word_1_207' title='bbox 2150 2316 2177 2368; x_wconf 91' lang='lat'>3</span> <span class='ocrx_word' id='word_1_208' title='bbox 2192 2334 2209 2368; x_wconf 90' lang='lat'>1</span> <span class='ocrx_word' id='word_1_209' title='bbox 2220 2318 2252 2368; x_wconf 92' lang='lat'>8</span> 
     </span>
    </p>
   </div>
   <div class='ocr_carea' id='block_1_27' title="bbox 114 2479 2168 2726">
    <p class='ocr_par' dir='ltr' id='par_1_32' title="bbox 114 2479 2168 2726">
     <span class='ocr_line' id='line_1_50' title="bbox 114 2479 2168 2544; baseline 0.003 -13"><span class='ocrx_word' id='word_1_210' title='bbox 114 2479 349 2531; x_wconf 88' lang='lat' dir='ltr'>CAPUT</span> <span class='ocrx_word' id='word_1_211' title='bbox 380 2479 622 2529; x_wconf 87' lang='lat' dir='ltr'><strong>XXXIV.</strong></span> <span class='ocrx_word' id='word_1_212' title='bbox 652 2508 712 2517; x_wconf 97' lang='lat'><strong>—</strong></span> <span class='ocrx_word' id='word_1_213' title='bbox 743 2480 1022 2530; x_wconf 81' lang='lat' dir='ltr'>Sermonis</span> <span class='ocrx_word' id='word_1_214' title='bbox 1049 2480 1103 2530; x_wconf 86' lang='lat' dir='ltr'>in</span> <span class='ocrx_word' id='word_1_215' title='bbox 1136 2488 1315 2532; x_wconf 82' lang='lat' dir='ltr'>monte</span> <span class='ocrx_word' id='word_1_216' title='bbox 1342 2482 1669 2533; x_wconf 79' lang='lat' dir='ltr'>continuatio</span> <span class='ocrx_word' id='word_1_217' title='bbox 1697 2501 1715 2534; x_wconf 95' lang='lat'>.·</span> <span class='ocrx_word' id='word_1_218' title='bbox 1746 2483 1901 2544; x_wconf 82' lang='lat' dir='ltr'>Quod</span> <span class='ocrx_word' id='word_1_219' title='bbox 1931 2485 2168 2537; x_wconf 74' lang='lat' dir='ltr'>Proelatz·</span> 
     </span>
     <span class='ocr_line' id='line_1_51' title="bbox 251 2567 1949 2637; baseline 0.004 -19"><span class='ocrx_word' id='word_1_220' title='bbox 251 2631 254 2636; x_wconf 32' lang='grc' dir='ltr'>Ι</span> <span class='ocrx_word' id='word_1_221' title='bbox 334 2568 522 2619; x_wconf 84' lang='lat' dir='ltr'>debent</span> <span class='ocrx_word' id='word_1_222' title='bbox 552 2567 728 2618; x_wconf 84' lang='lat' dir='ltr'>lucere</span> <span class='ocrx_word' id='word_1_223' title='bbox 755 2582 917 2632; x_wconf 84' lang='lat' dir='ltr'>opere</span> <span class='ocrx_word' id='word_1_224' title='bbox 944 2574 997 2619; x_wconf 84' lang='lat' dir='ltr'>et</span> <span class='ocrx_word' id='word_1_225' title='bbox 1023 2583 1279 2633; x_wconf 82' lang='lat' dir='ltr'>sermone,</span> <span class='ocrx_word' id='word_1_226' title='bbox 1311 2576 1362 2620; x_wconf 84' lang='lat' dir='ltr'>et</span> <span class='ocrx_word' id='word_1_227' title='bbox 1389 2570 1533 2637; x_wconf 83' lang='lat' dir='ltr'>quod</span> <span class='ocrx_word' id='word_1_228' title='bbox 1566 2572 1817 2624; x_wconf 81' lang='lat' dir='ltr'>Christus</span> <span class='ocrx_word' id='word_1_229' title='bbox 1848 2588 1949 2624; x_wconf 82' lang='lat' dir='ltr'>non</span> 
     </span>
     <span class='ocr_line' id='line_1_52' title="bbox 634 2656 1656 2726; baseline 0.004 -19"><span class='ocrx_word' id='word_1_230' title='bbox 634 2656 776 2707; x_wconf 78' lang='lat' dir='ltr'>venit</span> <span class='ocrx_word' id='word_1_231' title='bbox 804 2658 1007 2723; x_wconf 85' lang='lat' dir='ltr'>Legem</span> <span class='ocrx_word' id='word_1_232' title='bbox 1035 2658 1261 2722; x_wconf 80' lang='lat' dir='ltr'>solvere,</span> <span class='ocrx_word' id='word_1_233' title='bbox 1292 2659 1389 2710; x_wconf 80' lang='lat' dir='ltr'>sed</span> <span class='ocrx_word' id='word_1_234' title='bbox 1419 2659 1656 2726; x_wconf 83' lang='lat' dir='ltr'>implere.</span> 
     </span>
    </p>
   </div>
   <div class='ocr_carea' id='block_1_28' title="bbox 59 2799 1087 2936">
    <p class='ocr_par' dir='ltr' id='par_1_33' title="bbox 59 2799 1087 2936">
     <span class='ocr_line' id='line_1_53' title="bbox 59 2799 931 2867; baseline 0 -16"><span class='ocrx_word' id='word_1_235' title='bbox 59 2817 77 2850; x_wconf 82' lang='lat'>1</span> <span class='ocrx_word' id='word_1_236' title='bbox 114 2799 361 2865; x_wconf 86' lang='lat' dir='ltr'>Apostoli</span> <span class='ocrx_word' id='word_1_237' title='bbox 383 2811 436 2851; x_wconf 90' lang='lat' dir='ltr'>et</span> <span class='ocrx_word' id='word_1_238' title='bbox 466 2800 670 2865; x_wconf 84' lang='lat' dir='ltr'>proelati</span> <span class='ocrx_word' id='word_1_239' title='bbox 691 2801 931 2867; x_wconf 90' lang='lat' dir='ltr'>primum</span> 
     </span>
     <span class='ocr_line' id='line_1_54' title="bbox 80 2871 1087 2936; baseline 0.001 -15"><span class='ocrx_word' id='word_1_240' title='bbox 80 2883 464 2936; x_wconf 88' lang='lat' dir='ltr'>comparantur</span> <span class='ocrx_word' id='word_1_241' title='bbox 495 2871 611 2921; x_wconf 89' lang='lat' dir='ltr'>sali.</span> <span class='ocrx_word' id='word_1_242' title='bbox 985 2871 1087 2922; x_wconf 90' lang='lat'>320</span> 
     </span>
    </p>
   </div>
   <div class='ocr_carea' id='block_1_29' title="bbox 23 2941 1104 3591">
    <p class='ocr_par' dir='ltr' id='par_1_34' title="bbox 23 2941 1104 3591">
     <span class='ocr_line' id='line_1_55' title="bbox 49 2941 1080 3006; baseline 0.001 -14"><span class='ocrx_word' id='word_1_243' title='bbox 49 2959 78 2992; x_wconf 84' lang='grc'>2</span> <span class='ocrx_word' id='word_1_244' title='bbox 112 2942 252 2992; x_wconf 90' lang='lat' dir='ltr'>Salis</span> <span class='ocrx_word' id='word_1_245' title='bbox 275 2941 598 3006; x_wconf 88' lang='lat' dir='ltr'>depravatio.</span> <span class='ocrx_word' id='word_1_246' title='bbox 985 2942 1080 2993; x_wconf 87' lang='grc'>321</span> 
     </span>
     <span class='ocr_line' id='line_1_56' title="bbox 50 3012 1083 3078; baseline 0.001 -16"><span class='ocrx_word' id='word_1_247' title='bbox 50 3013 78 3062; x_wconf 86' lang='grc'>3</span> <span class='ocrx_word' id='word_1_248' title='bbox 116 3012 325 3062; x_wconf 91' lang='lat' dir='ltr'>Deinde</span> <span class='ocrx_word' id='word_1_249' title='bbox 357 3023 735 3078; x_wconf 89' lang='lat' dir='ltr'>comparantur</span> <span class='ocrx_word' id='word_1_250' title='bbox 763 3013 886 3064; x_wconf 91' lang='lat' dir='ltr'>luci.</span> <span class='ocrx_word' id='word_1_251' title='bbox 988 3012 1083 3063; x_wconf 85' lang='lat'>321</span> 
     </span>
     <span class='ocr_line' id='line_1_57' title="bbox 48 3084 938 3149; baseline 0.002 -16"><span class='ocrx_word' id='word_1_252' title='bbox 48 3101 87 3149; x_wconf 91' lang='lat'>4</span> <span class='ocrx_word' id='word_1_253' title='bbox 118 3085 363 3134; x_wconf 90' lang='lat' dir='ltr'>Lucerna</span> <span class='ocrx_word' id='word_1_254' title='bbox 407 3101 516 3134; x_wconf 89' lang='lat' dir='ltr'>non</span> <span class='ocrx_word' id='word_1_255' title='bbox 544 3085 698 3134; x_wconf 92' lang='lat' dir='ltr'>debet</span> <span class='ocrx_word' id='word_1_256' title='bbox 724 3093 775 3135; x_wconf 95' lang='lat' dir='ltr'>et</span> <span class='ocrx_word' id='word_1_257' title='bbox 799 3084 938 3135; x_wconf 92' lang='lat' dir='ltr'>civi-</span> 
     </span>
     <span class='ocr_line' id='line_1_58' title="bbox 87 3155 942 3221; baseline 0 -16"><span class='ocrx_word' id='word_1_258' title='bbox 87 3165 171 3205; x_wconf 86' lang='lat' dir='ltr'>tas</span> <span class='ocrx_word' id='word_1_259' title='bbox 195 3170 412 3220; x_wconf 88' lang='lat' dir='ltr'>supram</span> <span class='ocrx_word' id='word_1_260' title='bbox 437 3165 618 3205; x_wconf 90' lang='lat' dir='ltr'>ontem</span> <span class='ocrx_word' id='word_1_261' title='bbox 640 3155 813 3221; x_wconf 82' lang='lat' dir='ltr'>posita</span> <span class='ocrx_word' id='word_1_262' title='bbox 834 3171 942 3206; x_wconf 90' lang='lat' dir='ltr'>non</span> 
     </span>
     <span class='ocr_line' id='line_1_59' title="bbox 92 3233 1097 3301; baseline 0.002 -18"><span class='ocrx_word' id='word_1_263' title='bbox 92 3244 271 3301; x_wconf 88' lang='lat' dir='ltr'>potest</span> <span class='ocrx_word' id='word_1_264' title='bbox 297 3233 571 3285; x_wconf 89' lang='lat' dir='ltr'>abscondi.</span> <span class='ocrx_word' id='word_1_265' title='bbox 996 3236 1097 3286; x_wconf 83' lang='lat'>322</span> 
     </span>
     <span class='ocr_line' id='line_1_60' title="bbox 23 3306 947 3378; baseline 0.001 -21"><span class='ocrx_word' id='word_1_266' title='bbox 23 3341 28 3378; x_wconf 54' lang='lat'>}</span> <span class='ocrx_word' id='word_1_267' title='bbox 66 3307 95 3357; x_wconf 87' lang='grc'>5</span> <span class='ocrx_word' id='word_1_268' title='bbox 128 3306 380 3357; x_wconf 86' lang='lat' dir='ltr'>Christus</span> <span class='ocrx_word' id='word_1_269' title='bbox 433 3323 541 3357; x_wconf 93' lang='lat' dir='ltr'>non</span> <span class='ocrx_word' id='word_1_270' title='bbox 578 3307 725 3358; x_wconf 87' lang='lat' dir='ltr'>venit</span> <span class='ocrx_word' id='word_1_271' title='bbox 749 3308 947 3374; x_wconf 85' lang='lat' dir='ltr'>Legem</span> 
     </span>
     <span class='ocr_line' id='line_1_61' title="bbox 25 3378 951 3456; baseline 0 -27"><span class='ocrx_word' id='word_1_272' title='bbox 25 3395 30 3456; x_wconf 42' lang='lat'>3</span> <span class='ocrx_word' id='word_1_273' title='bbox 96 3388 332 3430; x_wconf 75' lang='lat' dir='ltr'>veterem</span> <span class='ocrx_word' id='word_1_274' title='bbox 384 3378 606 3439; x_wconf 88' lang='lat' dir='ltr'>solvere,</span> <span class='ocrx_word' id='word_1_275' title='bbox 650 3381 742 3430; x_wconf 90' lang='lat' dir='ltr'>sed</span> <span class='ocrx_word' id='word_1_276' title='bbox 770 3379 951 3431; x_wconf 91' lang='lat' dir='ltr'>adim-</span> 
     </span>
     <span class='ocr_line' id='line_1_62' title="bbox 27 3449 1104 3514; baseline 0.001 -14"><span class='ocrx_word' id='word_1_277' title='bbox 27 3461 28 3490; x_wconf 49' lang='grc'>1</span> <span class='ocrx_word' id='word_1_278' title='bbox 103 3449 267 3514; x_wconf 90' lang='lat' dir='ltr'>plere.</span> <span class='ocrx_word' id='word_1_279' title='bbox 995 3450 1104 3501; x_wconf 78' lang='grc'>’322</span> 
     </span>
     <span class='ocr_line' id='line_1_63' title="bbox 72 3521 1008 3591; baseline 0.005 -18"><span class='ocrx_word' id='word_1_280' title='bbox 72 3521 109 3573; x_wconf 86' lang='grc'>6</span> <span class='ocrx_word' id='word_1_281' title='bbox 154 3522 532 3575; x_wconf 85' lang='lat' dir='ltr'>Praedicatores</span> <span class='ocrx_word' id='word_1_282' title='bbox 583 3525 828 3591; x_wconf 87' lang='lat' dir='ltr'>exemplo</span> <span class='ocrx_word' id='word_1_283' title='bbox 857 3526 957 3577; x_wconf 86' lang='lat' dir='ltr'>de·</span> <span class='ocrx_word' id='word_1_284' title='bbox 1005 3569 1008 3570; x_wconf 12' lang='grc' dir='ltr'><em>γ</em></span> 
     </span>
    </p>
   </div>
   <div class='ocr_carea' id='block_1_30' title="bbox 107 3594 1107 3718">
    <p class='ocr_par' dir='ltr' id='par_1_35' title="bbox 107 3594 1107 3718">
     <span class='ocr_line' id='line_1_64' title="bbox 107 3594 958 3662; baseline 0.004 -18"><span class='ocrx_word' id='word_1_285' title='bbox 107 3594 239 3645; x_wconf 92' lang='lat' dir='ltr'>bent</span> <span class='ocrx_word' id='word_1_286' title='bbox 260 3596 556 3657; x_wconf 88' lang='lat' dir='ltr'>ostendere,</span> <span class='ocrx_word' id='word_1_287' title='bbox 581 3595 727 3662; x_wconf 91' lang='lat' dir='ltr'>quod</span> <span class='ocrx_word' id='word_1_288' title='bbox 751 3612 842 3647; x_wconf 93' lang='lat' dir='ltr'>ore</span> <span class='ocrx_word' id='word_1_289' title='bbox 868 3598 958 3647; x_wconf 87' lang='lat' dir='ltr'>do·</span> 
     </span>
     <span class='ocr_line' id='line_1_65' title="bbox 107 3666 1107 3718; baseline 0.003 -3"><span class='ocrx_word' id='word_1_290' title='bbox 107 3675 249 3716; x_wconf 90' lang='lat' dir='ltr'>cent.</span> <span class='ocrx_word' id='word_1_291' title='bbox 935 3679 938 3682; x_wconf 72' lang='grc'><em>’</em></span> <span class='ocrx_word' id='word_1_292' title='bbox 1007 3666 1107 3718; x_wconf 82' lang='grc'>323</span> 
     </span>
    </p>
   </div>
   <div class='ocr_carea' id='block_1_31' title="bbox 80 3736 958 3805">
    <p class='ocr_par' dir='ltr' id='par_1_36' title="bbox 80 3736 958 3805">
     <span class='ocr_line' id='line_1_66' title="bbox 80 3736 958 3805; baseline 0.005 -19"><span class='ocrx_word' id='word_1_293' title='bbox 80 3752 115 3802; x_wconf 89' lang='grc'>7</span> <span class='ocrx_word' id='word_1_294' title='bbox 146 3737 229 3787; x_wconf 91' lang='lat' dir='ltr'>Ira</span> <span class='ocrx_word' id='word_1_295' title='bbox 256 3745 308 3787; x_wconf 90' lang='lat' dir='ltr'>et</span> <span class='ocrx_word' id='word_1_296' title='bbox 326 3736 563 3788; x_wconf 84' lang='lat' dir='ltr'>vindicta</span> <span class='ocrx_word' id='word_1_297' title='bbox 583 3738 639 3787; x_wconf 90' lang='lat' dir='ltr'>in</span> <span class='ocrx_word' id='word_1_298' title='bbox 665 3738 803 3805; x_wconf 87' lang='lat' dir='ltr'>Lege</span> <span class='ocrx_word' id='word_1_299' title='bbox 822 3753 958 3790; x_wconf 82' lang='lat' dir='ltr'>nova</span> 
     </span>
    </p>
   </div>
   <div class='ocr_carea' id='block_1_32' title="bbox 31 3565 42 3628">
    <p class='ocr_par' dir='ltr' id='par_1_37' title="bbox 31 3565 42 3628">
     <span class='ocr_line' id='line_1_67' title="bbox 31 3565 42 3628; baseline 0 -6"><span class='ocrx_word' id='word_1_300' title='bbox 31 3565 42 3628; x_wconf 62' lang='lat' dir='ltr'>l</span> 
     </span>
    </p>
   </div>
   <div class='ocr_carea' id='block_1_33' title="bbox 113 3806 1114 3874">
    <p class='ocr_par' dir='ltr' id='par_1_38' title="bbox 113 3806 1114 3874">
     <span class='ocr_line' id='line_1_68' title="bbox 113 3806 1114 3874; baseline 0.002 -17"><span class='ocrx_word' id='word_1_301' title='bbox 113 3806 493 3874; x_wconf 73' lang='lat' dir='ltr'>prohibentur.</span> <span class='ocrx_word' id='word_1_302' title='bbox 1008 3806 1114 3873; x_wconf 79' lang='lat'>324</span> 
     </span>
    </p>
   </div>
   <div class='ocr_carea' id='block_1_34' title="bbox 144 3878 959 3945">
    <p class='ocr_par' dir='ltr' id='par_1_39' title="bbox 144 3878 959 3945">
     <span class='ocr_line' id='line_1_69' title="bbox 144 3878 959 3945; baseline 0.005 -17"><span class='ocrx_word' id='word_1_303' title='bbox 144 3878 529 3929; x_wconf 89' lang='lat' dir='ltr'>Reconciliatio</span> <span class='ocrx_word' id='word_1_304' title='bbox 579 3889 759 3930; x_wconf 88' lang='lat' dir='ltr'>autem</span> <span class='ocrx_word' id='word_1_305' title='bbox 801 3878 959 3945; x_wconf 82' lang='lat' dir='ltr'>jube-</span> 
     </span>
    </p>
   </div>
   <div class='ocr_carea' id='block_1_35' title="bbox 178 3994 1013 4058">
    <p class='ocr_par' dir='ltr' id='par_1_40' title="bbox 178 3994 1013 4058">
     <span class='ocr_line' id='line_1_70' title="bbox 178 3994 1013 4058; baseline 0.001 -13"><span class='ocrx_word' id='word_1_306' title='bbox 178 3994 318 4045; x_wconf 66' lang='lat' dir='ltr'>Vrra</span> <span class='ocrx_word' id='word_1_307' title='bbox 344 3995 470 4047; x_wconf 68' lang='lat' dir='ltr'>Jesu</span> <span class='ocrx_word' id='word_1_308' title='bbox 499 3995 738 4058; x_wconf 75' lang='lat' dir='ltr'>Cnmsrx,</span> <span class='ocrx_word' id='word_1_309' title='bbox 768 4011 941 4048; x_wconf 74' lang='lat' dir='ltr'>ronus</span> <span class='ocrx_word' id='word_1_310' title='bbox 972 3995 1013 4046; x_wconf 90' lang='lat'>1.</span> 
     </span>
    </p>
   </div>
   <div class='ocr_carea' id='block_1_36' title="bbox 1234 2802 2271 3284">
    <p class='ocr_par' dir='ltr' id='par_1_41' title="bbox 1259 2802 2106 2869">
     <span class='ocr_line' id='line_1_71' title="bbox 1259 2802 2106 2869; baseline 0.004 -17"><span class='ocrx_word' id='word_1_311' title='bbox 1259 2813 1366 2863; x_wconf 91' lang='lat' dir='ltr'>tur,</span> <span class='ocrx_word' id='word_1_312' title='bbox 1392 2802 1820 2869; x_wconf 87' lang='lat' dir='ltr'>muneribusque</span> <span class='ocrx_word' id='word_1_313' title='bbox 1857 2806 2106 2869; x_wconf 88' lang='lat' dir='ltr'>anteponi</span> 
     </span>
    </p>

    <p class='ocr_par' dir='ltr' id='par_1_42' title="bbox 1234 2877 2260 3014">
     <span class='ocr_line' id='line_1_72' title="bbox 1262 2877 2260 2930; baseline 0.007 -7"><span class='ocrx_word' id='word_1_314' title='bbox 1262 2884 1366 2924; x_wconf 90' lang='lat' dir='ltr'>tur.</span> <span class='ocrx_word' id='word_1_315' title='bbox 2162 2877 2260 2930; x_wconf 88' lang='grc'>325</span> 
     </span>
     <span class='ocr_line' id='line_1_73' title="bbox 1234 2946 2115 3014; baseline 0.005 -18"><span class='ocrx_word' id='word_1_316' title='bbox 1234 2963 1268 3014; x_wconf 85' lang='grc'>9</span> <span class='ocrx_word' id='word_1_317' title='bbox 1291 2946 1562 2997; x_wconf 90' lang='lat' dir='ltr'>Debemus</span> <span class='ocrx_word' id='word_1_318' title='bbox 1584 2963 1747 3013; x_wconf 88' lang='lat' dir='ltr'>quam</span> <span class='ocrx_word' id='word_1_319' title='bbox 1771 2948 1876 2997; x_wconf 90' lang='lat' dir='ltr'>cito</span> <span class='ocrx_word' id='word_1_320' title='bbox 1898 2963 2115 3000; x_wconf 89' lang='lat' dir='ltr'>consen·</span> 
     </span>
    </p>

    <p class='ocr_par' dir='ltr' id='par_1_43' title="bbox 1267 3016 2113 3079">
     <span class='ocr_line' id='line_1_74' title="bbox 1267 3016 2113 3079; baseline 0.004 -11"><span class='ocrx_word' id='word_1_321' title='bbox 1267 3016 1367 3068; x_wconf 89' lang='lat' dir='ltr'>tire</span> <span class='ocrx_word' id='word_1_322' title='bbox 1417 3018 1714 3068; x_wconf 82' lang='lat' dir='ltr'>adversario</span> <span class='ocrx_word' id='word_1_323' title='bbox 1758 3030 1958 3079; x_wconf 89' lang='lat' dir='ltr'>nostr0,</span> <span class='ocrx_word' id='word_1_324' title='bbox 2001 3020 2113 3071; x_wconf 92' lang='lat' dir='ltr'>sive</span> 
     </span>
    </p>

    <p class='ocr_par' dir='ltr' id='par_1_44' title="bbox 1268 3086 2271 3284">
     <span class='ocr_line' id='line_1_75' title="bbox 1268 3086 2119 3152; baseline 0.006 -15"><span class='ocrx_word' id='word_1_325' title='bbox 1268 3086 1338 3137; x_wconf 90' lang='lat' dir='ltr'>sit</span> <span class='ocrx_word' id='word_1_326' title='bbox 1360 3086 1639 3152; x_wconf 86' lang='lat' dir='ltr'>proximus</span> <span class='ocrx_word' id='word_1_327' title='bbox 1664 3088 1836 3149; x_wconf 68' lang='lat' dir='ltr'>laesus,</span> <span class='ocrx_word' id='word_1_328' title='bbox 1863 3090 1972 3140; x_wconf 86' lang='lat' dir='ltr'>sive</span> <span class='ocrx_word' id='word_1_329' title='bbox 1996 3107 2119 3141; x_wconf 88' lang='lat' dir='ltr'>con·</span> 
     </span>
     <span class='ocr_line' id='line_1_76' title="bbox 1272 3156 2118 3227; baseline 0.006 -20"><span class='ocrx_word' id='word_1_330' title='bbox 1272 3157 1512 3218; x_wconf 79' lang='lat' dir='ltr'>scientia,</span> <span class='ocrx_word' id='word_1_331' title='bbox 1544 3156 1655 3209; x_wconf 90' lang='lat' dir='ltr'>sive</span> <span class='ocrx_word' id='word_1_332' title='bbox 1695 3158 1838 3210; x_wconf 88' lang='lat' dir='ltr'>Deus</span> <span class='ocrx_word' id='word_1_333' title='bbox 1870 3176 1964 3227; x_wconf 90' lang='lat' dir='ltr'>per</span> <span class='ocrx_word' id='word_1_334' title='bbox 1996 3177 2118 3227; x_wconf 91' lang='lat' dir='ltr'>pec-</span> 
     </span>
     <span class='ocr_line' id='line_1_77' title="bbox 1272 3232 2271 3284; baseline 0.004 -4"><span class='ocrx_word' id='word_1_335' title='bbox 1272 3240 1469 3280; x_wconf 90' lang='lat' dir='ltr'>catum.</span> <span class='ocrx_word' id='word_1_336' title='bbox 2168 3232 2271 3284; x_wconf 82' lang='lat'>326</span> 
     </span>
    </p>
   </div>
   <div class='ocr_carea' id='block_1_37' title="bbox 1222 3302 2121 3370">
    <p class='ocr_par' dir='ltr' id='par_1_45' title="bbox 1222 3302 2121 3370">
     <span class='ocr_line' id='line_1_78' title="bbox 1222 3302 2121 3370; baseline 0.003 -18"><span class='ocrx_word' id='word_1_337' title='bbox 1222 3319 1284 3353; x_wconf 95' lang='grc'>10</span> <span class='ocrx_word' id='word_1_338' title='bbox 1315 3303 1472 3353; x_wconf 88' lang='lat' dir='ltr'>Falsa</span> <span class='ocrx_word' id='word_1_339' title='bbox 1506 3302 1813 3353; x_wconf 87' lang='lat' dir='ltr'>Judaeorum</span> <span class='ocrx_word' id='word_1_340' title='bbox 1857 3303 2121 3370; x_wconf 87' lang='lat' dir='ltr'>interpre-</span> 
     </span>
    </p>
   </div>
   <div class='ocr_carea' id='block_1_38' title="bbox 1225 3375 2280 3724">
    <p class='ocr_par' dir='ltr' id='par_1_46' title="bbox 1278 3375 2121 3444">
     <span class='ocr_line' id='line_1_79' title="bbox 1278 3375 2121 3444; baseline 0.004 -19"><span class='ocrx_word' id='word_1_341' title='bbox 1278 3375 1408 3426; x_wconf 91' lang='lat' dir='ltr'>tatio</span> <span class='ocrx_word' id='word_1_342' title='bbox 1437 3378 1795 3441; x_wconf 90' lang='lat' dir='ltr'>quorumdam</span> <span class='ocrx_word' id='word_1_343' title='bbox 1825 3389 2121 3444; x_wconf 78' lang='lat' dir='ltr'>pra-‚cepto-</span> 
     </span>
    </p>

    <p class='ocr_par' dir='ltr' id='par_1_47' title="bbox 1225 3446 2277 3583">
     <span class='ocr_line' id='line_1_80' title="bbox 1281 3446 2277 3515; baseline 0.002 -18"><span class='ocrx_word' id='word_1_344' title='bbox 1281 3462 1402 3497; x_wconf 91' lang='lat' dir='ltr'>rum</span> <span class='ocrx_word' id='word_1_345' title='bbox 1433 3446 1783 3510; x_wconf 90' lang='lat' dir='ltr'>redarguitur.</span> <span class='ocrx_word' id='word_1_346' title='bbox 2175 3447 2277 3515; x_wconf 88' lang='grc'>327</span> 
     </span>
     <span class='ocr_line' id='line_1_81' title="bbox 1225 3516 2126 3583; baseline -0.001 -15"><span class='ocrx_word' id='word_1_347' title='bbox 1225 3535 1243 3568; x_wconf 99' lang='grc'>1</span> <span class='ocrx_word' id='word_1_348' title='bbox 1261 3534 1280 3568; x_wconf 91' lang='grc'>1</span> <span class='ocrx_word' id='word_1_349' title='bbox 1308 3517 1666 3582; x_wconf 87' lang='lat' dir='ltr'>Amputandae</span> <span class='ocrx_word' id='word_1_350' title='bbox 1692 3516 1923 3567; x_wconf 89' lang='lat' dir='ltr'>scandali</span> <span class='ocrx_word' id='word_1_351' title='bbox 1939 3526 1990 3568; x_wconf 90' lang='lat' dir='ltr'>et</span> <span class='ocrx_word' id='word_1_352' title='bbox 2014 3533 2126 3583; x_wconf 92' lang='lat' dir='ltr'>pec-</span> 
     </span>
    </p>

    <p class='ocr_par' dir='ltr' id='par_1_48' title="bbox 1229 3588 2280 3724">
     <span class='ocr_line' id='line_1_82' title="bbox 1280 3588 2280 3647; baseline 0.002 -7"><span class='ocrx_word' id='word_1_353' title='bbox 1280 3589 1379 3640; x_wconf 89' lang='lat' dir='ltr'>cati</span> <span class='ocrx_word' id='word_1_354' title='bbox 1406 3588 1725 3639; x_wconf 81' lang='lat' dir='ltr'>occasiones,</span> <span class='ocrx_word' id='word_1_355' title='bbox 1833 3605 1870 3647; x_wconf 68' lang='grc' dir='ltr'>ι</span> <span class='ocrx_word' id='word_1_356' title='bbox 2141 3625 2148 3634; x_wconf 68' lang='lat'><strong>„</strong></span> <span class='ocrx_word' id='word_1_357' title='bbox 2176 3589 2280 3642; x_wconf 89' lang='grc'>328</span> 
     </span>
     <span class='ocr_line' id='line_1_83' title="bbox 1229 3658 2128 3724; baseline 0 -15"><span class='ocrx_word' id='word_1_358' title='bbox 1229 3675 1287 3710; x_wconf 87' lang='grc'>12</span> <span class='ocrx_word' id='word_1_359' title='bbox 1314 3659 1638 3719; x_wconf 88' lang='lat' dir='ltr'>Divortium,</span> <span class='ocrx_word' id='word_1_360' title='bbox 1662 3658 1793 3708; x_wconf 92' lang='lat' dir='ltr'>olim</span> <span class='ocrx_word' id='word_1_361' title='bbox 1824 3658 2128 3724; x_wconf 88' lang='lat' dir='ltr'>toleratum,</span> 
     </span>
    </p>
   </div>
   <div class='ocr_carea' id='block_1_39' title="bbox 1283 3733 2370 3802">
    <p class='ocr_par' dir='ltr' id='par_1_49' title="bbox 1283 3733 2370 3802">
     <span class='ocr_line' id='line_1_84' title="bbox 1283 3733 2370 3802; baseline 0 -19"><span class='ocrx_word' id='word_1_362' title='bbox 1283 3735 1587 3784; x_wconf 88' lang='lat' dir='ltr'>damnatur.</span> <span class='ocrx_word' id='word_1_363' title='bbox 2178 3733 2283 3802; x_wconf 85' lang='lat'>329</span> <span class='ocrx_word' id='word_1_364' title='bbox 2366 3767 2370 3771; x_wconf 21' lang='grc' dir='ltr'><strong>Α</strong></span> 
     </span>
    </p>
   </div>
   <div class='ocr_carea' id='block_1_40' title="bbox 1230 3803 2286 3943">
    <p class='ocr_par' dir='ltr' id='par_1_50' title="bbox 1230 3803 2286 3943">
     <span class='ocr_line' id='line_1_85' title="bbox 1230 3803 2131 3870; baseline -0.002 -13"><span class='ocrx_word' id='word_1_365' title='bbox 1230 3805 1289 3857; x_wconf 89' lang='grc'>13</span> <span class='ocrx_word' id='word_1_366' title='bbox 1320 3805 1572 3856; x_wconf 89' lang='lat' dir='ltr'>Doctrina</span> <span class='ocrx_word' id='word_1_367' title='bbox 1623 3803 1827 3855; x_wconf 89' lang='lat' dir='ltr'>Christi</span> <span class='ocrx_word' id='word_1_368' title='bbox 1881 3803 1946 3855; x_wconf 92' lang='lat' dir='ltr'>de</span> <span class='ocrx_word' id='word_1_369' title='bbox 1984 3804 2131 3870; x_wconf 81' lang='lat' dir='ltr'>jura-</span> 
     </span>
     <span class='ocr_line' id='line_1_86' title="bbox 1285 3873 2286 3943; baseline -0.004 -14"><span class='ocrx_word' id='word_1_370' title='bbox 1285 3888 1468 3929; x_wconf 88' lang='lat' dir='ltr'>mento</span> <span class='ocrx_word' id='word_1_371' title='bbox 1496 3876 1812 3943; x_wconf 86' lang='lat' dir='ltr'>praestando.</span> <span class='ocrx_word' id='word_1_372' title='bbox 2182 3873 2286 3943; x_wconf 82' lang='lat'>329</span> 
     </span>
    </p>
   </div>
   <div class='ocr_carea' id='block_1_41' title="bbox 1975 3992 2040 4045">
    <p class='ocr_par' dir='ltr' id='par_1_51' title="bbox 1975 3992 2040 4045">
     <span class='ocr_line' id='line_1_87' title="bbox 1975 3992 2040 4045; baseline -0.062 0"><span class='ocrx_word' id='word_1_373' title='bbox 1975 3992 2040 4045; x_wconf 91' lang='lat'>30</span> 
     </span>
    </p>
   </div>
  </div>
 </body>
</html>
