<?xml version="1.0" encoding="UTF-8"?>
<!DOCTYPE html PUBLIC "-//W3C//DTD XHTML 1.0 Transitional//EN"
    "http://www.w3.org/TR/xhtml1/DTD/xhtml1-transitional.dtd">
<html xmlns="http://www.w3.org/1999/xhtml" xml:lang="en" lang="en">
 <head>
  <title>
</title>
<meta http-equiv="Content-Type" content="text/html;charset=utf-8" />
  <meta name='ocr-system' content='tesseract 3.04.00' />
  <meta name='ocr-capabilities' content='ocr_page ocr_carea ocr_par ocr_line ocrx_word'/>
</head>
<body>
  <div class='ocr_page' id='page_1' title='image "./vitajesuchristi00sachgoog/vitajesuchristi00sachgoog_0033.png"; bbox 0 0 2784 4452; ppageno 0'>
   <div class='ocr_carea' id='block_1_1' title="bbox 535 171 2493 258">
    <p class='ocr_par' dir='ltr' id='par_1_1' title="bbox 535 171 2493 258">
     <span class='ocr_line' id='line_1_1' title="bbox 535 171 2493 258; baseline 0.011 -38"><span class='ocrx_word' id='word_1_1' title='bbox 535 171 630 221; x_wconf 92' lang='lat' dir='ltr'>DE</span> <span class='ocrx_word' id='word_1_2' title='bbox 659 171 903 222; x_wconf 87' lang='lat' dir='ltr'><strong>DIVINA</strong></span> <span class='ocrx_word' id='word_1_3' title='bbox 936 173 1028 223; x_wconf 90' lang='lat' dir='ltr'>ET</span> <span class='ocrx_word' id='word_1_4' title='bbox 1059 173 1375 225; x_wconf 80' lang='lat' dir='ltr'>AETERNA</span> <span class='ocrx_word' id='word_1_5' title='bbox 1407 175 1691 229; x_wconf 90' lang='lat' dir='ltr'>CHRISTI</span> <span class='ocrx_word' id='word_1_6' title='bbox 1724 180 2252 239; x_wconf 87' lang='lat' dir='ltr'>GENERATIONE.</span> <span class='ocrx_word' id='word_1_7' title='bbox 2432 208 2493 258; x_wconf 81' lang='lat'>¹7</span> 
     </span>
    </p>
   </div>
   <div class='ocr_carea' id='block_1_2' title="bbox 174 290 1320 3864">
    <p class='ocr_par' dir='ltr' id='par_1_2' title="bbox 230 290 1320 840">
     <span class='ocr_line' id='line_1_2' title="bbox 246 290 1314 357; baseline 0 -15"><span class='ocrx_word' id='word_1_8' title='bbox 246 306 436 354; x_wconf 80' lang='lat' dir='ltr'>num3</span> <span class='ocrx_word' id='word_1_9' title='bbox 483 291 605 342; x_wconf 90' lang='lat' dir='ltr'>vide</span> <span class='ocrx_word' id='word_1_10' title='bbox 645 291 690 341; x_wconf 90' lang='lat' dir='ltr'>si</span> <span class='ocrx_word' id='word_1_11' title='bbox 729 291 801 342; x_wconf 93' lang='lat' dir='ltr'>sit</span> <span class='ocrx_word' id='word_1_12' title='bbox 840 290 1039 341; x_wconf 88' lang='lat' dir='ltr'>factum</span> <span class='ocrx_word' id='word_1_13' title='bbox 1079 291 1137 343; x_wconf 85' lang='lat' dir='ltr'>in</span> <span class='ocrx_word' id='word_1_14' title='bbox 1177 291 1314 357; x_wconf 79' lang='lat' dir='ltr'>ipsc,</span> 
     </span>
     <span class='ocr_line' id='line_1_3' title="bbox 242 363 1318 430; baseline 0.001 -16"><span class='ocrx_word' id='word_1_15' title='bbox 242 363 457 415; x_wconf 87' lang='lat' dir='ltr'>scilicet</span> <span class='ocrx_word' id='word_1_16' title='bbox 488 364 618 424; x_wconf 89' lang='lat' dir='ltr'>De0,</span> <span class='ocrx_word' id='word_1_17' title='bbox 651 363 778 430; x_wconf 90' lang='lat' dir='ltr'>quia</span> <span class='ocrx_word' id='word_1_18' title='bbox 808 363 897 413; x_wconf 91' lang='lat' dir='ltr'>hic</span> <span class='ocrx_word' id='word_1_19' title='bbox 941 364 1138 415; x_wconf 89' lang='lat' dir='ltr'>dicitur</span> <span class='ocrx_word' id='word_1_20' title='bbox 1176 365 1318 430; x_wconf 82' lang='lat' dir='ltr'>quod</span> 
     </span>
     <span class='ocr_line' id='line_1_4' title="bbox 230 436 1316 503; baseline 0 -17"><span class='ocrx_word' id='word_1_21' title='bbox 230 436 457 503; x_wconf 86' lang='lat' dir='ltr'>factum</span> <span class='ocrx_word' id='word_1_22' title='bbox 499 443 581 486; x_wconf 84' lang='lat' dir='ltr'>est</span> <span class='ocrx_word' id='word_1_23' title='bbox 627 437 680 486; x_wconf 85' lang='lat' dir='ltr'>in</span> <span class='ocrx_word' id='word_1_24' title='bbox 726 437 861 502; x_wconf 77' lang='lat' dir='ltr'>ipsc,</span> <span class='ocrx_word' id='word_1_25' title='bbox 918 436 1118 487; x_wconf 90' lang='lat' dir='ltr'>scilicet</span> <span class='ocrx_word' id='word_1_26' title='bbox 1154 436 1316 488; x_wconf 91' lang='lat' dir='ltr'>Deo:</span> 
     </span>
     <span class='ocr_line' id='line_1_5' title="bbox 241 506 1316 568; baseline 0.001 -11"><span class='ocrx_word' id='word_1_27' title='bbox 241 507 362 559; x_wconf 75' lang='lat' dir='ltr'>vita</span> <span class='ocrx_word' id='word_1_28' title='bbox 399 512 538 568; x_wconf 87' lang='lat' dir='ltr'>erat,</span> <span class='ocrx_word' id='word_1_29' title='bbox 586 507 640 556; x_wconf 95' lang='lat' dir='ltr'>id</span> <span class='ocrx_word' id='word_1_30' title='bbox 693 517 790 566; x_wconf 90' lang='lat' dir='ltr'>est,</span> <span class='ocrx_word' id='word_1_31' title='bbox 832 506 992 556; x_wconf 87' lang='lat' dir='ltr'>vitale</span> <span class='ocrx_word' id='word_1_32' title='bbox 1039 516 1094 557; x_wconf 91' lang='lat' dir='ltr'>et</span> <span class='ocrx_word' id='word_1_33' title='bbox 1130 507 1316 558; x_wconf 87' lang='lat' dir='ltr'>vivum</span> 
     </span>
     <span class='ocr_line' id='line_1_6' title="bbox 239 575 1319 643; baseline -0.002 -14"><span class='ocrx_word' id='word_1_34' title='bbox 239 587 345 629; x_wconf 84' lang='lat' dir='ltr'>est.</span> <span class='ocrx_word' id='word_1_35' title='bbox 375 577 439 627; x_wconf 90' lang='lat' dir='ltr'>In</span> <span class='ocrx_word' id='word_1_36' title='bbox 475 578 588 628; x_wconf 92' lang='lat' dir='ltr'>Deo</span> <span class='ocrx_word' id='word_1_37' title='bbox 615 587 793 627; x_wconf 90' lang='lat' dir='ltr'>autem</span> <span class='ocrx_word' id='word_1_38' title='bbox 824 575 886 626; x_wconf 91' lang='lat' dir='ltr'>fit</span> <span class='ocrx_word' id='word_1_39' title='bbox 914 577 1058 643; x_wconf 92' lang='lat' dir='ltr'>quod</span> <span class='ocrx_word' id='word_1_40' title='bbox 1099 577 1155 627; x_wconf 92' lang='lat' dir='ltr'>in</span> <span class='ocrx_word' id='word_1_41' title='bbox 1185 577 1319 627; x_wconf 89' lang='lat' dir='ltr'>cha-</span> 
     </span>
     <span class='ocr_line' id='line_1_7' title="bbox 240 648 1320 714; baseline 0 -16"><span class='ocrx_word' id='word_1_42' title='bbox 240 649 404 699; x_wconf 88' lang='lat' dir='ltr'><strong>ritate</strong></span> <span class='ocrx_word' id='word_1_43' title='bbox 443 649 534 710; x_wconf 81' lang='lat' dir='ltr'>fit3</span> <span class='ocrx_word' id='word_1_44' title='bbox 574 658 625 698; x_wconf 89' lang='lat' dir='ltr'>et</span> <span class='ocrx_word' id='word_1_45' title='bbox 670 649 815 714; x_wconf 91' lang='lat' dir='ltr'>quod</span> <span class='ocrx_word' id='word_1_46' title='bbox 855 658 1000 699; x_wconf 84' lang='lat' dir='ltr'>extra</span> <span class='ocrx_word' id='word_1_47' title='bbox 1051 648 1227 699; x_wconf 89' lang='lat' dir='ltr'>Deum</span> <span class='ocrx_word' id='word_1_48' title='bbox 1267 659 1320 698; x_wconf 88' lang='lat' dir='ltr'>et</span> 
     </span>
     <span class='ocr_line' id='line_1_8' title="bbox 242 717 1319 785; baseline 0 -17"><span class='ocrx_word' id='word_1_49' title='bbox 242 728 445 785; x_wconf 87' lang='lat' dir='ltr'>praeter</span> <span class='ocrx_word' id='word_1_50' title='bbox 494 719 687 780; x_wconf 90' lang='lat' dir='ltr'>Deum,</span> <span class='ocrx_word' id='word_1_51' title='bbox 738 734 851 768; x_wconf 88' lang='lat' dir='ltr'>non</span> <span class='ocrx_word' id='word_1_52' title='bbox 894 717 1056 768; x_wconf 89' lang='lat' dir='ltr'>habet</span> <span class='ocrx_word' id='word_1_53' title='bbox 1096 734 1319 770; x_wconf 90' lang='lat' dir='ltr'>movens</span> 
     </span>
     <span class='ocr_line' id='line_1_9' title="bbox 242 788 574 840; baseline -0.003 -1"><span class='ocrx_word' id='word_1_54' title='bbox 242 805 348 840; x_wconf 89' lang='lat' dir='ltr'>nec</span> <span class='ocrx_word' id='word_1_55' title='bbox 387 788 574 839; x_wconf 87' lang='lat' dir='ltr'><strong>finem.</strong></span> 
     </span>
    </p>

    <p class='ocr_par' dir='ltr' id='par_1_3' title="bbox 213 859 1319 2641">
     <span class='ocr_line' id='line_1_10' title="bbox 308 859 1318 912; baseline 0 -1"><span class='ocrx_word' id='word_1_56' title='bbox 308 859 345 912; x_wconf 91' lang='lat'>8</span> <span class='ocrx_word' id='word_1_57' title='bbox 376 861 610 910; x_wconf 78' lang='lat' dir='ltr'>VERBUM</span> <span class='ocrx_word' id='word_1_58' title='bbox 647 860 747 910; x_wconf 74' lang='lat' dir='ltr'>Dm</span> <span class='ocrx_word' id='word_1_59' title='bbox 796 876 906 909; x_wconf 77' lang='lat' dir='ltr'>Lux</span> <span class='ocrx_word' id='word_1_60' title='bbox 954 875 1213 911; x_wconf 67' lang='lat' dir='ltr'>Romnum.</span> <span class='ocrx_word' id='word_1_61' title='bbox 1257 889 1318 898; x_wconf 96' lang='lat'><strong>—</strong></span> 
     </span>
     <span class='ocr_line' id='line_1_11' title="bbox 241 929 1318 996; baseline -0.002 -14"><span class='ocrx_word' id='word_1_62' title='bbox 241 932 490 982; x_wconf 90' lang='lat' dir='ltr'>Ostenso</span> <span class='ocrx_word' id='word_1_63' title='bbox 526 940 705 980; x_wconf 91' lang='lat' dir='ltr'>autem</span> <span class='ocrx_word' id='word_1_64' title='bbox 743 929 974 996; x_wconf 86' lang='lat' dir='ltr'>qualiter</span> <span class='ocrx_word' id='word_1_65' title='bbox 999 930 1241 981; x_wconf 85' lang='lat' dir='ltr'>Verbum</span> <span class='ocrx_word' id='word_1_66' title='bbox 1262 945 1318 980; x_wconf 94' lang='lat' dir='ltr'>se</span> 
     </span>
     <span class='ocr_line' id='line_1_12' title="bbox 236 1001 1319 1067; baseline -0.003 -13"><span class='ocrx_word' id='word_1_67' title='bbox 236 1003 442 1054; x_wconf 82' lang='lat' dir='ltr'>habeat</span> <span class='ocrx_word' id='word_1_68' title='bbox 471 1003 537 1051; x_wconf 93' lang='lat' dir='ltr'>ad</span> <span class='ocrx_word' id='word_1_69' title='bbox 566 1017 755 1051; x_wconf 91' lang='lat' dir='ltr'>omnes</span> <span class='ocrx_word' id='word_1_70' title='bbox 783 1010 1047 1051; x_wconf 87' lang='lat' dir='ltr'>creaturas</span> <span class='ocrx_word' id='word_1_71' title='bbox 1078 1001 1135 1052; x_wconf 91' lang='lat' dir='ltr'>in</span> <span class='ocrx_word' id='word_1_72' title='bbox 1165 1017 1319 1067; x_wconf 90' lang='lat' dir='ltr'>gene-</span> 
     </span>
     <span class='ocr_line' id='line_1_13' title="bbox 239 1072 1319 1138; baseline -0.001 -14"><span class='ocrx_word' id='word_1_73' title='bbox 239 1073 365 1133; x_wconf 87' lang='lat' dir='ltr'>rali,</span> <span class='ocrx_word' id='word_1_74' title='bbox 396 1081 789 1138; x_wconf 87' lang='lat' dir='ltr'>consequenter</span> <span class='ocrx_word' id='word_1_75' title='bbox 817 1072 1069 1132; x_wconf 83' lang='lat' dir='ltr'><strong>ostendit,</strong></span> <span class='ocrx_word' id='word_1_76' title='bbox 1087 1072 1319 1138; x_wconf 85' lang='lat' dir='ltr'>qualiter</span> 
     </span>
     <span class='ocr_line' id='line_1_14' title="bbox 231 1143 1318 1208; baseline -0.003 -11"><span class='ocrx_word' id='word_1_77' title='bbox 231 1161 294 1198; x_wconf 88' lang='lat' dir='ltr'>se</span> <span class='ocrx_word' id='word_1_78' title='bbox 319 1145 522 1195; x_wconf 85' lang='lat' dir='ltr'>habeat</span> <span class='ocrx_word' id='word_1_79' title='bbox 546 1145 611 1193; x_wconf 89' lang='lat' dir='ltr'>ad</span> <span class='ocrx_word' id='word_1_80' title='bbox 634 1143 883 1194; x_wconf 90' lang='lat' dir='ltr'>homines</span> <span class='ocrx_word' id='word_1_81' title='bbox 915 1143 970 1193; x_wconf 90' lang='lat' dir='ltr'>in</span> <span class='ocrx_word' id='word_1_82' title='bbox 998 1143 1212 1208; x_wconf 88' lang='lat' dir='ltr'>speciali</span> <span class='ocrx_word' id='word_1_83' title='bbox 1242 1144 1318 1194; x_wconf 90' lang='lat' dir='ltr'>di-</span> 
     </span>
     <span class='ocr_line' id='line_1_15' title="bbox 229 1215 1311 1270; baseline -0.003 0"><span class='ocrx_word' id='word_1_84' title='bbox 229 1234 374 1270; x_wconf 89' lang='lat' dir='ltr'>cens</span> <span class='ocrx_word' id='word_1_85' title='bbox 403 1235 416 1266; x_wconf 73' lang='grc' dir='ltr'>ε</span> <span class='ocrx_word' id='word_1_86' title='bbox 448 1217 528 1267; x_wconf 86' lang='lat' dir='ltr'>Et</span> <span class='ocrx_word' id='word_1_87' title='bbox 567 1217 678 1266; x_wconf 86' lang='lat' dir='ltr'>vita</span> <span class='ocrx_word' id='word_1_88' title='bbox 721 1222 839 1269; x_wconf 82' lang='lat' dir='ltr'>erat</span> <span class='ocrx_word' id='word_1_89' title='bbox 888 1216 989 1266; x_wconf 83' lang='lat' dir='ltr'>lux</span> <span class='ocrx_word' id='word_1_90' title='bbox 1028 1215 1311 1267; x_wconf 86' lang='lat' dir='ltr'>hominum.</span> 
     </span>
     <span class='ocr_line' id='line_1_16' title="bbox 228 1285 1314 1351; baseline -0.003 -11"><span class='ocrx_word' id='word_1_91' title='bbox 228 1289 388 1351; x_wconf 85' lang='lat' dir='ltr'><strong>Quia</strong></span> <span class='ocrx_word' id='word_1_92' title='bbox 427 1288 566 1347; x_wconf 90' lang='lat' dir='ltr'>vita,</span> <span class='ocrx_word' id='word_1_93' title='bbox 598 1286 652 1334; x_wconf 93' lang='lat' dir='ltr'>id</span> <span class='ocrx_word' id='word_1_94' title='bbox 688 1296 797 1345; x_wconf 89' lang='lat' dir='ltr'>est,</span> <span class='ocrx_word' id='word_1_95' title='bbox 842 1285 1022 1351; x_wconf 90' lang='lat' dir='ltr'>ipsum</span> <span class='ocrx_word' id='word_1_96' title='bbox 1075 1286 1314 1337; x_wconf 86' lang='lat' dir='ltr'>Verbum</span> 
     </span>
     <span class='ocr_line' id='line_1_17' title="bbox 228 1356 1313 1428; baseline -0.005 -17"><span class='ocrx_word' id='word_1_97' title='bbox 228 1360 392 1428; x_wconf 87' lang='lat' dir='ltr'>quod</span> <span class='ocrx_word' id='word_1_98' title='bbox 429 1369 513 1409; x_wconf 89' lang='lat' dir='ltr'>est</span> <span class='ocrx_word' id='word_1_99' title='bbox 539 1357 647 1408; x_wconf 90' lang='lat' dir='ltr'>vita</span> <span class='ocrx_word' id='word_1_100' title='bbox 676 1356 733 1406; x_wconf 90' lang='lat' dir='ltr'>in</span> <span class='ocrx_word' id='word_1_101' title='bbox 783 1372 871 1416; x_wconf 85' lang='lat' dir='ltr'>se,</span> <span class='ocrx_word' id='word_1_102' title='bbox 907 1357 964 1406; x_wconf 88' lang='lat' dir='ltr'>in</span> <span class='ocrx_word' id='word_1_103' title='bbox 986 1372 1094 1422; x_wconf 91' lang='lat' dir='ltr'>qua</span> <span class='ocrx_word' id='word_1_104' title='bbox 1134 1365 1186 1406; x_wconf 86' lang='lat' dir='ltr'>et</span> <span class='ocrx_word' id='word_1_105' title='bbox 1222 1372 1313 1422; x_wconf 91' lang='lat' dir='ltr'>per</span> 
     </span>
     <span class='ocr_line' id='line_1_18' title="bbox 225 1427 1315 1499; baseline -0.003 -17"><span class='ocrx_word' id='word_1_106' title='bbox 225 1446 408 1499; x_wconf 87' lang='lat' dir='ltr'>quam</span> <span class='ocrx_word' id='word_1_107' title='bbox 433 1439 685 1480; x_wconf 85' lang='lat' dir='ltr'>creaturae</span> <span class='ocrx_word' id='word_1_108' title='bbox 713 1427 919 1488; x_wconf 90' lang='lat' dir='ltr'>vivunt,</span> <span class='ocrx_word' id='word_1_109' title='bbox 951 1434 1068 1477; x_wconf 84' lang='lat' dir='ltr'>erat</span> <span class='ocrx_word' id='word_1_110' title='bbox 1097 1427 1197 1477; x_wconf 89' lang='lat' dir='ltr'>lux</span> <span class='ocrx_word' id='word_1_111' title='bbox 1229 1427 1315 1479; x_wconf 87' lang='lat' dir='ltr'>ho-</span> 
     </span>
     <span class='ocr_line' id='line_1_19' title="bbox 225 1498 1313 1557; baseline -0.004 -5"><span class='ocrx_word' id='word_1_112' title='bbox 225 1503 440 1552; x_wconf 85' lang='lat' dir='ltr'>minum</span> <span class='ocrx_word' id='word_1_113' title='bbox 463 1518 479 1549; x_wconf 90' lang='lat'>.·</span> <span class='ocrx_word' id='word_1_114' title='bbox 506 1499 558 1548; x_wconf 90' lang='lat' dir='ltr'>id</span> <span class='ocrx_word' id='word_1_115' title='bbox 576 1508 673 1557; x_wconf 89' lang='lat' dir='ltr'>est,</span> <span class='ocrx_word' id='word_1_116' title='bbox 692 1498 834 1547; x_wconf 88' lang='lat' dir='ltr'>unde</span> <span class='ocrx_word' id='word_1_117' title='bbox 861 1498 1145 1548; x_wconf 86' lang='lat' dir='ltr'>rationales</span> <span class='ocrx_word' id='word_1_118' title='bbox 1165 1513 1313 1548; x_wconf 90' lang='lat' dir='ltr'>crea-</span> 
     </span>
     <span class='ocr_line' id='line_1_20' title="bbox 223 1566 1313 1628; baseline -0.004 -6"><span class='ocrx_word' id='word_1_119' title='bbox 223 1582 377 1622; x_wconf 87' lang='lat' dir='ltr'>turae</span> <span class='ocrx_word' id='word_1_120' title='bbox 406 1580 468 1619; x_wconf 93' lang='lat' dir='ltr'>ut</span> <span class='ocrx_word' id='word_1_121' title='bbox 489 1566 666 1618; x_wconf 79' lang='lat' dir='ltr'>&#39;beatae</span> <span class='ocrx_word' id='word_1_122' title='bbox 692 1567 898 1628; x_wconf 89' lang='lat' dir='ltr'>fierent,</span> <span class='ocrx_word' id='word_1_123' title='bbox 941 1567 1313 1618; x_wconf 82' lang='lat' dir='ltr'>illuminandae</span> 
     </span>
     <span class='ocr_line' id='line_1_21' title="bbox 222 1640 1312 1709; baseline -0.005 -14"><span class='ocrx_word' id='word_1_124' title='bbox 222 1653 408 1703; x_wconf 84' lang='lat' dir='ltr'>erant,</span> <span class='ocrx_word' id='word_1_125' title='bbox 425 1641 554 1709; x_wconf 90' lang='lat' dir='ltr'>quia</span> <span class='ocrx_word' id='word_1_126' title='bbox 580 1657 690 1690; x_wconf 92' lang='lat' dir='ltr'>non</span> <span class='ocrx_word' id='word_1_127' title='bbox 719 1640 899 1690; x_wconf 88' lang='lat' dir='ltr'>deficit</span> <span class='ocrx_word' id='word_1_128' title='bbox 915 1640 1167 1691; x_wconf 89' lang='lat' dir='ltr'>homines</span> <span class='ocrx_word' id='word_1_129' title='bbox 1182 1641 1312 1690; x_wconf 91' lang='lat' dir='ltr'>illu-</span> 
     </span>
     <span class='ocr_line' id='line_1_22' title="bbox 224 1713 1314 1781; baseline -0.005 -13"><span class='ocrx_word' id='word_1_130' title='bbox 224 1728 407 1768; x_wconf 85' lang='lat' dir='ltr'>strare</span> <span class='ocrx_word' id='word_1_131' title='bbox 437 1730 533 1781; x_wconf 92' lang='lat' dir='ltr'>per</span> <span class='ocrx_word' id='word_1_132' title='bbox 562 1713 790 1780; x_wconf 84' lang='lat' dir='ltr'>gratiam</span> <span class='ocrx_word' id='word_1_133' title='bbox 831 1728 992 1778; x_wconf 90' lang='lat' dir='ltr'>super</span> <span class='ocrx_word' id='word_1_134' title='bbox 1021 1729 1213 1764; x_wconf 88' lang='lat' dir='ltr'>omnes</span> <span class='ocrx_word' id='word_1_135' title='bbox 1247 1713 1314 1763; x_wconf 91' lang='lat' dir='ltr'>ir·</span> 
     </span>
     <span class='ocr_line' id='line_1_23' title="bbox 230 1782 1313 1850; baseline -0.003 -13"><span class='ocrx_word' id='word_1_136' title='bbox 230 1787 518 1844; x_wconf 88' lang='lat' dir='ltr'>radiand0‚</span> <span class='ocrx_word' id='word_1_137' title='bbox 542 1785 589 1834; x_wconf 89' lang='lat' dir='ltr'>si</span> <span class='ocrx_word' id='word_1_138' title='bbox 620 1785 788 1834; x_wconf 89' lang='lat' dir='ltr'>homo</span> <span class='ocrx_word' id='word_1_139' title='bbox 819 1782 943 1833; x_wconf 90' lang='lat' dir='ltr'>facit</span> <span class='ocrx_word' id='word_1_140' title='bbox 981 1784 1125 1850; x_wconf 92' lang='lat' dir='ltr'>quod</span> <span class='ocrx_word' id='word_1_141' title='bbox 1156 1783 1212 1833; x_wconf 91' lang='lat' dir='ltr'>in</span> <span class='ocrx_word' id='word_1_142' title='bbox 1256 1799 1313 1834; x_wconf 91' lang='lat' dir='ltr'>se</span> 
     </span>
     <span class='ocr_line' id='line_1_24' title="bbox 228 1855 1315 1922; baseline -0.006 -11"><span class='ocrx_word' id='word_1_143' title='bbox 228 1869 334 1920; x_wconf 50' lang='grc' dir='ltr'>εστ,</span> <span class='ocrx_word' id='word_1_144' title='bbox 368 1875 425 1909; x_wconf 93' lang='lat' dir='ltr'>se</span> <span class='ocrx_word' id='word_1_145' title='bbox 447 1858 515 1908; x_wconf 88' lang='lat' dir='ltr'>ad</span> <span class='ocrx_word' id='word_1_146' title='bbox 545 1858 719 1907; x_wconf 91' lang='lat' dir='ltr'>Deum</span> <span class='ocrx_word' id='word_1_147' title='bbox 750 1872 844 1921; x_wconf 80' lang='lat' dir='ltr'>per</span> <span class='ocrx_word' id='word_1_148' title='bbox 873 1855 1238 1922; x_wconf 86' lang='lat' dir='ltr'>cognitionem</span> <span class='ocrx_word' id='word_1_149' title='bbox 1263 1866 1315 1906; x_wconf 89' lang='lat' dir='ltr'>et</span> 
     </span>
     <span class='ocr_line' id='line_1_25' title="bbox 227 1926 1308 1993; baseline -0.003 -13"><span class='ocrx_word' id='word_1_150' title='bbox 227 1944 479 1980; x_wconf 87' lang='lat' dir='ltr'>amorem</span> <span class='ocrx_word' id='word_1_151' title='bbox 508 1937 666 1993; x_wconf 93' lang='lat' dir='ltr'>prout</span> <span class='ocrx_word' id='word_1_152' title='bbox 708 1936 882 1991; x_wconf 90' lang='lat' dir='ltr'>potest</span> <span class='ocrx_word' id='word_1_153' title='bbox 937 1926 1308 1977; x_wconf 78' lang='lat' dir='ltr'>convertendo·</span> 
     </span>
     <span class='ocr_line' id='line_1_26' title="bbox 225 1996 1310 2058; baseline -0.006 -7"><span class='ocrx_word' id='word_1_154' title='bbox 225 1999 530 2058; x_wconf 73' lang='lat' dir='ltr'>Mor-aliter,</span> <span class='ocrx_word' id='word_1_155' title='bbox 548 1998 658 2048; x_wconf 86' lang='lat' dir='ltr'>vita</span> <span class='ocrx_word' id='word_1_156' title='bbox 690 1999 831 2046; x_wconf 90' lang='lat' dir='ltr'>bona</span> <span class='ocrx_word' id='word_1_157' title='bbox 860 2006 938 2046; x_wconf 92' lang='lat' dir='ltr'>est</span> <span class='ocrx_word' id='word_1_158' title='bbox 984 1998 1080 2046; x_wconf 84' lang='lat' dir='ltr'>lux</span> <span class='ocrx_word' id='word_1_159' title='bbox 1124 1996 1310 2046; x_wconf 87' lang='lat' dir='ltr'>homi-</span> 
     </span>
     <span class='ocr_line' id='line_1_27' title="bbox 223 2067 1310 2137; baseline -0.006 -12"><span class='ocrx_word' id='word_1_160' title='bbox 223 2089 394 2133; x_wconf 86' lang='lat' dir='ltr'>num,</span> <span class='ocrx_word' id='word_1_161' title='bbox 420 2071 548 2137; x_wconf 92' lang='lat' dir='ltr'>quia</span> <span class='ocrx_word' id='word_1_162' title='bbox 582 2071 704 2134; x_wconf 92' lang='lat' dir='ltr'>plus</span> <span class='ocrx_word' id='word_1_163' title='bbox 731 2068 1006 2118; x_wconf 83' lang='lat' dir='ltr'>illuminat</span> <span class='ocrx_word' id='word_1_164' title='bbox 1043 2077 1095 2117; x_wconf 93' lang='lat' dir='ltr'>et</span> <span class='ocrx_word' id='word_1_165' title='bbox 1136 2067 1310 2118; x_wconf 87' lang='lat' dir='ltr'>aedifi-</span> 
     </span>
     <span class='ocr_line' id='line_1_28' title="bbox 221 2141 1306 2211; baseline -0.006 -13"><span class='ocrx_word' id='word_1_166' title='bbox 221 2158 310 2198; x_wconf 87' lang='lat' dir='ltr'>cat</span> <span class='ocrx_word' id='word_1_167' title='bbox 365 2144 677 2211; x_wconf 84' lang='lat' dir='ltr'>proximum</span> <span class='ocrx_word' id='word_1_168' title='bbox 716 2142 846 2205; x_wconf 89' lang='lat' dir='ltr'>vita,</span> <span class='ocrx_word' id='word_1_169' title='bbox 892 2156 1056 2207; x_wconf 91' lang='lat' dir='ltr'>quam</span> <span class='ocrx_word' id='word_1_170' title='bbox 1098 2141 1306 2204; x_wconf 80' lang='lat' dir='ltr'>verba3</span> 
     </span>
     <span class='ocr_line' id='line_1_29' title="bbox 218 2213 1310 2284; baseline -0.009 -11"><span class='ocrx_word' id='word_1_171' title='bbox 218 2220 384 2273; x_wconf 86' lang='lat' dir='ltr'>unde</span> <span class='ocrx_word' id='word_1_172' title='bbox 409 2217 785 2284; x_wconf 82' lang='lat' dir='ltr'><strong><em>Hieronymus</em></strong></span> <span class='ocrx_word' id='word_1_173' title='bbox 807 2233 823 2265; x_wconf 89' lang='grc'>.·</span> <span class='ocrx_word' id='word_1_174' title='bbox 846 2233 872 2260; x_wconf 72' lang='grc' dir='ltr'>ι(</span> <span class='ocrx_word' id='word_1_175' title='bbox 891 2214 1062 2264; x_wconf 90' lang='lat' dir='ltr'>Multo</span> <span class='ocrx_word' id='word_1_176' title='bbox 1082 2214 1203 2279; x_wconf 92' lang='lat' dir='ltr'>plus</span> <span class='ocrx_word' id='word_1_177' title='bbox 1219 2213 1310 2264; x_wconf 86' lang='lat' dir='ltr'>in·—</span> 
     </span>
     <span class='ocr_line' id='line_1_30' title="bbox 215 2285 1308 2357; baseline -0.007 -13"><span class='ocrx_word' id='word_1_178' title='bbox 215 2290 495 2357; x_wconf 87' lang='lat' dir='ltr'>telligitur</span> <span class='ocrx_word' id='word_1_179' title='bbox 522 2289 668 2355; x_wconf 91' lang='lat' dir='ltr'>quod</span> <span class='ocrx_word' id='word_1_180' title='bbox 694 2286 866 2337; x_wconf 91' lang='lat' dir='ltr'>oculis</span> <span class='ocrx_word' id='word_1_181' title='bbox 906 2285 1117 2335; x_wconf 87' lang='lat' dir='ltr'>videtur</span> <span class='ocrx_word' id='word_1_182' title='bbox 1145 2301 1308 2351; x_wconf 90' lang='lat' dir='ltr'>quam</span> 
     </span>
     <span class='ocr_line' id='line_1_31' title="bbox 214 2357 1308 2431; baseline -0.006 -17"><span class='ocrx_word' id='word_1_183' title='bbox 214 2364 382 2431; x_wconf 88' lang='lat' dir='ltr'>quod</span> <span class='ocrx_word' id='word_1_184' title='bbox 412 2376 540 2411; x_wconf 89' lang='lat' dir='ltr'>aure</span> <span class='ocrx_word' id='word_1_185' title='bbox 581 2358 888 2424; x_wconf 85' lang='lat' dir='ltr'>percipitur.</span> <span class='ocrx_word' id='word_1_186' title='bbox 919 2376 945 2403; x_wconf 85' lang='lat'>»</span> <span class='ocrx_word' id='word_1_187' title='bbox 979 2357 1043 2406; x_wconf 87' lang='lat' dir='ltr'>Et</span> <span class='ocrx_word' id='word_1_188' title='bbox 1072 2357 1308 2407; x_wconf 84' lang='lat' dir='ltr'>Seneca:</span> 
     </span>
     <span class='ocr_line' id='line_1_32' title="bbox 216 2411 1310 2498; baseline -0.005 -16"><span class='ocrx_word' id='word_1_189' title='bbox 216 2456 246 2482; x_wconf 74' lang='grc' dir='ltr'>ιι</span> <span class='ocrx_word' id='word_1_190' title='bbox 260 2436 529 2498; x_wconf 86' lang='lat' dir='ltr'>Longum</span> <span class='ocrx_word' id='word_1_191' title='bbox 552 2431 650 2480; x_wconf 90' lang='lat' dir='ltr'>iter</span> <span class='ocrx_word' id='word_1_192' title='bbox 668 2444 761 2494; x_wconf 89' lang='lat' dir='ltr'>per</span> <span class='ocrx_word' id='word_1_193' title='bbox 780 2436 1062 2493; x_wconf 75' lang='lat' dir='ltr'>praecepta,</span> <span class='ocrx_word' id='word_1_194' title='bbox 1084 2426 1240 2477; x_wconf 86' lang='lat' dir='ltr'>breve</span> <span class='ocrx_word' id='word_1_195' title='bbox 1257 2411 1310 2477; x_wconf 69' lang='grc' dir='ltr'>ἔτ</span> 
     </span>
     <span class='ocr_line' id='line_1_33' title="bbox 213 2500 1307 2570; baseline -0.008 -12"><span class='ocrx_word' id='word_1_196' title='bbox 213 2506 413 2558; x_wconf 81' lang='lat' dir='ltr'>efficax</span> <span class='ocrx_word' id='word_1_197' title='bbox 441 2520 536 2570; x_wconf 90' lang='lat' dir='ltr'>per</span> <span class='ocrx_word' id='word_1_198' title='bbox 571 2503 830 2566; x_wconf 83' lang='lat' dir='ltr'>exempla.</span> <span class='ocrx_word' id='word_1_199' title='bbox 860 2519 887 2546; x_wconf 82' lang='lat'>»</span> <span class='ocrx_word' id='word_1_200' title='bbox 919 2500 1076 2550; x_wconf 90' lang='lat' dir='ltr'>Unde</span> <span class='ocrx_word' id='word_1_201' title='bbox 1104 2500 1307 2549; x_wconf 87' lang='lat' dir='ltr'>dictum</span> 
     </span>
     <span class='ocr_line' id='line_1_34' title="bbox 213 2571 1264 2641; baseline -0.008 -10"><span class='ocrx_word' id='word_1_202' title='bbox 213 2590 301 2631; x_wconf 90' lang='lat' dir='ltr'>est</span> <span class='ocrx_word' id='word_1_203' title='bbox 328 2596 346 2629; x_wconf 75' lang='lat' dir='ltr'><em>z</em></span> <span class='ocrx_word' id='word_1_204' title='bbox 381 2580 541 2629; x_wconf 80' lang='lat' dir='ltr'>Jesus</span> <span class='ocrx_word' id='word_1_205' title='bbox 570 2575 729 2641; x_wconf 80' lang='lat' dir='ltr'>coepit</span> <span class='ocrx_word' id='word_1_206' title='bbox 761 2574 953 2639; x_wconf 83' lang='lat' dir='ltr'>facere</span> <span class='ocrx_word' id='word_1_207' title='bbox 981 2578 1032 2622; x_wconf 83' lang='lat' dir='ltr'>et</span> <span class='ocrx_word' id='word_1_208' title='bbox 1061 2571 1264 2623; x_wconf 81' lang='lat' dir='ltr'>docere.</span> 
     </span>
    </p>

    <p class='ocr_par' dir='ltr' id='par_1_4' title="bbox 174 2649 1305 3864">
     <span class='ocr_line' id='line_1_35' title="bbox 196 2649 1305 2720; baseline -0.005 -21"><span class='ocrx_word' id='word_1_209' title='bbox 196 2705 211 2720; x_wconf 48' lang='lat'><strong>⁴</strong></span> <span class='ocrx_word' id='word_1_210' title='bbox 285 2666 323 2718; x_wconf 89' lang='lat'>9</span> <span class='ocrx_word' id='word_1_211' title='bbox 360 2649 484 2708; x_wconf 88' lang='lat' dir='ltr'>Quo</span> <span class='ocrx_word' id='word_1_212' title='bbox 514 2664 654 2696; x_wconf 71' lang='lat' dir='ltr'>nono</span> <span class='ocrx_word' id='word_1_213' title='bbox 682 2661 789 2696; x_wconf 73' lang='lat' dir='ltr'>Lux</span> <span class='ocrx_word' id='word_1_214' title='bbox 829 2661 882 2694; x_wconf 79' lang='lat' dir='ltr'>m</span> <span class='ocrx_word' id='word_1_215' title='bbox 914 2658 1168 2693; x_wconf 69' lang='lat' dir='ltr'>muamus</span> <span class='ocrx_word' id='word_1_216' title='bbox 1198 2660 1305 2693; x_wconf 76' lang='lat' dir='ltr'>Lu-</span> 
     </span>
     <span class='ocr_line' id='line_1_36' title="bbox 210 2714 1304 2780; baseline -0.009 -7"><span class='ocrx_word' id='word_1_217' title='bbox 210 2737 341 2773; x_wconf 70' lang='lat' dir='ltr'>cr-Jr.</span> <span class='ocrx_word' id='word_1_218' title='bbox 376 2747 437 2780; x_wconf 37' lang='lat'>,—</span> <span class='ocrx_word' id='word_1_219' title='bbox 470 2717 549 2767; x_wconf 88' lang='lat' dir='ltr'>Et</span> <span class='ocrx_word' id='word_1_220' title='bbox 578 2718 679 2767; x_wconf 85' lang='lat' dir='ltr'>lux</span> <span class='ocrx_word' id='word_1_221' title='bbox 708 2717 760 2767; x_wconf 87' lang='lat' dir='ltr'>in</span> <span class='ocrx_word' id='word_1_222' title='bbox 801 2714 1030 2766; x_wconf 81' lang='lat' dir='ltr'>tenebris</span> <span class='ocrx_word' id='word_1_223' title='bbox 1066 2714 1218 2775; x_wconf 83' lang='lat' dir='ltr'>lucet,</span> <span class='ocrx_word' id='word_1_224' title='bbox 1249 2714 1304 2763; x_wconf 93' lang='lat' dir='ltr'>id</span> 
     </span>
     <span class='ocr_line' id='line_1_37' title="bbox 205 2784 1302 2853; baseline -0.01 -10"><span class='ocrx_word' id='word_1_225' title='bbox 205 2802 317 2852; x_wconf 87' lang='lat' dir='ltr'>est,</span> <span class='ocrx_word' id='word_1_226' title='bbox 370 2789 429 2839; x_wconf 92' lang='lat' dir='ltr'>in</span> <span class='ocrx_word' id='word_1_227' title='bbox 474 2786 867 2853; x_wconf 83' lang='lat' dir='ltr'>peccatoribus3</span> <span class='ocrx_word' id='word_1_228' title='bbox 896 2784 1023 2851; x_wconf 90' lang='lat' dir='ltr'>quia</span> <span class='ocrx_word' id='word_1_229' title='bbox 1063 2784 1302 2834; x_wconf 90' lang='lat' dir='ltr'>Verbum</span> 
     </span>
     <span class='ocr_line' id='line_1_38' title="bbox 204 2855 1304 2930; baseline -0.009 -16"><span class='ocrx_word' id='word_1_230' title='bbox 204 2871 495 2930; x_wconf 86' lang='lat' dir='ltr'>quantum</span> <span class='ocrx_word' id='word_1_231' title='bbox 528 2860 583 2909; x_wconf 89' lang='lat' dir='ltr'>in</span> <span class='ocrx_word' id='word_1_232' title='bbox 613 2874 670 2907; x_wconf 91' lang='lat' dir='ltr'>se</span> <span class='ocrx_word' id='word_1_233' title='bbox 698 2866 795 2916; x_wconf 90' lang='lat' dir='ltr'>est,</span> <span class='ocrx_word' id='word_1_234' title='bbox 822 2856 1052 2906; x_wconf 89' lang='lat' dir='ltr'>illustrat</span> <span class='ocrx_word' id='word_1_235' title='bbox 1066 2870 1159 2905; x_wconf 86' lang='lat' dir='ltr'>eos</span> <span class='ocrx_word' id='word_1_236' title='bbox 1186 2855 1304 2905; x_wconf 90' lang='lat' dir='ltr'>luce</span> 
     </span>
     <span class='ocr_line' id='line_1_39' title="bbox 203 2925 1302 3001; baseline -0.008 -17"><span class='ocrx_word' id='word_1_237' title='bbox 203 2933 442 3001; x_wconf 80' lang='lat' dir='ltr'>gratiae3</span> <span class='ocrx_word' id='word_1_238' title='bbox 474 2931 565 2980; x_wconf 90' lang='lat' dir='ltr'>sed</span> <span class='ocrx_word' id='word_1_239' title='bbox 599 2927 870 2979; x_wconf 87' lang='lat' dir='ltr'>tenebrosi</span> <span class='ocrx_word' id='word_1_240' title='bbox 911 2936 1056 2986; x_wconf 89' lang='lat' dir='ltr'>sunt,</span> <span class='ocrx_word' id='word_1_241' title='bbox 1087 2925 1215 2992; x_wconf 89' lang='lat' dir='ltr'>quia</span> <span class='ocrx_word' id='word_1_242' title='bbox 1245 2941 1302 2976; x_wconf 93' lang='lat' dir='ltr'>se</span> 
     </span>
     <span class='ocr_line' id='line_1_40' title="bbox 202 2997 1300 3058; baseline -0.007 -1"><span class='ocrx_word' id='word_1_243' title='bbox 202 3002 555 3058; x_wconf 79' lang='lat' dir='ltr'>subtrahunt</span> <span class='ocrx_word' id='word_1_244' title='bbox 621 3001 689 3051; x_wconf 89' lang='lat' dir='ltr'>ab</span> <span class='ocrx_word' id='word_1_245' title='bbox 754 2998 1036 3050; x_wconf 87' lang='lat' dir='ltr'>influentia</span> <span class='ocrx_word' id='word_1_246' title='bbox 1101 2997 1300 3049; x_wconf 87' lang='lat' dir='ltr'>divinae</span> 
     </span>
     <span class='ocr_line' id='line_1_41' title="bbox 200 3068 1296 3135; baseline -0.008 -6"><span class='ocrx_word' id='word_1_247' title='bbox 200 3078 383 3135; x_wconf 76' lang='lat' dir='ltr'>luciS,</span> <span class='ocrx_word' id='word_1_248' title='bbox 440 3074 552 3125; x_wconf 88' lang='lat' dir='ltr'>sive</span> <span class='ocrx_word' id='word_1_249' title='bbox 608 3072 801 3135; x_wconf 89' lang='lat' dir='ltr'>Verbi;</span> <span class='ocrx_word' id='word_1_250' title='bbox 835 3071 958 3122; x_wconf 89' lang='lat' dir='ltr'>ideo</span> <span class='ocrx_word' id='word_1_251' title='bbox 1002 3068 1296 3135; x_wconf 89' lang='lat' dir='ltr'>sequitur:</span> 
     </span>
     <span class='ocr_line' id='line_1_42' title="bbox 196 3139 1299 3208; baseline -0.009 -7"><span class='ocrx_word' id='word_1_252' title='bbox 196 3150 288 3201; x_wconf 83' lang='lat' dir='ltr'>Et</span> <span class='ocrx_word' id='word_1_253' title='bbox 320 3146 560 3198; x_wconf 78' lang='lat' dir='ltr'>tenebrae</span> <span class='ocrx_word' id='word_1_254' title='bbox 601 3158 717 3195; x_wconf 86' lang='lat' dir='ltr'>eam</span> <span class='ocrx_word' id='word_1_255' title='bbox 755 3158 858 3194; x_wconf 87' lang='lat' dir='ltr'>non</span> <span class='ocrx_word' id='word_1_256' title='bbox 899 3139 1299 3208; x_wconf 77' lang='lat' dir='ltr'>comprehende-</span> 
     </span>
     <span class='ocr_line' id='line_1_43' title="bbox 197 3213 1295 3281; baseline -0.011 -10"><span class='ocrx_word' id='word_1_257' title='bbox 197 3224 364 3281; x_wconf 81' lang='lat' dir='ltr'>runt,</span> <span class='ocrx_word' id='word_1_258' title='bbox 402 3226 451 3266; x_wconf 89' lang='lat' dir='ltr'>et</span> <span class='ocrx_word' id='word_1_259' title='bbox 476 3224 772 3280; x_wconf 87' lang='lat' dir='ltr'>peccatores</span> <span class='ocrx_word' id='word_1_260' title='bbox 816 3213 953 3262; x_wconf 89' lang='lat' dir='ltr'>hanc</span> <span class='ocrx_word' id='word_1_261' title='bbox 979 3213 1154 3261; x_wconf 88' lang='lat' dir='ltr'>lucem</span> <span class='ocrx_word' id='word_1_262' title='bbox 1185 3226 1295 3260; x_wconf 91' lang='lat' dir='ltr'>non</span> 
     </span>
     <span class='ocr_line' id='line_1_44' title="bbox 174 3283 1295 3359; baseline -0.007 -18"><span class='ocrx_word' id='word_1_263' title='bbox 174 3299 545 3359; x_wconf 66' lang='lat' dir='ltr'>sequuntur,</span> <span class='ocrx_word' id='word_1_264' title='bbox 578 3303 687 3336; x_wconf 93' lang='lat' dir='ltr'>non</span> <span class='ocrx_word' id='word_1_265' title='bbox 731 3295 949 3352; x_wconf 89' lang='lat' dir='ltr'>propter</span> <span class='ocrx_word' id='word_1_266' title='bbox 1003 3283 1158 3344; x_wconf 80' lang='lat' dir='ltr'>luciS,</span> <span class='ocrx_word' id='word_1_267' title='bbox 1200 3284 1295 3334; x_wconf 91' lang='lat' dir='ltr'>sed</span> 
     </span>
     <span class='ocr_line' id='line_1_45' title="bbox 199 3356 1296 3432; baseline -0.007 -18"><span class='ocrx_word' id='word_1_268' title='bbox 199 3372 444 3432; x_wconf 88' lang='lat' dir='ltr'>propter</span> <span class='ocrx_word' id='word_1_269' title='bbox 480 3359 760 3426; x_wconf 89' lang='lat' dir='ltr'>proprium</span> <span class='ocrx_word' id='word_1_270' title='bbox 802 3358 1087 3408; x_wconf 84' lang='lat' dir='ltr'>defectum.</span> <span class='ocrx_word' id='word_1_271' title='bbox 1140 3356 1296 3408; x_wconf 91' lang='lat' dir='ltr'>Unde</span> 
     </span>
     <span class='ocr_line' id='line_1_46' title="bbox 196 3428 1295 3503; baseline -0.01 -14"><span class='ocrx_word' id='word_1_272' title='bbox 196 3434 560 3503; x_wconf 78' lang='lat' dir='ltr'>Augustinus</span> <span class='ocrx_word' id='word_1_273' title='bbox 581 3450 604 3482; x_wconf 83' lang='lat'>.·</span> <span class='ocrx_word' id='word_1_274' title='bbox 630 3451 659 3478; x_wconf 71' lang='grc' dir='ltr'>ι(</span> <span class='ocrx_word' id='word_1_275' title='bbox 689 3430 975 3491; x_wconf 89' lang='lat' dir='ltr'>Quomodo</span> <span class='ocrx_word' id='word_1_276' title='bbox 1015 3428 1162 3479; x_wconf 91' lang='lat' dir='ltr'>enim</span> <span class='ocrx_word' id='word_1_277' title='bbox 1191 3428 1295 3479; x_wconf 92' lang='lat' dir='ltr'>ho-</span> 
     </span>
     <span class='ocr_line' id='line_1_47' title="bbox 196 3502 1293 3572; baseline -0.01 -13"><span class='ocrx_word' id='word_1_278' title='bbox 196 3523 299 3558; x_wconf 91' lang='lat' dir='ltr'>mo</span> <span class='ocrx_word' id='word_1_279' title='bbox 328 3503 550 3572; x_wconf 83' lang='lat' dir='ltr'>positus</span> <span class='ocrx_word' id='word_1_280' title='bbox 593 3502 650 3552; x_wconf 88' lang='lat' dir='ltr'>in</span> <span class='ocrx_word' id='word_1_281' title='bbox 693 3502 806 3552; x_wconf 89' lang='lat' dir='ltr'>sole</span> <span class='ocrx_word' id='word_1_282' title='bbox 834 3515 1022 3560; x_wconf 81' lang='lat' dir='ltr'>caecuS‚</span> <span class='ocrx_word' id='word_1_283' title='bbox 1057 3513 1293 3566; x_wconf 74' lang='lat' dir='ltr'>praesens</span> 
     </span>
     <span class='ocr_line' id='line_1_48' title="bbox 191 3571 1289 3639; baseline -0.011 -8"><span class='ocrx_word' id='word_1_284' title='bbox 191 3589 286 3631; x_wconf 87' lang='lat' dir='ltr'>est</span> <span class='ocrx_word' id='word_1_285' title='bbox 312 3574 404 3628; x_wconf 89' lang='lat' dir='ltr'>illi</span> <span class='ocrx_word' id='word_1_286' title='bbox 426 3573 534 3634; x_wconf 86' lang='lat' dir='ltr'>sol,</span> <span class='ocrx_word' id='word_1_287' title='bbox 561 3574 653 3624; x_wconf 91' lang='lat' dir='ltr'>sed</span> <span class='ocrx_word' id='word_1_288' title='bbox 689 3572 805 3639; x_wconf 88' lang='lat' dir='ltr'>ipse</span> <span class='ocrx_word' id='word_1_289' title='bbox 826 3571 930 3622; x_wconf 87' lang='lat' dir='ltr'>soli</span> <span class='ocrx_word' id='word_1_290' title='bbox 955 3571 1149 3622; x_wconf 88' lang='lat' dir='ltr'>absens</span> <span class='ocrx_word' id='word_1_291' title='bbox 1179 3578 1289 3632; x_wconf 86' lang='lat' dir='ltr'>est;</span> 
     </span>
     <span class='ocr_line' id='line_1_49' title="bbox 186 3640 1287 3706; baseline -0.011 -5"><span class='ocrx_word' id='word_1_292' title='bbox 186 3650 280 3702; x_wconf 84' lang='lat' dir='ltr'>sic</span> <span class='ocrx_word' id='word_1_293' title='bbox 324 3645 517 3699; x_wconf 86' lang='lat' dir='ltr'>omnis</span> <span class='ocrx_word' id='word_1_294' title='bbox 558 3645 774 3705; x_wconf 88' lang='lat' dir='ltr'>stultus,</span> <span class='ocrx_word' id='word_1_295' title='bbox 816 3641 998 3694; x_wconf 87' lang='lat' dir='ltr'>omnis</span> <span class='ocrx_word' id='word_1_296' title='bbox 1042 3640 1287 3706; x_wconf 88' lang='lat' dir='ltr'>iniquus,</span> 
     </span>
     <span class='ocr_line' id='line_1_50' title="bbox 185 3711 1286 3783; baseline -0.015 -7"><span class='ocrx_word' id='word_1_297' title='bbox 185 3720 400 3775; x_wconf 82' lang='lat' dir='ltr'>omnis</span> <span class='ocrx_word' id='word_1_298' title='bbox 455 3718 689 3783; x_wconf 80' lang='lat' dir='ltr'>impiuS,</span> <span class='ocrx_word' id='word_1_299' title='bbox 746 3731 917 3767; x_wconf 89' lang='lat' dir='ltr'>caecus</span> <span class='ocrx_word' id='word_1_300' title='bbox 960 3723 1041 3764; x_wconf 89' lang='lat' dir='ltr'>est</span> <span class='ocrx_word' id='word_1_301' title='bbox 1095 3711 1286 3772; x_wconf 89' lang='lat' dir='ltr'>corde,</span> 
     </span>
     <span class='ocr_line' id='line_1_51' title="bbox 186 3788 1284 3864; baseline -0.015 -13"><span class='ocrx_word' id='word_1_302' title='bbox 186 3803 480 3864; x_wconf 46' lang='lat' dir='ltr'>prasente</span> <span class='ocrx_word' id='word_1_303' title='bbox 523 3790 801 3856; x_wconf 86' lang='lat' dir='ltr'>sapientia.</span> <span class='ocrx_word' id='word_1_304' title='bbox 847 3788 949 3838; x_wconf 87' lang='lat' dir='ltr'>Sed</span> <span class='ocrx_word' id='word_1_305' title='bbox 980 3803 1104 3838; x_wconf 90' lang='lat' dir='ltr'>cum</span> <span class='ocrx_word' id='word_1_306' title='bbox 1147 3800 1284 3837; x_wconf 79' lang='lat' dir='ltr'>caeco</span> 
     </span>
    </p>
   </div>
   <div class='ocr_carea' id='block_1_3' title="bbox 324 3900 1163 3965">
    <p class='ocr_par' dir='ltr' id='par_1_5' title="bbox 324 3900 1163 3965">
     <span class='ocr_line' id='line_1_52' title="bbox 324 3900 1163 3965; baseline -0.007 -6"><span class='ocrx_word' id='word_1_307' title='bbox 324 3907 474 3959; x_wconf 62' lang='lat' dir='ltr'>Vtra</span> <span class='ocrx_word' id='word_1_308' title='bbox 505 3906 627 3957; x_wconf 69' lang='lat' dir='ltr'>Jtsu</span> <span class='ocrx_word' id='word_1_309' title='bbox 657 3905 894 3965; x_wconf 76' lang='lat' dir='ltr'>Cmusrx,</span> <span class='ocrx_word' id='word_1_310' title='bbox 922 3917 1095 3953; x_wconf 67' lang='lat' dir='ltr'>Tomis</span> <span class='ocrx_word' id='word_1_311' title='bbox 1123 3900 1163 3953; x_wconf 88' lang='lat'>1.</span> 
     </span>
    </p>
   </div>
   <div class='ocr_carea' id='block_1_4' title="bbox 1426 300 2504 732">
    <p class='ocr_par' dir='ltr' id='par_1_6' title="bbox 1426 300 2504 732">
     <span class='ocr_line' id='line_1_53' title="bbox 1428 300 2497 374; baseline 0.017 -31"><span class='ocrx_word' id='word_1_312' title='bbox 1428 309 1663 359; x_wconf 86' lang='lat' dir='ltr'>praesens</span> <span class='ocrx_word' id='word_1_313' title='bbox 1694 307 1791 357; x_wconf 91' lang='lat' dir='ltr'>est,</span> <span class='ocrx_word' id='word_1_314' title='bbox 1823 300 1992 351; x_wconf 91' lang='lat' dir='ltr'>oculis</span> <span class='ocrx_word' id='word_1_315' title='bbox 2022 302 2137 367; x_wconf 87' lang='lat' dir='ltr'>ejus</span> <span class='ocrx_word' id='word_1_316' title='bbox 2165 305 2356 359; x_wconf 87' lang='lat' dir='ltr'>absens</span> <span class='ocrx_word' id='word_1_317' title='bbox 2383 319 2497 374; x_wconf 87' lang='lat' dir='ltr'>est;</span> 
     </span>
     <span class='ocr_line' id='line_1_54' title="bbox 1427 366 2500 439; baseline 0.019 -26"><span class='ocrx_word' id='word_1_318' title='bbox 1427 380 1539 414; x_wconf 91' lang='lat' dir='ltr'>non</span> <span class='ocrx_word' id='word_1_319' title='bbox 1582 366 1711 432; x_wconf 87' lang='lat' dir='ltr'>quia</span> <span class='ocrx_word' id='word_1_320' title='bbox 1758 368 1848 419; x_wconf 89' lang='lat' dir='ltr'>illa</span> <span class='ocrx_word' id='word_1_321' title='bbox 1891 370 1995 436; x_wconf 91' lang='lat' dir='ltr'>ipsi</span> <span class='ocrx_word' id='word_1_322' title='bbox 2039 374 2233 427; x_wconf 89' lang='lat' dir='ltr'>absens</span> <span class='ocrx_word' id='word_1_323' title='bbox 2275 388 2372 439; x_wconf 89' lang='lat' dir='ltr'>est,</span> <span class='ocrx_word' id='word_1_324' title='bbox 2404 382 2500 431; x_wconf 81' lang='lat' dir='ltr'>sed</span> 
     </span>
     <span class='ocr_line' id='line_1_55' title="bbox 1426 436 2502 509; baseline 0.019 -25"><span class='ocrx_word' id='word_1_325' title='bbox 1426 436 1554 502; x_wconf 89' lang='lat' dir='ltr'>quia</span> <span class='ocrx_word' id='word_1_326' title='bbox 1581 437 1694 504; x_wconf 89' lang='lat' dir='ltr'>ipse</span> <span class='ocrx_word' id='word_1_327' title='bbox 1708 440 1902 492; x_wconf 88' lang='lat' dir='ltr'>absens</span> <span class='ocrx_word' id='word_1_328' title='bbox 1926 454 2005 494; x_wconf 90' lang='lat' dir='ltr'>est</span> <span class='ocrx_word' id='word_1_329' title='bbox 2032 445 2101 494; x_wconf 90' lang='lat' dir='ltr'>ab</span> <span class='ocrx_word' id='word_1_330' title='bbox 2121 446 2229 499; x_wconf 89' lang='lat' dir='ltr'>illa.</span> <span class='ocrx_word' id='word_1_331' title='bbox 2249 449 2394 509; x_wconf 93' lang='lat' dir='ltr'>Quid</span> <span class='ocrx_word' id='word_1_332' title='bbox 2423 467 2502 503; x_wconf 87' lang='lat' dir='ltr'>er-</span> 
     </span>
     <span class='ocr_line' id='line_1_56' title="bbox 1426 509 2504 590; baseline 0.019 -33"><span class='ocrx_word' id='word_1_333' title='bbox 1426 525 1494 574; x_wconf 90' lang='lat' dir='ltr'>go</span> <span class='ocrx_word' id='word_1_334' title='bbox 1521 509 1676 561; x_wconf 88' lang='lat' dir='ltr'>faciet</span> <span class='ocrx_word' id='word_1_335' title='bbox 1716 511 1844 563; x_wconf 82' lang='lat' dir='ltr'>iste?</span> <span class='ocrx_word' id='word_1_336' title='bbox 1877 517 2182 580; x_wconf 89' lang='lat' dir='ltr'>Mundetur‚</span> <span class='ocrx_word' id='word_1_337' title='bbox 2204 523 2349 574; x_wconf 87' lang='lat' dir='ltr'>unde</span> <span class='ocrx_word' id='word_1_338' title='bbox 2378 540 2504 590; x_wconf 88' lang='lat' dir='ltr'>pos-</span> 
     </span>
     <span class='ocr_line' id='line_1_57' title="bbox 1427 581 2502 663; baseline 0.016 -31"><span class='ocrx_word' id='word_1_339' title='bbox 1427 581 1497 633; x_wconf 86' lang='lat' dir='ltr'>sit</span> <span class='ocrx_word' id='word_1_340' title='bbox 1517 583 1687 635; x_wconf 90' lang='lat' dir='ltr'>videri</span> <span class='ocrx_word' id='word_1_341' title='bbox 1717 585 1880 638; x_wconf 91' lang='lat' dir='ltr'>Deus.</span> <span class='ocrx_word' id='word_1_342' title='bbox 1907 608 1934 635; x_wconf 66' lang='lat'>³&gt;</span> <span class='ocrx_word' id='word_1_343' title='bbox 1978 590 2191 643; x_wconf 89' lang='lat' dir='ltr'>Peccata</span> <span class='ocrx_word' id='word_1_344' title='bbox 2220 605 2272 645; x_wconf 91' lang='lat' dir='ltr'>et</span> <span class='ocrx_word' id='word_1_345' title='bbox 2301 595 2502 663; x_wconf 85' lang='lat' dir='ltr'>iniqui-</span> 
     </span>
     <span class='ocr_line' id='line_1_58' title="bbox 1426 658 2501 732; baseline 0.017 -27"><span class='ocrx_word' id='word_1_346' title='bbox 1426 665 1561 707; x_wconf 86' lang='lat' dir='ltr'>tates</span> <span class='ocrx_word' id='word_1_347' title='bbox 1603 658 1760 720; x_wconf 89' lang='lat' dir='ltr'>tolle,</span> <span class='ocrx_word' id='word_1_348' title='bbox 1822 670 1873 710; x_wconf 91' lang='lat' dir='ltr'>et</span> <span class='ocrx_word' id='word_1_349' title='bbox 1917 661 2124 714; x_wconf 87' lang='lat' dir='ltr'>videbis</span> <span class='ocrx_word' id='word_1_350' title='bbox 2180 668 2501 732; x_wconf 83' lang='lat' dir='ltr'>sapientiam</span> 
     </span>
    </p>
   </div>
   <div class='ocr_carea' id='block_1_5' title="bbox 1426 735 2597 800">
    <p class='ocr_par' dir='ltr' id='par_1_7' title="bbox 1426 735 2597 800">
     <span class='ocr_line' id='line_1_59' title="bbox 1426 735 2597 800; baseline 0.017 -24"><span class='ocrx_word' id='word_1_351' title='bbox 1426 742 1548 793; x_wconf 84' lang='lat' dir='ltr'>quae</span> <span class='ocrx_word' id='word_1_352' title='bbox 1606 744 1844 794; x_wconf 88' lang='lat' dir='ltr'>praesens</span> <span class='ocrx_word' id='word_1_353' title='bbox 1894 742 1993 794; x_wconf 84' lang='lat' dir='ltr'>est,</span> <span class='ocrx_word' id='word_1_354' title='bbox 2050 735 2178 800; x_wconf 91' lang='lat' dir='ltr'>quia</span> <span class='ocrx_word' id='word_1_355' title='bbox 2218 737 2363 790; x_wconf 89' lang='lat' dir='ltr'>Deus</span> <span class='ocrx_word' id='word_1_356' title='bbox 2418 753 2501 795; x_wconf 88' lang='lat' dir='ltr'>est</span> <span class='ocrx_word' id='word_1_357' title='bbox 2589 786 2597 794; x_wconf 93' lang='lat'>.</span> 
     </span>
    </p>
   </div>
   <div class='ocr_carea' id='block_1_6' title="bbox 1408 797 2500 2996">
    <p class='ocr_par' dir='ltr' id='par_1_8' title="bbox 1408 797 2500 2996">
     <span class='ocr_line' id='line_1_60' title="bbox 1426 797 2500 866; baseline 0.016 -18"><span class='ocrx_word' id='word_1_358' title='bbox 1426 797 1541 865; x_wconf 90' lang='lat' dir='ltr'>ipsa</span> <span class='ocrx_word' id='word_1_359' title='bbox 1578 801 1871 866; x_wconf 84' lang='lat' dir='ltr'>sapientia3</span> <span class='ocrx_word' id='word_1_360' title='bbox 1904 814 1955 853; x_wconf 89' lang='lat' dir='ltr'>et</span> <span class='ocrx_word' id='word_1_361' title='bbox 1974 804 2178 855; x_wconf 88' lang='lat' dir='ltr'>dictum</span> <span class='ocrx_word' id='word_1_362' title='bbox 2199 818 2281 859; x_wconf 91' lang='lat' dir='ltr'>est</span> <span class='ocrx_word' id='word_1_363' title='bbox 2302 827 2315 860; x_wconf 91' lang='lat'>:</span> <span class='ocrx_word' id='word_1_364' title='bbox 2337 812 2500 865; x_wconf 77' lang='lat' dir='ltr'>Beati</span> 
     </span>
     <span class='ocr_line' id='line_1_61' title="bbox 1426 870 2497 944; baseline 0.013 -25"><span class='ocrx_word' id='word_1_365' title='bbox 1426 870 1620 921; x_wconf 81' lang='lat' dir='ltr'>mundo</span> <span class='ocrx_word' id='word_1_366' title='bbox 1660 871 1838 934; x_wconf 81' lang='lat' dir='ltr'>corde,</span> <span class='ocrx_word' id='word_1_367' title='bbox 1879 875 2126 938; x_wconf 84' lang='lat' dir='ltr'>quoniam</span> <span class='ocrx_word' id='word_1_368' title='bbox 2184 877 2292 944; x_wconf 80' lang='lat' dir='ltr'>ipsi</span> <span class='ocrx_word' id='word_1_369' title='bbox 2322 881 2497 933; x_wconf 86' lang='lat' dir='ltr'>Deum</span> 
     </span>
     <span class='ocr_line' id='line_1_62' title="bbox 1425 940 2499 1012; baseline 0.013 -23"><span class='ocrx_word' id='word_1_370' title='bbox 1425 940 1689 991; x_wconf 80' lang='lat' dir='ltr'>videbunt.</span> <span class='ocrx_word' id='word_1_371' title='bbox 1718 942 2027 994; x_wconf 89' lang='lat' dir='ltr'>Secundum</span> <span class='ocrx_word' id='word_1_372' title='bbox 2060 945 2366 1012; x_wconf 77' lang='lat' dir='ltr'>origenem,</span> <span class='ocrx_word' id='word_1_373' title='bbox 2394 951 2499 1003; x_wconf 80' lang='lat' dir='ltr'>lux</span> 
     </span>
     <span class='ocr_line' id='line_1_63' title="bbox 1424 1012 2492 1087; baseline 0.012 -25"><span class='ocrx_word' id='word_1_374' title='bbox 1424 1012 1478 1062; x_wconf 84' lang='lat' dir='ltr'>in</span> <span class='ocrx_word' id='word_1_375' title='bbox 1505 1015 1732 1065; x_wconf 80' lang='lat' dir='ltr'>tenebris</span> <span class='ocrx_word' id='word_1_376' title='bbox 1764 1015 1918 1079; x_wconf 82' lang='lat' dir='ltr'>lucet,</span> <span class='ocrx_word' id='word_1_377' title='bbox 1947 1018 2076 1084; x_wconf 91' lang='lat' dir='ltr'>quia</span> <span class='ocrx_word' id='word_1_378' title='bbox 2104 1020 2492 1087; x_wconf 40' lang='lat' dir='ltr'>Dei-Verbum,</span> 
     </span>
     <span class='ocr_line' id='line_1_64' title="bbox 1421 1081 2495 1148; baseline 0.015 -17"><span class='ocrx_word' id='word_1_379' title='bbox 1421 1081 1531 1133; x_wconf 87' lang='lat' dir='ltr'>vita</span> <span class='ocrx_word' id='word_1_380' title='bbox 1558 1093 1610 1133; x_wconf 91' lang='lat' dir='ltr'>et</span> <span class='ocrx_word' id='word_1_381' title='bbox 1640 1085 1733 1135; x_wconf 83' lang='lat' dir='ltr'>lux</span> <span class='ocrx_word' id='word_1_382' title='bbox 1761 1085 2066 1148; x_wconf 89' lang='lat' dir='ltr'>hominum,</span> <span class='ocrx_word' id='word_1_383' title='bbox 2098 1089 2152 1139; x_wconf 90' lang='lat' dir='ltr'>in</span> <span class='ocrx_word' id='word_1_384' title='bbox 2184 1103 2364 1145; x_wconf 91' lang='lat' dir='ltr'>nostra</span> <span class='ocrx_word' id='word_1_385' title='bbox 2390 1111 2495 1147; x_wconf 85' lang='lat' dir='ltr'>na-</span> 
     </span>
     <span class='ocr_line' id='line_1_65' title="bbox 1422 1158 2495 1225; baseline 0.014 -22"><span class='ocrx_word' id='word_1_386' title='bbox 1422 1161 1559 1215; x_wconf 90' lang='lat' dir='ltr'>tura,</span> <span class='ocrx_word' id='word_1_387' title='bbox 1590 1170 1712 1221; x_wconf 84' lang='lat' dir='ltr'>quae</span> <span class='ocrx_word' id='word_1_388' title='bbox 1743 1172 1836 1222; x_wconf 87' lang='lat' dir='ltr'>per</span> <span class='ocrx_word' id='word_1_389' title='bbox 1864 1173 1921 1208; x_wconf 91' lang='lat' dir='ltr'>se</span> <span class='ocrx_word' id='word_1_390' title='bbox 1948 1158 2266 1225; x_wconf 89' lang='lat' dir='ltr'>investigata</span> <span class='ocrx_word' id='word_1_391' title='bbox 2293 1173 2345 1214; x_wconf 93' lang='lat' dir='ltr'>et</span> <span class='ocrx_word' id='word_1_392' title='bbox 2372 1180 2495 1218; x_wconf 89' lang='lat' dir='ltr'>con-</span> 
     </span>
     <span class='ocr_line' id='line_1_66' title="bbox 1421 1223 2493 1296; baseline 0.014 -22"><span class='ocrx_word' id='word_1_393' title='bbox 1421 1223 1668 1287; x_wconf 89' lang='lat' dir='ltr'>siderata,</span> <span class='ocrx_word' id='word_1_394' title='bbox 1693 1227 1940 1279; x_wconf 88' lang='lat' dir='ltr'>informis</span> <span class='ocrx_word' id='word_1_395' title='bbox 1970 1231 2215 1296; x_wconf 83' lang='lat' dir='ltr'>quaedam</span> <span class='ocrx_word' id='word_1_396' title='bbox 2237 1237 2493 1288; x_wconf 89' lang='lat' dir='ltr'>tenebro-</span> 
     </span>
     <span class='ocr_line' id='line_1_67' title="bbox 1421 1297 2490 1363; baseline 0.012 -14"><span class='ocrx_word' id='word_1_397' title='bbox 1421 1297 1550 1349; x_wconf 89' lang='lat' dir='ltr'>sitas</span> <span class='ocrx_word' id='word_1_398' title='bbox 1579 1299 1869 1362; x_wconf 89' lang='lat' dir='ltr'>invenitur,</span> <span class='ocrx_word' id='word_1_399' title='bbox 1911 1303 2085 1354; x_wconf 91' lang='lat' dir='ltr'>lucere</span> <span class='ocrx_word' id='word_1_400' title='bbox 2128 1320 2235 1354; x_wconf 91' lang='lat' dir='ltr'>non</span> <span class='ocrx_word' id='word_1_401' title='bbox 2274 1307 2490 1363; x_wconf 88' lang='lat' dir='ltr'>desinit.</span> 
     </span>
     <span class='ocr_line' id='line_1_68' title="bbox 1422 1370 2491 1438; baseline 0.013 -19"><span class='ocrx_word' id='word_1_402' title='bbox 1422 1370 1489 1419; x_wconf 92' lang='lat' dir='ltr'>Et</span> <span class='ocrx_word' id='word_1_403' title='bbox 1513 1372 1775 1437; x_wconf 88' lang='lat' dir='ltr'>quoniam</span> <span class='ocrx_word' id='word_1_404' title='bbox 1802 1372 1919 1438; x_wconf 91' lang='lat' dir='ltr'>ipsa</span> <span class='ocrx_word' id='word_1_405' title='bbox 1969 1375 2061 1424; x_wconf 84' lang='lat' dir='ltr'>lux</span> <span class='ocrx_word' id='word_1_406' title='bbox 2096 1377 2248 1428; x_wconf 90' lang='lat' dir='ltr'>omni</span> <span class='ocrx_word' id='word_1_407' title='bbox 2278 1391 2491 1432; x_wconf 88' lang='lat' dir='ltr'>creatu-</span> 
     </span>
     <span class='ocr_line' id='line_1_69' title="bbox 1420 1441 2493 1508; baseline 0.013 -19"><span class='ocrx_word' id='word_1_408' title='bbox 1420 1455 1493 1491; x_wconf 86' lang='lat' dir='ltr'>rae</span> <span class='ocrx_word' id='word_1_409' title='bbox 1528 1452 1610 1492; x_wconf 89' lang='lat' dir='ltr'>est</span> <span class='ocrx_word' id='word_1_410' title='bbox 1647 1441 2215 1508; x_wconf 90' lang='lat' dir='ltr'>incomprehensibilis</span> <span class='ocrx_word' id='word_1_411' title='bbox 2259 1464 2274 1498; x_wconf 71' lang='grc' dir='ltr'><em>ε</em></span> <span class='ocrx_word' id='word_1_412' title='bbox 2327 1451 2493 1503; x_wconf 85' lang='lat' dir='ltr'>Tene-</span> 
     </span>
     <span class='ocr_line' id='line_1_70' title="bbox 1422 1511 2487 1579; baseline 0.013 -19"><span class='ocrx_word' id='word_1_413' title='bbox 1422 1511 1532 1562; x_wconf 80' lang='lat' dir='ltr'>brae</span> <span class='ocrx_word' id='word_1_414' title='bbox 1552 1525 1669 1562; x_wconf 85' lang='lat' dir='ltr'>eam</span> <span class='ocrx_word' id='word_1_415' title='bbox 1699 1527 1801 1564; x_wconf 88' lang='lat' dir='ltr'>non</span> <span class='ocrx_word' id='word_1_416' title='bbox 1830 1514 2351 1579; x_wconf 81' lang='lat' dir='ltr'>comprehenderunt.</span> <span class='ocrx_word' id='word_1_417' title='bbox 2380 1522 2487 1573; x_wconf 92' lang='lat' dir='ltr'>Ubi</span> 
     </span>
     <span class='ocr_line' id='line_1_71' title="bbox 1420 1582 2486 1651; baseline 0.011 -22"><span class='ocrx_word' id='word_1_418' title='bbox 1420 1590 1548 1630; x_wconf 88' lang='lat' dir='ltr'>nota</span> <span class='ocrx_word' id='word_1_419' title='bbox 1575 1582 1719 1647; x_wconf 91' lang='lat' dir='ltr'>quod</span> <span class='ocrx_word' id='word_1_420' title='bbox 1750 1582 1944 1648; x_wconf 82' lang='lat' dir='ltr'>triplex</span> <span class='ocrx_word' id='word_1_421' title='bbox 1957 1595 2038 1635; x_wconf 91' lang='lat' dir='ltr'>est</span> <span class='ocrx_word' id='word_1_422' title='bbox 2057 1588 2486 1651; x_wconf 90' lang='lat' dir='ltr'>comprehensi0‚</span> 
     </span>
     <span class='ocr_line' id='line_1_72' title="bbox 1418 1652 2488 1727; baseline 0.01 -25"><span class='ocrx_word' id='word_1_423' title='bbox 1418 1652 1619 1704; x_wconf 90' lang='lat' dir='ltr'>scilicet</span> <span class='ocrx_word' id='word_1_424' title='bbox 1652 1670 1666 1704; x_wconf 76' lang='lat' dir='ltr'><em>z</em></span> <span class='ocrx_word' id='word_1_425' title='bbox 1703 1670 1798 1720; x_wconf 91' lang='lat' dir='ltr'>per</span> <span class='ocrx_word' id='word_1_426' title='bbox 1832 1654 2210 1718; x_wconf 88' lang='lat' dir='ltr'>inclusionem,</span> <span class='ocrx_word' id='word_1_427' title='bbox 2233 1674 2327 1724; x_wconf 89' lang='lat' dir='ltr'>per</span> <span class='ocrx_word' id='word_1_428' title='bbox 2344 1676 2488 1727; x_wconf 88' lang='lat' dir='ltr'>aper-</span> 
     </span>
     <span class='ocr_line' id='line_1_73' title="bbox 1418 1725 2489 1792; baseline 0.01 -19"><span class='ocrx_word' id='word_1_429' title='bbox 1418 1733 1529 1774; x_wconf 90' lang='lat' dir='ltr'>tam</span> <span class='ocrx_word' id='word_1_430' title='bbox 1552 1725 1834 1787; x_wconf 88' lang='lat' dir='ltr'>visionem,</span> <span class='ocrx_word' id='word_1_431' title='bbox 1863 1742 1955 1792; x_wconf 90' lang='lat' dir='ltr'>per</span> <span class='ocrx_word' id='word_1_432' title='bbox 1985 1727 2109 1778; x_wconf 90' lang='lat' dir='ltr'>fidei</span> <span class='ocrx_word' id='word_1_433' title='bbox 2136 1740 2187 1779; x_wconf 92' lang='lat' dir='ltr'>et</span> <span class='ocrx_word' id='word_1_434' title='bbox 2214 1730 2489 1784; x_wconf 89' lang='lat' dir='ltr'>charitatis</span> 
     </span>
     <span class='ocr_line' id='line_1_74' title="bbox 1418 1795 2485 1869; baseline 0.009 -25"><span class='ocrx_word' id='word_1_435' title='bbox 1418 1795 1804 1848; x_wconf 87' lang='lat' dir='ltr'>adhaesionem.</span> <span class='ocrx_word' id='word_1_436' title='bbox 1836 1798 2017 1849; x_wconf 91' lang='lat' dir='ltr'>Primo</span> <span class='ocrx_word' id='word_1_437' title='bbox 2038 1800 2218 1859; x_wconf 90' lang='lat' dir='ltr'>mod0,</span> <span class='ocrx_word' id='word_1_438' title='bbox 2247 1816 2278 1850; x_wconf 89' lang='lat' dir='ltr'>a</span> <span class='ocrx_word' id='word_1_439' title='bbox 2306 1803 2485 1869; x_wconf 89' lang='lat' dir='ltr'>nullo;</span> 
     </span>
     <span class='ocr_line' id='line_1_75' title="bbox 1418 1867 2486 1933; baseline 0.007 -17"><span class='ocrx_word' id='word_1_440' title='bbox 1418 1867 1655 1917; x_wconf 86' lang='lat' dir='ltr'>secundo</span> <span class='ocrx_word' id='word_1_441' title='bbox 1724 1867 1903 1927; x_wconf 90' lang='lat' dir='ltr'>mod0,</span> <span class='ocrx_word' id='word_1_442' title='bbox 1959 1883 1990 1919; x_wconf 90' lang='lat' dir='ltr'>a</span> <span class='ocrx_word' id='word_1_443' title='bbox 2055 1869 2223 1919; x_wconf 89' lang='lat' dir='ltr'>beatis</span> <span class='ocrx_word' id='word_1_444' title='bbox 2250 1885 2267 1933; x_wconf 92' lang='lat'>;</span> <span class='ocrx_word' id='word_1_445' title='bbox 2327 1873 2486 1924; x_wconf 89' lang='lat' dir='ltr'>tertio</span> 
     </span>
     <span class='ocr_line' id='line_1_76' title="bbox 1419 1938 2483 1999; baseline 0.005 -11"><span class='ocrx_word' id='word_1_446' title='bbox 1419 1939 1599 1999; x_wconf 82' lang='lat' dir='ltr'>mode,</span> <span class='ocrx_word' id='word_1_447' title='bbox 1641 1952 1672 1988; x_wconf 90' lang='lat' dir='ltr'>a</span> <span class='ocrx_word' id='word_1_448' title='bbox 1714 1938 1922 1989; x_wconf 90' lang='lat' dir='ltr'>Sanctis</span> <span class='ocrx_word' id='word_1_449' title='bbox 1957 1955 1972 1989; x_wconf 77' lang='lat' dir='ltr'><em>z</em></span> <span class='ocrx_word' id='word_1_450' title='bbox 2015 1939 2109 1989; x_wconf 90' lang='lat' dir='ltr'>sed</span> <span class='ocrx_word' id='word_1_451' title='bbox 2152 1941 2303 1991; x_wconf 91' lang='lat' dir='ltr'>nullo</span> <span class='ocrx_word' id='word_1_452' title='bbox 2347 1943 2483 1993; x_wconf 90' lang='lat' dir='ltr'>isto-</span> 
     </span>
     <span class='ocr_line' id='line_1_77' title="bbox 1419 2010 2484 2078; baseline 0.006 -20"><span class='ocrx_word' id='word_1_453' title='bbox 1419 2025 1542 2059; x_wconf 91' lang='lat' dir='ltr'>rum</span> <span class='ocrx_word' id='word_1_454' title='bbox 1570 2010 1856 2060; x_wconf 91' lang='lat' dir='ltr'>modorum</span> <span class='ocrx_word' id='word_1_455' title='bbox 1886 2026 1915 2061; x_wconf 91' lang='lat' dir='ltr'>a</span> <span class='ocrx_word' id='word_1_456' title='bbox 1953 2010 2206 2076; x_wconf 86' lang='lat' dir='ltr'>malignis</span> <span class='ocrx_word' id='word_1_457' title='bbox 2236 2026 2484 2078; x_wconf 91' lang='lat' dir='ltr'>compre-</span> 
     </span>
     <span class='ocr_line' id='line_1_78' title="bbox 1419 2080 2484 2140; baseline 0.006 -10"><span class='ocrx_word' id='word_1_458' title='bbox 1419 2080 1692 2140; x_wconf 89' lang='lat' dir='ltr'>henditur,</span> <span class='ocrx_word' id='word_1_459' title='bbox 1724 2080 1845 2131; x_wconf 91' lang='lat' dir='ltr'>ideo</span> <span class='ocrx_word' id='word_1_460' title='bbox 1879 2080 2077 2131; x_wconf 89' lang='lat' dir='ltr'>dicitur</span> <span class='ocrx_word' id='word_1_461' title='bbox 2110 2098 2124 2131; x_wconf 87' lang='lat'>:</span> <span class='ocrx_word' id='word_1_462' title='bbox 2157 2082 2236 2131; x_wconf 87' lang='lat' dir='ltr'>Et</span> <span class='ocrx_word' id='word_1_463' title='bbox 2259 2085 2484 2136; x_wconf 84' lang='lat' dir='ltr'>tenebrae</span> 
     </span>
     <span class='ocr_line' id='line_1_79' title="bbox 1417 2151 2480 2218; baseline 0.004 -18"><span class='ocrx_word' id='word_1_464' title='bbox 1417 2165 1534 2201; x_wconf 85' lang='lat' dir='ltr'>eam</span> <span class='ocrx_word' id='word_1_465' title='bbox 1563 2166 1665 2201; x_wconf 85' lang='lat' dir='ltr'>non</span> <span class='ocrx_word' id='word_1_466' title='bbox 1716 2151 2235 2218; x_wconf 79' lang='lat' dir='ltr'>comprehenderunt,</span> <span class='ocrx_word' id='word_1_467' title='bbox 2278 2153 2332 2202; x_wconf 93' lang='lat' dir='ltr'>id</span> <span class='ocrx_word' id='word_1_468' title='bbox 2382 2165 2480 2217; x_wconf 87' lang='lat' dir='ltr'>est,</span> 
     </span>
     <span class='ocr_line' id='line_1_80' title="bbox 1417 2219 2480 2287; baseline 0.005 -16"><span class='ocrx_word' id='word_1_469' title='bbox 1417 2221 1511 2287; x_wconf 88' lang='lat' dir='ltr'>qui</span> <span class='ocrx_word' id='word_1_470' title='bbox 1539 2238 1645 2272; x_wconf 91' lang='lat' dir='ltr'>non</span> <span class='ocrx_word' id='word_1_471' title='bbox 1674 2219 1780 2272; x_wconf 90' lang='lat' dir='ltr'>fide</span> <span class='ocrx_word' id='word_1_472' title='bbox 1806 2238 1901 2272; x_wconf 90' lang='lat' dir='ltr'>nec</span> <span class='ocrx_word' id='word_1_473' title='bbox 1926 2237 2109 2271; x_wconf 90' lang='lat' dir='ltr'>amore</span> <span class='ocrx_word' id='word_1_474' title='bbox 2123 2220 2480 2276; x_wconf 86' lang='lat' dir='ltr'>adhaeserunt.</span> 
     </span>
     <span class='ocr_line' id='line_1_81' title="bbox 1416 2290 2477 2357; baseline 0.002 -15"><span class='ocrx_word' id='word_1_475' title='bbox 1416 2292 1625 2343; x_wconf 91' lang='lat' dir='ltr'>Dicitur</span> <span class='ocrx_word' id='word_1_476' title='bbox 1651 2292 1811 2342; x_wconf 90' lang='lat' dir='ltr'>etiam</span> <span class='ocrx_word' id='word_1_477' title='bbox 1839 2290 2045 2357; x_wconf 89' lang='lat' dir='ltr'>aliquid</span> <span class='ocrx_word' id='word_1_478' title='bbox 2075 2292 2477 2356; x_wconf 86' lang='lat' dir='ltr'>comprehendi,</span> 
     </span>
     <span class='ocr_line' id='line_1_82' title="bbox 1415 2361 2480 2430; baseline 0.003 -18"><span class='ocrx_word' id='word_1_479' title='bbox 1415 2364 1630 2427; x_wconf 89' lang='lat' dir='ltr'>quando</span> <span class='ocrx_word' id='word_1_480' title='bbox 1660 2361 1966 2427; x_wconf 89' lang='lat' dir='ltr'>pervenitur</span> <span class='ocrx_word' id='word_1_481' title='bbox 2006 2362 2071 2410; x_wconf 91' lang='lat' dir='ltr'>ad</span> <span class='ocrx_word' id='word_1_482' title='bbox 2101 2361 2263 2412; x_wconf 89' lang='lat' dir='ltr'>finem</span> <span class='ocrx_word' id='word_1_483' title='bbox 2290 2365 2480 2430; x_wconf 88' lang='lat' dir='ltr'>cogni-</span> 
     </span>
     <span class='ocr_line' id='line_1_83' title="bbox 1414 2434 2478 2500; baseline 0.003 -14"><span class='ocrx_word' id='word_1_484' title='bbox 1414 2435 1578 2486; x_wconf 90' lang='lat' dir='ltr'>tionis</span> <span class='ocrx_word' id='word_1_485' title='bbox 1607 2434 1797 2500; x_wconf 89' lang='lat' dir='ltr'>ipsius,</span> <span class='ocrx_word' id='word_1_486' title='bbox 1828 2444 1881 2485; x_wconf 91' lang='lat' dir='ltr'>et</span> <span class='ocrx_word' id='word_1_487' title='bbox 1908 2434 2010 2484; x_wconf 93' lang='lat' dir='ltr'>hoc</span> <span class='ocrx_word' id='word_1_488' title='bbox 2041 2444 2121 2484; x_wconf 91' lang='lat' dir='ltr'>est</span> <span class='ocrx_word' id='word_1_489' title='bbox 2146 2436 2361 2500; x_wconf 92' lang='lat' dir='ltr'>quando</span> <span class='ocrx_word' id='word_1_490' title='bbox 2394 2454 2478 2489; x_wconf 92' lang='lat' dir='ltr'>res</span> 
     </span>
     <span class='ocr_line' id='line_1_84' title="bbox 1415 2504 2478 2574; baseline 0.003 -19"><span class='ocrx_word' id='word_1_491' title='bbox 1415 2504 1754 2570; x_wconf 88' lang='lat' dir='ltr'>cognoscitur</span> <span class='ocrx_word' id='word_1_492' title='bbox 1782 2504 1856 2555; x_wconf 88' lang='lat' dir='ltr'>ita</span> <span class='ocrx_word' id='word_1_493' title='bbox 1886 2504 2114 2569; x_wconf 83' lang='lat' dir='ltr'>perfecte</span> <span class='ocrx_word' id='word_1_494' title='bbox 2167 2505 2307 2557; x_wconf 89' lang='lat' dir='ltr'>sicut</span> <span class='ocrx_word' id='word_1_495' title='bbox 2349 2523 2478 2574; x_wconf 88' lang='lat' dir='ltr'>cog-</span> 
     </span>
     <span class='ocr_line' id='line_1_85' title="bbox 1415 2575 2481 2639; baseline 0.003 -13"><span class='ocrx_word' id='word_1_496' title='bbox 1415 2576 1692 2626; x_wconf 90' lang='lat' dir='ltr'>noscibilis</span> <span class='ocrx_word' id='word_1_497' title='bbox 1725 2586 1835 2639; x_wconf 90' lang='lat' dir='ltr'>est;</span> <span class='ocrx_word' id='word_1_498' title='bbox 1883 2585 1936 2625; x_wconf 88' lang='lat' dir='ltr'>et</span> <span class='ocrx_word' id='word_1_499' title='bbox 1974 2575 2051 2625; x_wconf 91' lang='lat' dir='ltr'>sic</span> <span class='ocrx_word' id='word_1_500' title='bbox 2094 2576 2246 2627; x_wconf 91' lang='lat' dir='ltr'>solus</span> <span class='ocrx_word' id='word_1_501' title='bbox 2292 2580 2481 2629; x_wconf 92' lang='lat' dir='ltr'>oculus</span> 
     </span>
     <span class='ocr_line' id='line_1_86' title="bbox 1412 2647 2478 2713; baseline 0.003 -16"><span class='ocrx_word' id='word_1_502' title='bbox 1412 2647 1631 2698; x_wconf 90' lang='lat' dir='ltr'>divinus</span> <span class='ocrx_word' id='word_1_503' title='bbox 1670 2649 1848 2699; x_wconf 88' lang='lat' dir='ltr'>lucem</span> <span class='ocrx_word' id='word_1_504' title='bbox 1891 2647 2029 2697; x_wconf 89' lang='lat' dir='ltr'>hanc</span> <span class='ocrx_word' id='word_1_505' title='bbox 2057 2649 2478 2713; x_wconf 90' lang='lat' dir='ltr'>comprehendit,</span> 
     </span>
     <span class='ocr_line' id='line_1_87' title="bbox 1411 2719 2482 2781; baseline 0.001 -11"><span class='ocrx_word' id='word_1_506' title='bbox 1411 2730 1464 2770; x_wconf 91' lang='lat' dir='ltr'>et</span> <span class='ocrx_word' id='word_1_507' title='bbox 1491 2720 1636 2771; x_wconf 89' lang='lat' dir='ltr'>nulla</span> <span class='ocrx_word' id='word_1_508' title='bbox 1664 2729 1916 2771; x_wconf 88' lang='lat' dir='ltr'>creatura.</span> <span class='ocrx_word' id='word_1_509' title='bbox 1949 2747 2009 2756; x_wconf 91' lang='lat'><strong>—</strong></span> <span class='ocrx_word' id='word_1_510' title='bbox 2042 2719 2334 2781; x_wconf 87' lang='lat' dir='ltr'>Moraliter,</span> <span class='ocrx_word' id='word_1_511' title='bbox 2379 2721 2482 2771; x_wconf 84' lang='lat' dir='ltr'>lux</span> 
     </span>
     <span class='ocr_line' id='line_1_88' title="bbox 1409 2789 2478 2855; baseline 0 -13"><span class='ocrx_word' id='word_1_512' title='bbox 1409 2791 1465 2843; x_wconf 82' lang='lat' dir='ltr'>in</span> <span class='ocrx_word' id='word_1_513' title='bbox 1503 2791 1730 2841; x_wconf 83' lang='lat' dir='ltr'>tenebris</span> <span class='ocrx_word' id='word_1_514' title='bbox 1766 2791 1922 2852; x_wconf 86' lang='lat' dir='ltr'>lucet,</span> <span class='ocrx_word' id='word_1_515' title='bbox 1970 2789 2099 2855; x_wconf 88' lang='lat' dir='ltr'>quia</span> <span class='ocrx_word' id='word_1_516' title='bbox 2138 2790 2311 2841; x_wconf 87' lang='lat' dir='ltr'>virtus</span> <span class='ocrx_word' id='word_1_517' title='bbox 2338 2791 2478 2842; x_wconf 90' lang='lat' dir='ltr'>lucet</span> 
     </span>
     <span class='ocr_line' id='line_1_89' title="bbox 1409 2860 2472 2928; baseline -0.001 -15"><span class='ocrx_word' id='word_1_518' title='bbox 1409 2872 1461 2912; x_wconf 89' lang='lat' dir='ltr'>et</span> <span class='ocrx_word' id='word_1_519' title='bbox 1488 2872 1705 2928; x_wconf 89' lang='lat' dir='ltr'>apparet</span> <span class='ocrx_word' id='word_1_520' title='bbox 1731 2861 1787 2911; x_wconf 91' lang='lat' dir='ltr'>in</span> <span class='ocrx_word' id='word_1_521' title='bbox 1813 2860 2049 2911; x_wconf 89' lang='lat' dir='ltr'>adversis</span> <span class='ocrx_word' id='word_1_522' title='bbox 2078 2870 2130 2910; x_wconf 90' lang='lat' dir='ltr'>et</span> <span class='ocrx_word' id='word_1_523' title='bbox 2158 2861 2425 2926; x_wconf 90' lang='lat' dir='ltr'>oppositis</span> <span class='ocrx_word' id='word_1_524' title='bbox 2459 2880 2472 2912; x_wconf 75' lang='grc' dir='ltr'><strong>ε</strong></span> 
     </span>
     <span class='ocr_line' id='line_1_90' title="bbox 1408 2930 2471 2996; baseline 0 -14"><span class='ocrx_word' id='word_1_525' title='bbox 1408 2932 1554 2983; x_wconf 85' lang='lat' dir='ltr'>Nam</span> <span class='ocrx_word' id='word_1_526' title='bbox 1581 2932 1754 2982; x_wconf 81' lang='lat' dir='ltr'>virtus</span> <span class='ocrx_word' id='word_1_527' title='bbox 1767 2931 1822 2981; x_wconf 79' lang='lat' dir='ltr'>in</span> <span class='ocrx_word' id='word_1_528' title='bbox 1846 2930 2155 2993; x_wconf 81' lang='lat' dir='ltr'>infirmitate</span> <span class='ocrx_word' id='word_1_529' title='bbox 2169 2930 2471 2996; x_wconf 81' lang='lat' dir='ltr'>perficitur.</span> 
     </span>
    </p>
   </div>
   <div class='ocr_carea' id='block_1_7' title="bbox 1366 3000 2470 3067">
    <p class='ocr_par' dir='ltr' id='par_1_9' title="bbox 1366 3000 2470 3067">
     <span class='ocr_line' id='line_1_91' title="bbox 1366 3000 2470 3067; baseline 0 -15"><span class='ocrx_word' id='word_1_530' title='bbox 1366 3047 1369 3052; x_wconf 74' lang='grc'><strong>,</strong></span> <span class='ocrx_word' id='word_1_531' title='bbox 1407 3002 1557 3053; x_wconf 92' lang='lat' dir='ltr'>Unde</span> <span class='ocrx_word' id='word_1_532' title='bbox 1578 3000 1882 3067; x_wconf 74' lang='lat' dir='ltr'>Gregorius</span> <span class='ocrx_word' id='word_1_533' title='bbox 1905 3018 1922 3051; x_wconf 92' lang='grc'>.·</span> <span class='ocrx_word' id='word_1_534' title='bbox 1950 3017 1978 3045; x_wconf 89' lang='lat'>«</span> <span class='ocrx_word' id='word_1_535' title='bbox 2004 3000 2177 3049; x_wconf 91' lang='lat' dir='ltr'>Nemo</span> <span class='ocrx_word' id='word_1_536' title='bbox 2206 3009 2470 3065; x_wconf 85' lang='lat' dir='ltr'>quantum</span> 
     </span>
    </p>
   </div>
   <div class='ocr_carea' id='block_1_8' title="bbox 1395 3068 2546 3838">
    <p class='ocr_par' dir='ltr' id='par_1_10' title="bbox 1395 3068 2546 3838">
     <span class='ocr_line' id='line_1_92' title="bbox 1404 3068 2467 3138; baseline -0.001 -17"><span class='ocrx_word' id='word_1_537' title='bbox 1404 3071 1704 3138; x_wconf 88' lang='lat' dir='ltr'>profecerit,</span> <span class='ocrx_word' id='word_1_538' title='bbox 1747 3069 1852 3121; x_wconf 90' lang='lat' dir='ltr'>nisi</span> <span class='ocrx_word' id='word_1_539' title='bbox 1895 3069 1950 3119; x_wconf 90' lang='lat' dir='ltr'>in</span> <span class='ocrx_word' id='word_1_540' title='bbox 1981 3068 2296 3120; x_wconf 89' lang='lat' dir='ltr'>adversitate</span> <span class='ocrx_word' id='word_1_541' title='bbox 2337 3086 2467 3137; x_wconf 88' lang='lat' dir='ltr'>cog-</span> 
     </span>
     <span class='ocr_line' id='line_1_93' title="bbox 1402 3143 2466 3211; baseline -0.001 -16"><span class='ocrx_word' id='word_1_542' title='bbox 1402 3144 1602 3208; x_wconf 82' lang='lat' dir='ltr'>noscit3</span> <span class='ocrx_word' id='word_1_543' title='bbox 1638 3144 1814 3211; x_wconf 88' lang='lat' dir='ltr'>qualis</span> <span class='ocrx_word' id='word_1_544' title='bbox 1868 3143 2014 3194; x_wconf 89' lang='lat' dir='ltr'>enim</span> <span class='ocrx_word' id='word_1_545' title='bbox 2053 3143 2286 3209; x_wconf 89' lang='lat' dir='ltr'>quisque</span> <span class='ocrx_word' id='word_1_546' title='bbox 2323 3145 2466 3209; x_wconf 89' lang='lat' dir='ltr'>apud</span> 
     </span>
     <span class='ocr_line' id='line_1_94' title="bbox 1403 3211 2461 3277; baseline -0.005 -13"><span class='ocrx_word' id='word_1_547' title='bbox 1403 3229 1462 3264; x_wconf 89' lang='lat' dir='ltr'>se</span> <span class='ocrx_word' id='word_1_548' title='bbox 1489 3214 1663 3273; x_wconf 89' lang='lat' dir='ltr'>lateat,</span> <span class='ocrx_word' id='word_1_549' title='bbox 1692 3211 1836 3263; x_wconf 85' lang='lat' dir='ltr'>illat&#39;a</span> <span class='ocrx_word' id='word_1_550' title='bbox 1860 3211 2185 3263; x_wconf 89' lang='lat' dir='ltr'>contumelia</span> <span class='ocrx_word' id='word_1_551' title='bbox 2214 3212 2418 3277; x_wconf 88' lang='lat' dir='ltr'>probat.</span> <span class='ocrx_word' id='word_1_552' title='bbox 2435 3232 2461 3259; x_wconf 74' lang='lat' dir='ltr'>n</span> 
     </span>
     <span class='ocr_line' id='line_1_95' title="bbox 1404 3281 2461 3351; baseline -0.004 -16"><span class='ocrx_word' id='word_1_553' title='bbox 1404 3285 1470 3335; x_wconf 93' lang='lat' dir='ltr'>Et</span> <span class='ocrx_word' id='word_1_554' title='bbox 1499 3283 1627 3351; x_wconf 91' lang='lat' dir='ltr'>quia</span> <span class='ocrx_word' id='word_1_555' title='bbox 1652 3283 1801 3333; x_wconf 86' lang='lat' dir='ltr'>nulla</span> <span class='ocrx_word' id='word_1_556' title='bbox 1834 3281 2124 3333; x_wconf 83' lang='lat' dir='ltr'>adversitas</span> <span class='ocrx_word' id='word_1_557' title='bbox 2154 3291 2331 3347; x_wconf 91' lang='lat' dir='ltr'>potest</span> <span class='ocrx_word' id='word_1_558' title='bbox 2364 3297 2461 3331; x_wconf 91' lang='lat' dir='ltr'>su—</span> 
     </span>
     <span class='ocr_line' id='line_1_96' title="bbox 1402 3350 2459 3422; baseline -0.007 -16"><span class='ocrx_word' id='word_1_559' title='bbox 1402 3369 1585 3422; x_wconf 86' lang='lat' dir='ltr'>perare</span> <span class='ocrx_word' id='word_1_560' title='bbox 1611 3355 1831 3404; x_wconf 89' lang='lat' dir='ltr'>Sanctos</span> <span class='ocrx_word' id='word_1_561' title='bbox 1874 3362 1924 3403; x_wconf 92' lang='lat' dir='ltr'>et</span> <span class='ocrx_word' id='word_1_562' title='bbox 1954 3367 2196 3418; x_wconf 89' lang='lat' dir='ltr'>separare</span> <span class='ocrx_word' id='word_1_563' title='bbox 2223 3367 2254 3402; x_wconf 87' lang='lat' dir='ltr'>a</span> <span class='ocrx_word' id='word_1_564' title='bbox 2282 3350 2459 3401; x_wconf 89' lang='lat' dir='ltr'>chari—</span> 
     </span>
     <span class='ocr_line' id='line_1_97' title="bbox 1399 3421 2459 3485; baseline -0.006 -10"><span class='ocrx_word' id='word_1_565' title='bbox 1399 3433 1507 3475; x_wconf 87' lang='lat' dir='ltr'>tate</span> <span class='ocrx_word' id='word_1_566' title='bbox 1532 3422 1757 3485; x_wconf 88' lang='lat' dir='ltr'>Christi,</span> <span class='ocrx_word' id='word_1_567' title='bbox 1789 3422 1908 3472; x_wconf 88' lang='lat' dir='ltr'>ideo</span> <span class='ocrx_word' id='word_1_568' title='bbox 1938 3421 2134 3472; x_wconf 90' lang='lat' dir='ltr'>dicitur</span> <span class='ocrx_word' id='word_1_569' title='bbox 2168 3440 2183 3471; x_wconf 71' lang='grc' dir='ltr'>ι</span> <span class='ocrx_word' id='word_1_570' title='bbox 2218 3421 2294 3471; x_wconf 89' lang='lat' dir='ltr'>Et</span> <span class='ocrx_word' id='word_1_571' title='bbox 2315 3426 2459 3470; x_wconf 85' lang='lat' dir='ltr'>tene-</span> 
     </span>
     <span class='ocr_line' id='line_1_98' title="bbox 1400 3490 2457 3559; baseline -0.005 -13"><span class='ocrx_word' id='word_1_572' title='bbox 1400 3496 1512 3546; x_wconf 80' lang='lat' dir='ltr'>broe</span> <span class='ocrx_word' id='word_1_573' title='bbox 1576 3507 1693 3546; x_wconf 83' lang='lat' dir='ltr'>eam</span> <span class='ocrx_word' id='word_1_574' title='bbox 1772 3508 1875 3544; x_wconf 81' lang='lat' dir='ltr'>non</span> <span class='ocrx_word' id='word_1_575' title='bbox 1940 3490 2457 3559; x_wconf 80' lang='lat' dir='ltr'>comprehenderunt.</span> 
     </span>
     <span class='ocr_line' id='line_1_99' title="bbox 1399 3559 2546 3628; baseline -0.007 -11"><span class='ocrx_word' id='word_1_576' title='bbox 1399 3564 1532 3617; x_wconf 89' lang='lat' dir='ltr'>Boni</span> <span class='ocrx_word' id='word_1_577' title='bbox 1566 3563 1710 3615; x_wconf 90' lang='lat' dir='ltr'>enim</span> <span class='ocrx_word' id='word_1_578' title='bbox 1741 3562 1844 3614; x_wconf 88' lang='lat' dir='ltr'>viri</span> <span class='ocrx_word' id='word_1_579' title='bbox 1873 3562 1919 3614; x_wconf 91' lang='lat' dir='ltr'>si</span> <span class='ocrx_word' id='word_1_580' title='bbox 1951 3571 2238 3628; x_wconf 86' lang='lat' dir='ltr'>tangantur</span> <span class='ocrx_word' id='word_1_581' title='bbox 2265 3559 2457 3610; x_wconf 87' lang='lat' dir='ltr'>adver-</span> <span class='ocrx_word' id='word_1_582' title='bbox 2543 3593 2546 3594; x_wconf 24' lang='grc' dir='ltr'><em>ν</em></span> 
     </span>
     <span class='ocr_line' id='line_1_100' title="bbox 1396 3631 2460 3698; baseline -0.006 -10"><span class='ocrx_word' id='word_1_583' title='bbox 1396 3636 1665 3698; x_wconf 91' lang='lat' dir='ltr'>sitatibus,</span> <span class='ocrx_word' id='word_1_584' title='bbox 1725 3650 1833 3686; x_wconf 87' lang='lat' dir='ltr'>non</span> <span class='ocrx_word' id='word_1_585' title='bbox 1891 3643 2072 3684; x_wconf 88' lang='lat' dir='ltr'>tamen</span> <span class='ocrx_word' id='word_1_586' title='bbox 2141 3631 2460 3695; x_wconf 89' lang='lat' dir='ltr'>franguntur</span> 
     </span>
     <span class='ocr_line' id='line_1_101' title="bbox 1395 3702 2458 3771; baseline -0.008 -9"><span class='ocrx_word' id='word_1_587' title='bbox 1395 3720 1487 3761; x_wconf 90' lang='lat' dir='ltr'>aut</span> <span class='ocrx_word' id='word_1_588' title='bbox 1511 3709 1831 3771; x_wconf 82' lang='lat' dir='ltr'>vincuntur3</span> <span class='ocrx_word' id='word_1_589' title='bbox 1876 3706 1987 3756; x_wconf 91' lang='lat' dir='ltr'>imo</span> <span class='ocrx_word' id='word_1_590' title='bbox 2016 3706 2073 3755; x_wconf 91' lang='lat' dir='ltr'>in</span> <span class='ocrx_word' id='word_1_591' title='bbox 2118 3703 2195 3753; x_wconf 90' lang='lat' dir='ltr'>eis</span> <span class='ocrx_word' id='word_1_592' title='bbox 2224 3702 2458 3769; x_wconf 88' lang='lat' dir='ltr'>gaudent</span> 
     </span>
     <span class='ocr_line' id='line_1_102' title="bbox 1395 3772 2462 3838; baseline -0.007 -7"><span class='ocrx_word' id='word_1_593' title='bbox 1395 3791 1447 3831; x_wconf 92' lang='lat' dir='ltr'>et</span> <span class='ocrx_word' id='word_1_594' title='bbox 1475 3780 1819 3830; x_wconf 87' lang='lat' dir='ltr'>delectantur.</span> <span class='ocrx_word' id='word_1_595' title='bbox 1849 3777 1965 3838; x_wconf 91' lang='lat' dir='ltr'>Vel,</span> <span class='ocrx_word' id='word_1_596' title='bbox 2002 3775 2101 3825; x_wconf 86' lang='lat' dir='ltr'>lux</span> <span class='ocrx_word' id='word_1_597' title='bbox 2126 3772 2179 3823; x_wconf 87' lang='lat' dir='ltr'>in</span> <span class='ocrx_word' id='word_1_598' title='bbox 2229 3773 2462 3825; x_wconf 80' lang='lat' dir='ltr'>tenebris</span> 
     </span>
    </p>
   </div>
   <div class='ocr_carea' id='block_1_9' title="bbox 2235 3906 2266 3943">
    <p class='ocr_par' dir='ltr' id='par_1_11' title="bbox 2235 3906 2266 3943">
     <span class='ocr_line' id='line_1_103' title="bbox 2235 3906 2266 3943; baseline 0 0"><span class='ocrx_word' id='word_1_599' title='bbox 2235 3906 2266 3943; x_wconf 82' lang='lat'>2</span> 
     </span>
    </p>
   </div>
  </div>
 </body>
</html>
