2784 4452
237 184 244 191 '
317 178 420 231 308

223 345 224 350 ,
313 296 501 347 stiuuS.
562 294 840 346 Beatitudo
911 297 1112 364 quippe
1185 299 1382 351 dicitur

303 368 610 434 dupliciter.
656 370 773 421 Uno
813 372 976 421 modo
1003 372 1061 422 in
1090 388 1202 438 spe,
1242 373 1379 424 sicut

310 439 541 493 habetur
587 442 643 492 in
684 442 797 506 via;
830 443 937 494 alio
978 446 1141 495 modo
1188 446 1244 496 in
1292 462 1374 507 re,

305 513 445 584 sicut
481 513 708 563 habetur
747 513 804 564 in
844 514 1029 580 patria.
1076 516 1223 566 Beati
1250 528 1374 568 sunt

304 599 431 650 ergo
458 584 772 635 excellentes
797 584 851 635 in
886 585 1099 647 virtute,
1141 588 1374 639 beatitu-

303 655 430 706 dine
458 655 556 708 viae
603 671 696 721 per
737 657 990 722 gratiam,
1036 657 1369 710 beatificandi

301 727 630 779 beatitudine
659 727 842 793 patriae
870 744 963 793 per
989 728 1233 796 gloriam.
1254 732 1370 793 Vel,

298 800 599 850 secundum
645 799 1034 865 Augustinum,
1083 816 1194 851 non
1245 801 1371 853 inde

298 870 441 922 beati
486 880 631 931 sunt,
671 871 800 937 quia
831 886 1101 938 pauperes
1140 874 1368 940 spiritu;

294 942 390 993 sed
443 942 688 1008 quoniam
733 942 970 1009 ipsorum
1011 950 1093 994 est
1140 960 1367 1011 regnum

294 1012 549 1064 coelorum
567 1029 585 1062 ε
610 1024 662 1062 et
689 1011 762 1062 ita
790 1013 856 1063 de
879 1012 1003 1064 aliis
1029 1029 1128 1064 suo
1152 1016 1331 1067 mod0.

358 1090 387 1141 3
426 1091 598 1141 Pnum
659 1107 958 1143 amni-uno
1007 1109 1021 1143 t
1060 1108 1364 1146 muamus

290 1174 546 1211 suanus.
581 1188 641 1198 -
684 1161 760 1211 Et
804 1162 1049 1227 aperiens
1093 1176 1156 1213 os
1210 1178 1362 1214 suum

290 1232 513 1283 docebat
532 1247 640 1294 eos,
674 1234 854 1283 dicens
879 1251 897 1284 .·
921 1234 1081 1285 Beati
1092 1250 1362 1303 pauperes

288 1301 499 1369 spiritu,
529 1301 583 1352 id
603 1312 701 1363 est,
722 1304 992 1355 voluntate
1010 1315 1061 1355 et
1084 1306 1357 1367 electione,

283 1388 395 1424 non
448 1374 762 1425 necessitate
826 1377 909 1426 vel
980 1376 1353 1433 simulatione3

282 1445 529 1510 quoniam
572 1446 808 1511 ipsorum
836 1453 917 1497 est
936 1461 1163 1514 regnum
1191 1450 1355 1501 coelo-

281 1530 417 1579 rum,
450 1517 596 1582 quod
624 1527 705 1567 est
738 1518 1020 1583 praemium
1044 1534 1354 1586 correspon-

279 1585 412 1636 dens
451 1585 645 1635 merito
674 1602 879 1638 eorum.
914 1588 1019 1638 Ubi
1071 1588 1349 1640 sciendum

278 1657 426 1724 quod
490 1667 769 1724 paupertas
835 1658 1059 1725 spiritus
1117 1662 1352 1712 sumitur

277 1728 386 1790 hic,
412 1744 508 1795 pro
537 1728 863 1781 abstinentia
889 1730 958 1781 ab
980 1746 1163 1783 amore
1185 1748 1351 1783 mun-

276 1800 353 1861 di,
393 1800 447 1849 id
486 1810 583 1860 est,
621 1800 690 1850 ab
720 1816 902 1851 amore
930 1817 1116 1852 eorum
1143 1819 1264 1871 quae
1290 1805 1347 1856 in

259 1870 483 1928 ¹mundo
512 1881 656 1931 sunt,
690 1880 748 1922 et
777 1886 897 1938 quae
927 1881 1133 1923 amator
1156 1876 1346 1925 mundi

274 1941 645 2007 complectitur
686 1958 702 1992 z
742 1952 794 1992 et
846 1942 922 1993 sic
975 1953 1056 1995 est
1114 1946 1348 2010 plenaria

274 2010 522 2061 omnium
592 2010 985 2062 delectabilium
1041 2012 1305 2065 abdicatio
1328 2054 1343 2079 ,

276 2096 467 2133 omnes
516 2082 895 2134 delectationes
936 2099 1059 2150 quae
1108 2095 1234 2136 sunt
1284 2087 1342 2140 in

263 2151 488 2213 divitiis,
516 2152 751 2214 deliciis,
794 2164 848 2205 et
879 2154 1182 2206 honoribus
1208 2173 1341 2208 con-

264 2233 528 2276 temnens,
559 2224 630 2275 Et
658 2224 778 2276 ideo
808 2224 1081 2277 beatitudo
1109 2226 1211 2280 ista
1239 2246 1340 2295 po-

262 2303 365 2346 test
406 2295 637 2362 intelligi
668 2296 957 2361 dupliciter
986 2315 1000 2349 :
1031 2315 1140 2349 uno
1177 2303 1339 2352 modo

261 2382 360 2432 pro
395 2378 707 2434 contemptu
737 2369 1048 2420 divitiarum
1080 2382 1133 2423 et
1159 2389 1339 2425 carna-

254 2437 393 2488 lium
413 2439 781 2504 voluptatum;
804 2441 1057 2503 secund0,
1090 2459 1190 2508 pro
1215 2460 1335 2495 con-

260 2517 470 2576 temptu
516 2511 600 2560 sui
640 2520 691 2560 et
728 2512 956 2577 propriae
991 2515 1332 2580 excellentiae,

257 2589 318 2630 ut
344 2579 506 2631 etiam
529 2582 762 2631 bonusse
799 2581 1051 2634 inutilem
1069 2595 1125 2634 et
1148 2588 1334 2639 ceteris

255 2659 469 2715 reputet
498 2651 554 2701 in
572 2650 842 2703 seriorem.
872 2654 1224 2721 Contemptus
1246 2673 1333 2709 au-

252 2730 364 2773 tem
430 2721 739 2774 divitiarum
798 2724 1034 2775 nascitur
1085 2742 1149 2776 ex
1195 2743 1329 2778 con-

254 2799 461 2857 temptu
503 2792 588 2843 sui
623 2794 760 2860 :qui
803 2794 951 2845 enim
991 2796 1245 2848 veraciter
1277 2810 1329 2850 et

248 2862 530 2915 humiliter
561 2877 778 2932 propter
805 2867 981 2918 Deum
1010 2883 1067 2919 se
1094 2881 1328 2922 contem·

251 2932 353 2995 nit,
367 2936 701 3000 temporalia,
721 2953 841 3004 quae
861 2947 1079 3004 propter
1102 2955 1160 2990 se
1177 2953 1323 3005 sunt,

247 3003 473 3056 faciliter
548 3006 709 3057 etiam
774 3010 1093 3062 comtemnit
1118 3029 1136 3078 ;
1228 3030 1324 3065 nec

246 3090 441 3143 magno
471 3078 642 3144 pretio
667 3082 925 3133 exteriora
953 3083 1200 3145 aestimat‚
1226 3087 1320 3153 qui

245 3161 308 3198 se
358 3146 584 3200 interius
645 3167 757 3201 non
821 3164 987 3205 curat.
1043 3155 1133 3205 Sic
1194 3172 1321 3224 ergo

243 3232 523 3287 paupertas
555 3223 777 3290 spiritus
802 3224 1038 3291 implicat
1061 3228 1317 3281 virtutem

240 3292 555 3344 voluntariae
586 3305 804 3360 propter
824 3296 1106 3348 Christum
1126 3311 1320 3365 egesta-

241 3361 331 3423 tia,
381 3374 434 3414 et
486 3365 649 3416 etiam
692 3381 829 3437 verae
868 3367 1211 3421 humilitatis.
1252 3372 1318 3422 Et

238 3435 532 3485 secundum
553 3447 843 3503 utrumque
863 3436 1189 3491 intellectum
1202 3441 1317 3493 haec

240 3503 513 3556 beatitudo
541 3507 778 3572 primum
809 3517 952 3559 tenet
990 3508 1185 3562 locum.
1215 3513 1314 3562 Se-

235 3575 475 3627 cundum
524 3576 761 3642 primum
820 3577 1043 3644 quidem
1098 3579 1312 3633 intelle-

233 3655 399 3710 ctum,
424 3647 553 3714 quia
582 3659 862 3715 paupertas
892 3661 972 3703 est
999 3651 1172 3718 prima
1193 3668 1314 3719 per..

231 3717 391 3770 sectio
418 3719 716 3770 volentium
745 3722 900 3788 sequi
924 3723 1225 3791 Christum,
1258 3736 1311 3778 et

227 3790 400 3845 totius
421 3791 715 3858 spiritualis
743 3793 955 3847 aedificii
980 3796 1307 3851 fundamen-

905 212 919 220 -
976 180 1214 233 PRIMAE
1248 183 1495 236 PARTIS
1529 186 1763 241 CAPUT
1793 195 2036 248 XXXIII.

1486 312 1641 355 tum-
1677 307 1798 358 Non
1858 311 2021 362 enim¹
2073 322 2249 378 potest
2320 316 2569 381 expedite

1483 378 1636 444 sequi
1680 380 1961 435 Christum
1989 387 2318 452 paupertatis
2363 404 2564 454 specu-

1483 448 1615 511 lum,
1646 450 1742 515 qui
1765 465 2017 506 oneratus
2052 467 2133 507 est
2162 457 2321 509 rebus
2344 468 2567 526 tempo·-

1480 518 1701 571 ralibus.
1750 522 1860 574 Nec
1907 536 1988 577 est
2025 527 2179 588 liber,
2219 530 2310 579 sed
2353 546 2564 586 servus,

1481 589 1576 654 qui
1607 591 1774 642 animi
1817 595 2156 648 affectionem
2185 599 2401 666 subjicit
2434 602 2561 654 istis

1479 659 1640 726 rebus
1668 666 2101 731 transeuntibus;
2135 668 2253 733 ejus
2290 670 2436 720 enim
2476 674 2554 724 rei

1477 746 1641 797 quam
1667 734 1949 787 affectuose
1971 738 2139 807 diligo
2158 778 2172 802 ‚
2217 756 2305 792 me
2335 758 2550 795 servum

1475 812 1666 866 sponte
1706 806 2004 871 constituo;
2058 820 2110 860 et
2146 809 2267 861 ideo
2292 812 2434 863 nihil
2472 827 2554 867 est

1472 878 1783 942 amandum,
1815 881 1921 932 nisi
1949 882 2064 949 ipse
2084 885 2246 946 Deus,
2284 888 2369 937 vel
2400 889 2550 940 aliud

1473 958 1692 1013 propter
1741 950 1935 1003 D'eum.
1986 954 2142 1005 Unde
2186 957 2507 1010 Ambrosius
2529 978 2549 1011 .-

1473 1037 1498 1065 «
1531 1020 1773 1072 Primum
1804 1022 2188 1078 beatitudinem
2223 1029 2365 1080 hanc
2394 1040 2547 1081 uter-

1470 1107 1575 1158 que
1588 1092 1929 1160 Evangelista
1949 1098 2160 1162 posuit:
2182 1101 2371 1152 ordine
2398 1102 2546 1154 enim

1468 1165 1645 1240 prima
1670 1178 1767 1229 est,
1799 1178 1850 1220 et
1882 1185 2072 1235 parens
2099 1175 2345 1239 quaedam
2375 1192 2545 1242 gene-

1467 1236 1708 1303 ratioque
1748 1239 2047 1306 virtutum;
2101 1243 2229 1308 quia
2265 1245 2360 1311 qui
2405 1262 2543 1298 con-

1467 1311 1744 1375 tempserit
1783 1314 2057 1375 secularia,
2101 1315 2216 1382 ipse
2248 1320 2543 1371 merebitur

1463 1380 1804 1445 sempiterna.
1852 1383 1959 1435 Nec
2019 1395 2192 1451 potest
2245 1388 2537 1456 quisquam

1460 1452 1717 1503 meritum
1747 1455 1899 1520 regni
1919 1456 2146 1508 coelestis
2165 1458 2407 1525 adipisci,
2429 1463 2533 1529 qui

1460 1526 1651 1577 mundi
1699 1528 1985 1594 cupiditate
2028 1547 2309 1598 possessus
2353 1551 2532 1586 emer-

1457 1597 1614 1662 gendi
1640 1614 1748 1649 non
1779 1600 1938 1652 habet
1965 1601 2286 1655 facultatem.
2313 1606 2532 1658 Simili-

1456 1676 1539 1717 ter
1590 1669 1768 1735 quoad
1823 1670 2154 1724 intellectum
2202 1677 2529 1740 secundum,

1455 1738 1583 1805 quia
1652 1740 1934 1792 humilitas
2005 1744 2296 1810 opponitur
2369 1747 2531 1810 initio

1452 1810 1701 1860 omnium
1721 1811 1995 1874 vitiorum,
2016 1814 2217 1867 scilicet
2243 1818 2528 1884 superbiae,

1452 1897 1573 1947 quae
1605 1882 1740 1934 inter
1765 1886 1951 1937 omnia
1975 1886 2106 1937 vitia
2133 1897 2279 1940 tenet
2318 1891 2529 1956 princi·-

1451 1963 1658 2018 patum.
1687 1974 1715 2004 »
1740 1957 1896 2008 Unde
1918 1960 2260 2025 Augustinus
2279 1979 2297 2012 .·
2320 1980 2346 2009 «
2368 1964 2530 2014 Recte

1449 2023 1537 2074 hic
1583 2024 1965 2093 intelliguntur
2014 2045 2272 2096 pauperes
2309 2032 2527 2098 spiritu,

1450 2095 1686 2149 humiles
1714 2110 1767 2150 et
1794 2101 2047 2153 timentes
2091 2103 2286 2164 Deum,
2331 2105 2384 2156 id
2419 2116 2521 2168 est,

1450 2183 1559 2219 non
1604 2169 1861 2222 habentes
1917 2172 2194 2225 inflantem
2247 2176 2519 2242 spiritum.

1448 2239 1556 2291 Nec
1597 2241 1815 2293 aliunde
1847 2241 2073 2296 omnino
2103 2245 2337 2312 incipere
2364 2264 2520 2314 opor·

1444 2309 1549 2362 tuit
1581 2312 1985 2366 beatitudinem.
2030 2316 2120 2367 Sic
2154 2318 2375 2384 quidem
2405 2335 2519 2386 per-

1443 2381 1656 2433 venitur
1704 2384 1768 2433 ad
1831 2400 2101 2436 summam
2152 2388 2516 2453 sapientiam:

1442 2453 1665 2506 Initium
1703 2457 1840 2508 enim
1877 2459 2158 2526 sapientiae
2205 2461 2364 2512 timor
2395 2463 2517 2515 Do-

1440 2524 1570 2576 mini
1578 2541 1600 2588 ,·
1640 2527 1901 2592 quoniam
1930 2540 1982 2580 et
2007 2545 2035 2580 e
2059 2531 2329 2582 contrario
2356 2549 2370 2581 ι
2397 2533 2514 2583 Ini-

1440 2597 1567 2648 tium
1602 2601 1778 2650 omnis
1803 2604 2018 2668 peccati
2036 2604 2287 2670 superbia
2324 2604 2514 2656 descri-

1440 2667 1603 2719 bitur.
1651 2687 1678 2715 η
1731 2670 1886 2722 Unde
1941 2682 1991 2723 et
2038 2673 2464 2741 Chrysostomus
2491 2692 2511 2725 .·

1438 2757 1465 2785 ιι
1507 2740 1659 2792 Sicut
1695 2752 1866 2795 cetera
1907 2744 2037 2796 vitia
2084 2746 2397 2811 deprimunt
2444 2749 2512 2797 ad

1437 2811 1666 2875 inferos,
1717 2825 1770 2866 et
1812 2817 2045 2868 maxime
2090 2818 2382 2884 superbia;
2431 2820 2509 2871 sic

1434 2883 1640 2934 vehunt
1667 2884 1891 2937 virtutes
1931 2888 1997 2938 ad
2029 2889 2244 2948 coelum,
2277 2890 2512 2942 maxime

1431 2963 1610 3005 autem
1635 2955 1918 3008 humilitas
1943 2975 1956 3008 ε
1984 2979 2011 3007 »
2038 2959 2151 3010 haec
2174 2959 2509 3028 Chryso-sto·-

1431 3039 1566 3075 muS.
1599 3025 1795 3091 Cupidi
1845 3044 1972 3094 ergo
2005 3038 2058 3079 et
2087 3029 2313 3095 superbi
2344 3045 2509 3096 appe-

1428 3103 1544 3152 tant
1603 3105 1654 3146 et
1713 3097 1941 3164 diligant
1990 3115 2156 3165 regna
2205 3109 2502 3163 terrarum;

1428 3166 1570 3216 beati
1594 3177 1773 3219 autem
1798 3185 2065 3237 pauperes
2089 3170 2303 3237 spiritu,
2327 3170 2383 3219 id
2401 3182 2501 3233 est,

1425 3235 1689 3300 spirituali
1721 3240 2011 3304 voluntate,
2046 3241 2131 3291 vel
2158 3241 2242 3291 sui
2280 3252 2498 3307 reputa-

1423 3304 1590 3366 tione,
1627 3309 1876 3373 quoniam
1907 3311 2142 3378 ipsorum
2167 3317 2248 3361 est
2269 3326 2496 3377 regnum

1422 3375 1703 3440 coelorum,
1742 3395 1886 3431 nunc
1917 3381 1976 3432 in
2005 3397 2117 3447 spe,
2149 3391 2201 3433 et
2229 3380 2285 3431 in
2310 3381 2495 3433 futuro

1419 3446 1520 3497 erit
1547 3447 1604 3498 in
1634 3463 1710 3500 re.
1743 3450 1809 3501 Et
1833 3451 1966 3503 bene
1992 3453 2275 3519 praemium
2301 3453 2494 3504 merito

1418 3520 1719 3583 respondet,
1757 3531 1818 3573 ut
1845 3523 2160 3592 indigentiae
2199 3534 2251 3575 et
2299 3525 2494 3575 humi·-

1417 3587 1623 3639 liationi
1670 3593 1956 3658 copiositas
1992 3605 2044 3647 et
2084 3595 2335 3646 exaltatio
2364 3611 2494 3646 suc-

1416 3659 1622 3710 cedant.
1675 3662 1735 3712 1n
1776 3679 1942 3732 regno
1990 3666 2138 3717 enim
2172 3666 2492 3731 intelligitur

1416 3730 1730 3784 omnimodo
1757 3735 2094 3798 sufficientia,
2132 3747 2184 3788 et
2216 3736 2489 3788 excellen-

1414 3798 1505 3861 tia,
1533 3816 1657 3867 quae
1703 3805 1837 3859 bene
1867 3807 2200 3874 promittitur
2245 3807 2311 3858 in
2335 3805 2486 3858 coelis
