2784 4452
416 294 517 347 382

408 409 725 481 confirmet?
765 411 873 461 Nec
895 409 1079 460 solum
1110 407 1291 458 media
1315 416 1475 456 nocte

409 482 694 541 DominuS,
732 481 823 531 sed
856 479 1112 529 omnibus
1134 492 1298 543 prope
1324 477 1477 527 docet

407 550 762 624 vigilandum
784 569 899 609 esse
941 550 1256 602 momentis.
1312 549 1474 630 Vigi-

408 627 628 681 landum
678 636 763 676 est
802 639 1046 690 semper,
1097 622 1280 672 multae
1324 620 1473 671 enim

409 696 616 748 insidiae
643 705 772 747 sunt
781 694 975 755 nobis,
1010 703 1062 744 et
1087 693 1262 759 gravis
1291 706 1476 757 corpo·

409 767 485 818 ris
513 782 771 829 somnus,
804 766 932 832 quia
970 763 1016 816 si
1056 763 1292 814 dormire
1318 777 1475 813 mens

409 838 645 904 deperit,
673 837 915 919 vigorem
939 850 1051 886 suae
1075 833 1293 885 virtutis
1323 832 1477 883 amit·

408 919 499 961 tet.
527 909 716 960 Excita
739 908 912 974 igitur
927 923 1190 957 somnum
1216 916 1394 965 mum,
1413 913 1481 954 ut

407 982 589 1047 pulses
612 980 814 1031 ostium
853 978 1105 1031 Christi:
1133 998 1161 1026 ι)
1187 977 1303 1028 haec
1337 978 1474 1028 Am-

413 1052 642 1103 brosiuS.

479 1122 540 1175 13
575 1126 894 1174 Snnmrvno
947 1139 1133 1174 rums
1180 1138 1369 1174 nuris
1408 1137 1478 1171 ax

412 1211 601 1246 monn.
626 1223 686 1233 -—
714 1195 961 1245 Secundo
990 1195 1140 1261 ponit
1162 1193 1483 1246 similitudi-

415 1284 540 1318 nem
563 1268 634 1317 de
679 1277 827 1333 patre
854 1268 1075 1328 carnali,
1113 1267 1210 1334 qui
1238 1268 1330 1317 dat
1350 1266 1481 1317 filiis

409 1338 522 1389 suis
567 1338 714 1387 bona
749 1337 873 1388 dam
926 1347 978 1388 et
1017 1337 1313 1388 necessaria
1359 1352 1482 1403 quae

412 1417 619 1474 pamm.
653 1408 722 1458 Et
757 1408 912 1474 ponit
945 1406 1253 1474 exemplum
1280 1408 1347 1457 de
1376 1405 1487 1457 tri--

413 1482 541 1543 bus,
581 1497 675 1548 per
717 1498 837 1548 quae
872 1481 1248 1547 intelliguntur
1296 1495 1416 1545 quae
1452 1495 1486 1530 a

412 1555 525 1606 Deo
552 1555 823 1621 postulare
840 1555 1116 1604 debemus.
1140 1553 1389 1604 Primum
1403 1563 1487 1603 est

415 1625 588 1691 panis,
617 1635 669 1674 et
699 1623 969 1690 significat
998 1624 1327 1684 charitatem,
1357 1623 1487 1690 quia

415 1695 556 1746 sicut
579 1695 702 1746 siue
727 1711 863 1760 pane
908 1695 1090 1746 omnis
1116 1710 1304 1746 mensa
1324 1694 1487 1759 inops

414 1767 644 1829 dicitur;
711 1766 791 1817 sic
843 1765 962 1817 sine
1000 1766 1250 1816 charitate
1302 1764 1487 1817 omnis

419 1838 592 1888 virtus
621 1851 757 1887 vana
798 1845 850 1886 et
891 1836 1068 1886 inanis
1105 1845 1211 1897 est,
1243 1846 1298 1887 et
1324 1850 1487 1887 omne

419 1925 555 1975 opus
580 1909 785 1958 bonum
816 1908 1073 1974 perditur.
1101 1908 1240 1958 Huic
1261 1909 1487 1973 opponi·

417 1991 506 2031 tur
527 1980 724 2031 duritia
746 1979 939 2040 cordiS,
980 1995 1102 2046 quae
1130 1996 1225 2046 pet
1251 1980 1487 2046 lapidem

417 2051 751 2117 intelligitur.
775 2051 848 2117 Et
874 2066 971 2116 pro
995 2061 1226 2117 utroque
1256 2052 1487 2103 istorum

361 2162 364 2165 >
417 2123 577 2173 debet
599 2122 762 2182 orari,
790 2132 854 2172 ut
887 2122 1091 2174 scilicet
1131 2123 1364 2175 charitas
1391 2125 1489 2174 de-

418 2205 532 2257 tur,
570 2205 623 2247 et
662 2194 863 2246 duritia
899 2196 1078 2248 cordis
1115 2195 1406 2250 auferatur.
1426 2225 1488 2236 —

415 2265 658 2320 Secundo
687 2267 841 2333 ponit
873 2270 1181 2335 exemplum
1219 2271 1288 2322 de
1314 2270 1487 2337 pisce,

416 2356 512 2406 per
562 2355 727 2405 quem
774 2340 1093 2407 intelligitur
1140 2341 1308 2403 fides,
1361 2342 1491 2408 quia

416 2410 555 2461 sicut
601 2410 761 2475 piscis
797 2411 854 2462 in
885 2427 1033 2478 aqua
1069 2413 1307 2464 nascitur
1345 2422 1400 2463 et
1430 2412 1488 2463 in

418 2480 672 2532 fluctibus
723 2496 878 2547 aquae
924 2499 1038 2533 non
1092 2483 1350 2544 moritur,
1394 2484 1490 2534 sed

420 2553 603 2619 potius
633 2563 891 2619 purgatur
921 2565 977 2606 et
1018 2555 1363 2618 melioratur;
1411 2555 1492 2606 sic

420 2624 479 2674 in
510 2624 787 2688 Baptismo
813 2622 946 2675 fides
978 2625 1215 2677 nascitur
1250 2634 1303 2677 et
1349 2626 1492 2676 inter

419 2692 792 2745 tribulationes
822 2704 874 2743 et
903 2695 1097 2746 fluctus
1121 2694 1490 2763 angustiarum

420 2764 585 2829 hujus
623 2764 811 2815 mundi
838 2782 949 2816 non
971 2766 1360 2833 exstinguitur,
1391 2767 1489 2816 sed

420 2834 601 2901 potius
624 2846 897 2902 purgatur.
929 2837 1068 2887 Huic
1092 2838 1389 2888 contrarius
1406 2848 1490 2888 est

420 2920 669 2970 serpens,
701 2916 919 2972 propter
947 2922 1222 2957 venenum
1248 2906 1485 2959 infideli-

419 2975 562 3026 tatis.
597 2977 759 3027 Istam
787 2977 949 3029 fidem
971 2978 1232 3030 debemus
1254 2989 1433 3045 petere
1456 2994 1491 3029 a

419 3048 552 3110 Dee,
579 3059 633 3099 et
660 3065 769 3099 non
801 3050 952 3101 dabit
980 3050 1137 3102 nobis
1162 3061 1486 3117 serpentem,

421 3120 478 3171 id
503 3130 585 3171 est
611 3118 1015 3183 infidelitatem,
1046 3131 1141 3173 aut
1169 3122 1488 3187 doctrinam,

418 3190 505 3241 vel
528 3190 925 3257 perversitatem
953 3192 1346 3254 haereticorum,
1367 3209 1491 3260 quae

420 3276 518 3328 per
546 3271 849 3327 serpentem
867 3263 1205 3329 intelligitur.
1227 3294 1289 3304 —·
1302 3265 1489 3316 Tertio

421 3333 579 3399 ponit
596 3335 907 3399 exemplum
929 3335 996 3385 de
1014 3351 1133 3396 ovo,
1151 3347 1208 3388 et
1229 3336 1495 3403 significat

422 3419 608 3470 spem,
649 3405 779 3471 quia
820 3405 961 3457 sicut
997 3406 1055 3457 in
1094 3422 1200 3459 ovo
1241 3408 1490 3460 nondum

423 3485 507 3527 est
537 3475 696 3526 foetus
738 3477 1000 3542 perfectus
1020 3515 1034 3537 ,
1065 3477 1160 3527 sed
1205 3478 1321 3529 sola
1366 3493 1491 3545 spes

423 3546 618 3611 foetus3
660 3547 740 3597 sic
775 3564 897 3614 spes
933 3565 1043 3599 non
1067 3558 1150 3601 est
1179 3550 1247 3600 de
1271 3550 1493 3613 habitis,

423 3619 518 3671 sed
558 3620 838 3671 habendis.
887 3621 1044 3671 Unde
1090 3620 1230 3672 sicut
1273 3622 1343 3673 ab
1389 3639 1494 3675 ovo

424 3701 756 3758 exspectatur
781 3692 978 3756 pullus,
1007 3690 1056 3741 si
1083 3707 1248 3743 ovum
1273 3708 1306 3744 a
1328 3705 1497 3746 matre

425 3762 588 3814 fuerit
630 3762 975 3828 calefactum3
1027 3764 1106 3815 sic
1132 3775 1333 3816 aeterna
1363 3766 1494 3818 bea-

424 3833 600 3890 titudo
632 3850 662 3885 a
702 3850 797 3901 spe
842 3845 1189 3901 exspectatur,
1227 3837 1277 3902 si
1318 3852 1438 3902 spes
1464 3853 1497 3888 a

439 3914 611 3956 matre
636 3904 967 3958 conscientia
995 3904 1230 3960 incalore
1253 3906 1496 3961 charita-

1090 290 1329 360 PRIMAE
1359 287 1609 340 PARTIS
1636 288 1872 341 CAPUT
1895 290 2133 340 XXXIX.

1582 404 1653 465 tis
1694 414 2057 456 conservatur.
2102 403 2244 454 Huic
2292 404 2669 456 contrariatur

1582 477 1825 543 scorpin,
1869 478 2021 543 cujus
2055 486 2315 528 venenata
2346 489 2433 528 est
2468 480 2655 530 cauda.

1584 551 1735 601 Hanc
1758 565 1908 616 spem
1936 550 2196 602 debemus
2220 561 2401 616 petere
2429 567 2462 602 a
2489 552 2665 602 Chri-

1583 628 1684 680 sto,
1710 629 1764 670 et
1787 636 1898 670 non
1920 620 2070 670 dabit
2099 620 2257 671 nobis
2287 621 2669 687 scorpionem,

1584 691 1676 757 qui
1722 692 1914 757 pungit
1958 692 2158 752 cauda,
2214 701 2271 743 et
2320 693 2553 753 occidit,
2606 704 2661 744 et

1585 771 1813 812 mortem
1833 762 2032 813 inferni
2060 763 2287 815 inducit.
2314 765 2456 814 Tres
2481 764 2659 814 virtu-

1583 846 1662 886 tes
1696 837 1976 902 praedictas
2002 847 2183 903 petere
2212 837 2495 898 debemuS,
2529 839 2669 904 quia

1583 907 1700 958 sine
1718 907 1799 958 eis
1818 924 1933 958 non
1961 919 2042 958 est
2066 910 2231 960 salus·
2249 909 2310 958 Si
2332 925 2462 975 ergo
2485 910 2659 960 homo

1584 980 1679 1048 qui
1728 982 1906 1031 malus
1951 991 2059 1041 est,
2101 982 2167 1031 ad
2192 982 2659 1048 comparationem

1585 1051 1780 1102 divinae
1826 1051 2087 1103 bonitatis
2124 1063 2185 1103 et
2220 1054 2540 1117 clementiae,
2574 1069 2667 1104 re-

1586 1132 1770 1188 spectu
1811 1122 1962 1187 cujus
2010 1137 2171 1173 nemo
2203 1133 2286 1174 est
2315 1124 2525 1187 boms,
2568 1125 2665 1191 qui

1588 1192 1750 1243 etiam
1797 1192 1920 1243 ideo
1970 1193 2147 1244 malus
2187 1193 2400 1255 dicitur,
2433 1195 2570 1261 quia
2598 1196 2672 1245 ad.

1590 1263 1794 1314 malum
1833 1273 1915 1314 est
1946 1280 2155 1330 pronus
2186 1284 2202 1315 ε
2223 1266 2317 1316 dat
2356 1267 2495 1328 bona
2528 1268 2665 1317 data

1590 1333 1693 1384 sibi
1714 1349 1748 1384 a
1779 1335 1911 1395 Deo,
1950 1334 2153 1385 scilicet
2177 1336 2515 1401 temporalia,
2544 1337 2660 1387 filio

1590 1405 1812 1470 petenti,
1852 1405 2027 1455 multo
2071 1405 2246 1472 magis·
2280 1406 2443 1457 Pater
2484 1419 2671 1458 noster

1592 1475 1837 1537 coelestiS,
1860 1476 1955 1543 qui
1976 1492 2044 1526 ex
2072 1487 2260 1528 natura
2286 1494 2386 1529 sua
2407 1479 2593 1529 bonus
2622 1490 2670 1530 et

1592 1548 1715 1614 pius
1738 1558 1836 1609 est,
1868 1564 1962 1615 per
1988 1550 2298 1610 essentiam,
2328 1551 2486 1602 dabit
2511 1551 2673 1618 spiri-

1594 1629 1704 1673 tum
1733 1623 1952 1687 bonum,
1978 1623 2037 1673 id
2065 1634 2146 1675 est
2174 1625 2317 1676 bona
2344 1625 2670 1692 spiritualia,

1594 1695 1796 1746 scilicet
1819 1695 2047 1761 gratiam
2074 1706 2130 1745 et
2155 1696 2408 1762 gloriam,
2432 1699 2678 1764 petenti-

1595 1767 1690 1817 bus
1714 1781 1791 1829 se,
1820 1783 1932 1817 non
1961 1767 2332 1818 renuentibus,
2363 1769 2533 1820 Vocat
2575 1785 2669 1820 au-

1592 1847 1703 1888 tem
1743 1853 1906 1889 omne
1945 1839 2153 1889 bonum
2182 1838 2465 1918 spirituale
2500 1840 2667 1907 spiri-

1592 1907 1759 1958 ritum
1830 1908 2076 1968 bonum,
2149 1908 2309 1974 quia,
2366 1911 2667 1961 secundum

1594 1978 1987 2044 Augustinum,
2036 1947 2301 2045 Spiritus
2316 1979 2547 2031 Sanctus
2590 1990 2673 2031 est

1598 2050 1838 2116 primum
1867 2051 2101 2111 donum,
2131 2050 2188 2101 in
2216 2066 2329 2117 quo
2354 2051 2539 2102 omnia
2567 2053 2668 2102 do-

1598 2131 1813 2173 nantur.
1879 2121 1984 2173 Ubi
2047 2122 2190 2172 idem
2256 2123 2608 2189 Augustinus
2648 2141 2667 2173 .-

1598 2210 1626 2239 α
1652 2192 1778 2243 Non
1809 2192 2094 2259 denegabit
2125 2207 2183 2243 se
2209 2192 2546 2259 petentibus,
2578 2193 2671 2261 qui

1597 2275 1789 2331 sponte
1810 2265 2009 2316 obtulit
2036 2280 2094 2316 se
2115 2281 2227 2315 non
2252 2266 2585 2331 petentibus·
2610 2267 2671 2317 Et

1598 2345 1790 2401 praeter
1808 2336 1925 2386 haec
1943 2335 2145 2397 omnia,
2159 2335 2256 2402 qui
2272 2336 2502 2401 proprio
2521 2337 2678 2387 Filio

1598 2420 1694 2457 suo
1723 2421 1824 2457 non
1859 2406 2126 2473 pepercit,
2166 2407 2258 2456 sed
2300 2422 2398 2471 pro
2426 2407 2672 2457 munibus

1599 2478 1827 2528 tradidit
1856 2478 2030 2539 illum,
2062 2487 2115 2528 et
2147 2478 2293 2529 dedit
2319 2479 2386 2528 ad
2414 2479 2673 2529 occiden-

1598 2549 1763 2614 dum,
1811 2550 2084 2616 quomodo
2123 2548 2282 2600 nobis
2325 2564 2440 2598 non
2481 2559 2674 2599 cuncta

1599 2635 1723 2686 quae
1748 2620 1988 2686 petimus
2007 2618 2260 2670 donabit?
2295 2619 2460 2669 Dabit
2488 2628 2668 2670 autem

1599 2708 1659 2742 ea
1688 2708 1810 2759 quae
1843 2691 2110 2758 praecepit,
2138 2692 2186 2742 si
2221 2690 2532 2743 fecerimus.
2558 2712 2587 2739 >2
2606 2693 2668 2742 Et

1600 2764 1796 2815 iterum
1831 2780 1846 2814 ε
1882 2782 1910 2811 α
1950 2764 2056 2825 Qui
2098 2764 2212 2814 vult
2249 2762 2428 2813 audiri
2470 2779 2503 2814 a
2537 2764 2678 2823 Dee,

1600 2840 1750 2906 prius
1778 2839 1960 2890 audiat
1981 2840 2175 2890 Deum.
2208 2839 2327 2899 Qua
2349 2838 2528 2889 fronte
2568 2856 2672 2905 po-

1599 2911 1766 2974 stulas
1790 2911 1938 2978 quod
1985 2910 2237 2977 promisit
2265 2911 2429 2970 Deus,
2470 2910 2517 2961 si
2562 2926 2671 2960 non

1597 2980 1727 3032 facis
1756 2981 1903 3048 quod
1928 2981 2089 3046 jussit
2114 2981 2260 3031 Deus
2283 2981 2302 3031 ἓ
2352 2980 2509 3031 Prius
2545 2981 2671 3032 audi

1600 3052 1946 3111 monitioneS,
1980 3060 2030 3101 et
2069 3051 2145 3102 sic
2165 3051 2318 3117 exige
2359 3050 2677 3117 promissio·

1602 3138 1715 3174 nes,
1748 3121 1854 3182 Qui
1892 3137 1924 3172 a
1949 3121 2226 3188 praeceptis
2259 3120 2357 3171 Dei
2394 3122 2672 3180 avertitur,

1601 3195 1747 3262 quod
1770 3194 1830 3244 in
1855 3194 2097 3245 oratione
2119 3195 2354 3260 postulat
2373 3208 2488 3243 non
2509 3209 2674 3244 mere-

1601 3277 1728 3319 tur:
1750 3287 1778 3315 η
1808 3268 1927 3318 haec
1957 3267 2315 3333 Augustinus,

1671 3356 1737 3411 14
1769 3340 1911 3400 Qum
1957 3355 2256 3390 Facnmnuu
2296 3354 2383 3389 sn·
2417 3355 2568 3390 Anus
2612 3354 2675 3389 1³1

1601 3426 1882 3461 anro
1901 3425 2053 3461 mets
2070 3424 2368 3460 nat-umus
2379 3409 2676 3460 ?-—Deinde

1602 3481 1841 3533 ostendit
1884 3498 1981 3548 per
2017 3481 2153 3548 quid
2204 3480 2373 3531 oratio
2432 3496 2468 3531 a
2530 3491 2675 3547 parte

1604 3553 1808 3604 orantis
1835 3553 2156 3605 exaudibilis
2195 3552 2294 3612 sit,
2328 3561 2383 3603 et
2410 3554 2480 3603 ad
2511 3553 2675 3604 meri-

1601 3635 1720 3675 tum
1749 3624 2111 3675 exauditionis
2137 3624 2532 3685 concludendo,
2558 3624 2677 3675 sub-

1603 3695 1781 3762 jungit
1826 3710 1841 3746 ε
1889 3695 2083 3745 Omnia
2156 3709 2291 3761 ergo
2353 3707 2684 3761 quaecunque

1603 3766 1767 3817 vultis
1776 3804 1797 3830 ,
1845 3765 2044 3818 scilicet
2080 3763 2477 3816 rationabiliter
2505 3774 2559 3816 et
2590 3764 2678 3815 di·

1607 3845 1780 3887 ctante
1824 3835 2112 3900 charitate,
2158 3842 2219 3886 ut
2255 3835 2482 3901 faciant
2529 3835 2681 3887 vobis

1604 3907 1854 3975 homine-5,
1878 3908 2084 3962 scilicet
2109 3905 2312 3960 utiliter
2335 3916 2389 3958 et
2416 3907 2679 3978 ordinate,
