2784 4452
389 288 452 341 16
1071 286 1308 336 PRIMAE
1343 286 1590 337 PARTIS
1623 287 1856 339 CAPUT
1889 289 1927 339 Ι.

382 407 497 458 sine
525 405 641 472 ipso
661 404 872 469 sactum
897 410 977 455 est
1012 403 1161 466 nihil,
1198 403 1399 454 scilicet
1424 419 1455 454 a

384 480 552 537 Patre,
584 477 695 527 sive
716 475 929 526 visibile
956 476 1106 542 quid,
1132 475 1243 526 sive
1263 475 1457 525 intelli·

379 550 573 617 gibile3
601 548 867 615 siquidem
899 547 1082 598 omnia
1110 546 1167 596 in
1193 547 1456 612 sapientia

381 620 505 670 fecit
536 620 696 678 DeuS‚
741 628 792 668 et
851 617 968 669 sine
1010 617 1269 682 sapientia
1312 618 1451 667 nihil

381 690 507 741 fecit
535 707 549 740 ε
580 700 829 741 creaturae
856 688 1002 737 enim
1026 689 1394 754 producuntur
1423 704 1454 739 a

378 760 492 812 Deo
532 760 672 810 sicut
720 757 994 809 artificiata
1033 774 1125 824 per
1172 758 1449 810 artificem.

382 833 648 885 Omnium
676 831 822 882 enim
854 841 934 881 est
974 831 1161 881 artifex
1180 871 1195 892 ‚
1218 848 1340 881 cum
1380 832 1452 882 sit

376 922 541 974 agens
571 923 663 973 per
703 905 1051 955 intellectum.
1083 905 1239 965 Quod
1269 916 1449 956 autem

383 980 696 1046 producitur
726 993 819 1043 per
858 987 1044 1038 artem,
1075 993 1168 1028 seu
1197 977 1255 1028 in
1285 977 1451 1029 intel-

379 1053 519 1102 lectu
553 1047 862 1115 producitur
892 1063 986 1113 per
1008 1048 1157 1108 artis,
1181 1064 1275 1099 seu
1297 1049 1452 1101 intel-

380 1125 548 1175 lectus
577 1131 892 1186 conceptum
932 1138 947 1172 ς
989 1121 1126 1172 sicut
1164 1123 1360 1174 domus
1389 1123 1448 1174 in

380 1209 438 1244 re
474 1202 637 1252 extra,
669 1190 982 1257 producitur
1027 1205 1056 1240 a
1114 1191 1277 1242 domo
1326 1208 1447 1259 quae

380 1272 461 1314 est
517 1262 575 1311 in
617 1262 814 1312 anima.
858 1260 1098 1311 Verbum
1155 1272 1332 1312 autem
1388 1262 1447 1312 in

384 1332 604 1392 divinis,
649 1333 790 1383 idem
841 1343 921 1383 est
963 1332 1108 1398 quod
1160 1343 1447 1398 conceptus

384 1403 683 1454 intellectus
726 1403 914 1464 divini,
944 1412 1004 1452 ut
1044 1416 1207 1467 supra
1241 1402 1446 1454 dictum

381 1483 494 1536 est;
581 1488 706 1539 ergo
777 1473 961 1523 omnia
1030 1472 1285 1539 producta
1352 1488 1448 1538 per

382 1543 563 1610 ipsum
591 1545 847 1609 producta
876 1552 1020 1603 sunt,
1052 1553 1161 1594 tam
1187 1543 1447 1608 spiritua-

382 1615 460 1664 les
488 1630 652 1680 quam
693 1614 992 1679 corporales
1018 1622 1287 1663 creaturae.
1318 1613 1448 1663 Haec

382 1693 561 1734 autem
617 1684 927 1750 praepositio
969 1684 1099 1745 Per,
1155 1693 1303 1733 notat
1356 1683 1448 1735 hic

387 1769 602 1804 causam
632 1753 967 1813 efficientem,
996 1769 1105 1803 non
1136 1752 1446 1803 adminicu-

390 1824 609 1884 lantem,
652 1825 734 1873 vel
788 1822 1173 1883 ministerium,
1229 1824 1313 1872 vel
1369 1823 1448 1873 in-

384 1907 769 1948 strumentum.
801 1899 919 1963 Ipse
947 1895 1094 1947 enim
1122 1895 1295 1946 Filius
1323 1911 1447 1945 cum

386 1968 541 2018 Patre
570 1978 650 2018 est
680 1977 826 2017 actor
855 1965 1123 2025 omnium,
1154 1974 1206 2015 et
1244 1964 1448 2015 simili-

384 2049 467 2090 ter
509 2038 743 2104 Spiritus
788 2039 1014 2087 Sanctus
1055 2051 1176 2086 cum
1223 2036 1446 2097 eisdem,

383 2110 513 2176 quia
539 2109 816 2160 individua
845 2120 973 2160 sunt
1017 2122 1176 2175 opera
1203 2107 1449 2158 Trinita-

386 2179 475 2232 tis,
523 2180 723 2232 Omnia
765 2196 890 2247 ergo
939 2195 1033 2248 per
1087 2178 1268 2245 ipsum
1315 2177 1450 2229 facta

383 2262 530 2310 sunt,
576 2261 638 2302 ut
692 2266 788 2302 nec
845 2252 1013 2311 Pater,
1065 2265 1162 2300 nec
1213 2248 1449 2314 Spiritus

379 2325 605 2375 Sanctus
645 2324 1010 2374 excludantur.
1045 2322 1248 2373 Omnia
1283 2321 1446 2372 simul

383 2405 437 2446 et
486 2396 652 2445 semel
698 2405 824 2444 sunt
866 2395 1018 2455 facta,
1049 2395 1140 2445 sed
1188 2409 1280 2444 sex
1327 2393 1449 2444 die-

385 2467 489 2516 bus
541 2481 634 2531 per
680 2476 854 2530 partes
892 2475 1021 2516 sunt
1070 2466 1337 2517 distincta.
1388 2465 1447 2515 Si

383 2550 510 2602 ergo
554 2535 738 2584 omnia
781 2551 876 2601 per
926 2535 1103 2601 ipsum
1143 2536 1278 2586 facta
1303 2546 1445 2596 sunt,

378 2606 617 2656 Verbum
669 2616 847 2656 autem
917 2622 1029 2656 non
1090 2607 1260 2672 possit
1309 2622 1339 2657 a
1388 2622 1447 2657 se

381 2677 518 2738 fieri,
580 2678 664 2728 vel
725 2694 782 2728 se
848 2678 1027 2743 ipsum
1091 2679 1275 2740 facere,
1319 2679 1446 2745 quia

377 2759 516 2800 esset
538 2758 825 2814 antequam
859 2759 1014 2809 esset,
1032 2749 1277 2819 sequitur
1299 2750 1446 2816 quod

374 2820 558 2885 ipsum
598 2818 837 2869 Verbum
869 2834 979 2868 non
1016 2817 1088 2868 sit
1126 2817 1343 2869 factum.
1373 2818 1447 2869 Et

380 2891 680 2941 secundum
727 2889 1105 2955 Augus-tinum,
1143 2889 1189 2940 si
1245 2890 1444 2940 factum

381 2979 492 3013 non
517 2972 615 3023 est,
646 2973 882 3013 creatura
907 2978 1018 3012 non
1047 2972 1154 3026 est;
1195 2962 1241 3013 si
1264 2973 1443 3013 autem

382 3042 619 3083 creatura
667 3048 775 3083 non
842 3042 940 3092 est,
1007 3033 1246 3099 ejusdem
1318 3049 1442 3083 cum

384 3102 535 3152 Patre
562 3102 877 3153 substantiae
927 3112 1022 3154 est.
1064 3103 1263 3153 Omnis
1298 3103 1443 3153 enim

380 3174 679 3225 substantia
721 3190 842 3241 quae
869 3174 1014 3225 Deus
1033 3191 1145 3225 non
1169 3185 1266 3236 est,
1309 3190 1445 3225 crea-

374 3258 501 3299 ·tura
528 3257 636 3310 est;
666 3257 718 3297 et
752 3263 871 3313 quae
916 3257 1153 3298 creatura
1194 3264 1304 3299 non
1344 3258 1441 3309 est,

373 3320 523 3370 Deus
566 3328 662 3369 est.
707 3319 821 3369 Hoc
860 3329 1039 3370 autem
1065 3319 1304 3369 Verbum
1348 3334 1444 3369 nec

386 3389 608 3457 syllabis
638 3400 860 3451 constat,
895 3406 990 3440 nec
1003 3405 1131 3441 voce
1144 3390 1441 3457 profertur;

381 3464 474 3514 sed
502 3479 712 3530 semper
740 3464 798 3513 in
828 3464 972 3526 sinu,
1009 3464 1063 3514 id
1101 3474 1198 3526 est,
1243 3473 1444 3514 secreto

382 3546 436 3587 et
460 3536 618 3587 corde
649 3536 817 3587 Patris
845 3552 1084 3597 manenS,
1110 3546 1299 3587 cuncta
1325 3535 1444 3585 dis-

385 3607 556 3672 ponit,
583 3608 736 3673 regit,
767 3619 819 3659 et
845 3617 1110 3674 operatur.
1145 3607 1267 3657 Non
1295 3606 1445 3656 enim

386 3677 678 3743 loquend0,
711 3680 803 3729 sed
830 3680 1059 3730 volendo
1087 3687 1276 3728 cuncta
1313 3692 1447 3742 ope-

372 3757 528 3799 ratur
553 3750 714 3812 DeuS‚
748 3752 874 3818 quia
896 3751 1069 3801 dicere
1111 3748 1209 3799 Dei
1238 3750 1447 3800 voluis-

368 3833 439 3876 se
475 3831 571 3882 est,
598 3833 649 3872 et
670 3822 866 3885 Verb0‚
894 3822 946 3872 id
976 3830 1056 3871 est
1078 3821 1120 3870 F
1124 3818 1235 3881 ilio,
1261 3819 1447 3871 omnia

379 3905 569 3943 creare.

1622 422 1654 472 7
1713 406 1835 466 Quo
1886 423 2045 458 sensu
2089 424 2214 458 vri-A
2262 426 2315 459 m
2366 426 2621 472 omanus,

1557 491 1864 526 malesanum
1880 493 1933 527 m
1953 494 2121 529 OPERI-2
2140 495 2406 531 vnn-urm.
2427 509 2489 518 —
2504 482 2622 532 Os-

1555 553 1709 596 tenso
1737 546 1916 613 itaque
1937 548 2083 613 quod
2106 549 2345 599 Verbum
2362 550 2434 600 sit
2460 565 2622 602 causa

1561 619 1870 684 productiva
1910 636 2107 681 rerum,
2152 622 2387 672 ostendit
2421 639 2622 675 conse-

1554 699 1780 753 quenter
1808 706 1900 755 per
1929 696 2089 756 que'm
2116 693 2339 742 modum
2367 694 2437 744 sit
2461 710 2626 746 causa·

1558 774 1743 810 earum
1798 760 2019 812 dicens:
2055 762 2216 823 Quod
2254 764 2468 829 sactum
2518 772 2619 828 est,

1556 832 1758 883 scilicet
1800 834 1856 883 in
1902 835 2108 885 effectu.
2151 835 2215 885 In
2256 836 2373 902 ipso
2416 837 2624 889 scilicet

1555 902 1748 963 Verb0‚
1791 905 1901 955 vita
1930 912 2048 956 erat
2103 916 2155 956 et
2204 906 2408 958 vivenS.
2466 908 2623 959 Sicut

1559 971 1708 1023 faber
1749 974 1898 1039 prius
1940 975 2065 1026 facit
2099 991 2274 1027 arcam
2314 978 2372 1027 in
2415 988 2618 1039 mente,

1555 1053 1676 1108 post
1705 1044 1761 1094 in
1809 1061 1967 1111 opere
1995 1064 2008 1096 :
2042 1048 2187 1113 quod
2219 1048 2275 1097 in
2309 1059 2488 1099 mente
2517 1060 2619 1110 est,

1551 1114 1686 1165 vivit
1714 1131 1837 1166 cum
1868 1118 2098 1182 artifice3
2132 1120 2276 1185 quod
2315 1120 2393 1180 fit,
2431 1131 2620 1172 muta-

1553 1194 1644 1235 tur
1672 1201 1795 1236 cum
1825 1196 2082 1253 tempore.
2117 1190 2237 1239 Non
2269 1190 2415 1240 enim
2432 1192 2622 1243 omnia

1553 1272 1675 1323 quae
1716 1257 1850 1309 facta
1891 1270 2019 1311 sunt
2055 1262 2255 1312 habent
2293 1262 2480 1323 vitam,
2520 1279 2622 1315 nec

1551 1339 1681 1379 sunt
1703 1329 1813 1381 vita
1848 1330 1906 1381 in
1935 1346 2009 1392 se,
2051 1332 2153 1382 hoc
2182 1343 2279 1393 est,
2326 1333 2382 1383 in
2427 1344 2623 1385 natura

1552 1415 1651 1450 sua
1693 1400 1750 1451 in
1791 1417 1897 1467 qua
1939 1413 2064 1453 sunt
2099 1414 2159 1454 ut
2199 1416 2451 1456 creaturae
2498 1423 2511 1456 ε
2557 1417 2622 1457 ut

1548 1481 1733 1521 tamen
1764 1484 1892 1524 sunt
1934 1474 1991 1523 in
2023 1475 2134 1525 Deo
2173 1486 2226 1526 et
2262 1486 2374 1526 arte
2414 1476 2620 1538 divina,

1553 1557 1675 1606 quae
1703 1553 1783 1593 est
1809 1544 1918 1597 vita
1954 1544 2007 1594 in
2052 1561 2108 1595 se
2148 1556 2276 1596 sunt
2315 1547 2440 1606 vita,
2488 1548 2622 1613 quia

1555 1611 1632 1661 ibi
1678 1613 1879 1665 habent
1934 1617 2204 1681 exemplar
2251 1626 2304 1667 et
2349 1618 2621 1669 rationem

1553 1682 1841 1734 viventem.
1859 1686 2060 1736 Omnia
2077 1703 2308 1754 namque
2325 1704 2445 1754 quae
2469 1700 2620 1740 tem-

1557 1756 1811 1822 poraliter
1830 1757 1989 1819 fiunt,
2015 1760 2098 1809 vel
2127 1759 2261 1810 facta
2276 1771 2421 1821 sunt,
2444 1762 2511 1810 ab
2535 1777 2620 1813 ae-

1553 1839 1705 1879 terno
1722 1828 1863 1890 fecit,
1894 1830 1950 1880 id
1977 1841 2073 1892 est,
2118 1832 2285 1883 facere
2324 1834 2618 1899 disposuit,

1559 1909 1611 1949 et
1639 1899 1957 1966 priusquam
1988 1900 2167 1953 fierint
2206 1903 2338 1953 facta
2374 1916 2618 1967 noverat,

1553 1981 1607 2022 et
1640 1972 1699 2022 in
1727 1973 1842 2039 ejus
1874 1985 2053 2025 mente
2081 1986 2132 2026 et
2161 1973 2442 2041 praesentia
2461 1977 2620 2029 vive-

1557 2046 1684 2097 bant
1715 2056 1768 2097 et
1796 2047 2077 2114 vigebant;
2109 2050 2237 2116 quia
2273 2050 2453 2100 omnia
2491 2060 2622 2103 ante

1559 2118 1750 2168 mundi
1794 2118 2013 2169 initium
2053 2120 2111 2170 in
2152 2121 2269 2188 ipso
2322 2122 2419 2172 Dei
2470 2121 2619 2174 Filio

1555 2186 1847 2256 imaginata
1875 2200 2042 2252 erant,
2060 2201 2113 2242 et
2139 2201 2201 2242 ut
2223 2202 2406 2258 postea
2428 2193 2621 2245 fierent

1552 2263 1815 2329 disposita
1849 2276 2013 2326 erant,
2051 2281 2111 2316 ac
2150 2282 2244 2331 per
2305 2267 2407 2317 hoc
2458 2268 2618 2333 quasi

1553 2331 1687 2383 facta
1744 2345 1892 2385 erant
1964 2345 2016 2386 et
2062 2336 2344 2387 vivebant.
2410 2338 2617 2389 Vivunt

1556 2402 1704 2453 enim
1734 2404 1915 2455 omnia
1944 2420 2065 2472 quae
2100 2406 2156 2456 in
2182 2406 2278 2456 Dei
2310 2406 2618 2472 dispositio-

1559 2492 1627 2527 ne
1658 2487 1811 2541 sunt;
1852 2478 1980 2544 quia
2010 2479 2147 2530 sicut
2179 2479 2439 2544 disposita
2464 2491 2614 2542 sunt,

1552 2562 1663 2597 non
1704 2547 1917 2598 evenire
1960 2564 2068 2598 non
2121 2560 2363 2615 possunt.
2415 2550 2485 2600 Et
2536 2550 2617 2601 sic

1552 2627 1695 2683 patet
1747 2617 1941 2668 modus
1998 2633 2093 2685 per
2146 2635 2309 2685 quem
2360 2629 2616 2672 creaturae

1552 2688 1848 2754 procedunt
1873 2703 1905 2738 a
1941 2688 2136 2749 Verb0‚
2183 2689 2443 2750 videlicet,
2473 2690 2617 2741 sicut

1550 2756 1825 2807 artificiata
1846 2758 1914 2807 ab
1940 2758 2140 2809 artifice
2175 2760 2257 2810 vel
2304 2771 2431 2811 arte.
2477 2761 2614 2812 Pro—

1556 2837 1677 2893 pter
1704 2827 1848 2893 quod
1873 2828 2003 2878 dicit
2024 2829 2245 2880 Boetius
2275 2848 2291 2880 .-

1549 3004 2029 3020 ........................
2044 2970 2127 3019 Tu
2170 2976 2355 3020 cuncta
2386 2983 2618 3037 superno

1547 3038 1719 3088 Ducis
1763 3039 1835 3089 ab
1872 3039 2134 3105 exemplo,
2161 3040 2444 3105 pulchrum
2478 3041 2617 3105 pul-

2136 3109 2448 3174 [cherrimus
2479 3109 2614 3175 ipse,

1547 3179 1811 3231 Mundum
1860 3186 2030 3229 mente
2072 3195 2298 3247 gerens,
2348 3181 2620 3247 similique

1968 3251 2056 3317 [ab
2084 3254 2321 3320 imagine
2336 3254 2613 3319 formanS.

1553 3391 1827 3442 Moraliter
1875 3403 1956 3443 est
1982 3393 2072 3444 hic
2117 3394 2434 3455 notandum,
2465 3395 2616 3458 quod

1555 3477 1695 3529 opus
1731 3461 1947 3514 virtutis
1999 3475 2079 3515 est
2118 3481 2255 3531 opus
2302 3466 2441 3525 vitae,
2473 3463 2615 3515 sicut

1556 3549 1717 3599 opera
1747 3533 1942 3585 vitiosa
1978 3535 2231 3586 dicuntur
2262 3552 2421 3601 opera
2459 3551 2615 3585 mor-

1551 3604 1622 3654 tis
1654 3620 1667 3653 :
1702 3620 1839 3670 opus
1867 3615 2044 3655 autem
2072 3606 2304 3666 virtutiS‚
2335 3606 2447 3656 sive
2474 3621 2617 3671 opus

1558 3677 1786 3737 bonum,
1849 3677 2034 3727 nullus
2088 3687 2336 3743 operatur
2398 3676 2504 3728 nisi
2552 3677 2613 3728 in

1553 3747 1683 3799 Deo,
1715 3747 1773 3797 Si
1800 3748 1882 3798 vis
1942 3748 2106 3814 igitur
2153 3748 2286 3799 scire
2349 3764 2418 3799 an
2472 3764 2614 3814 opus

1559 3829 1715 3869 tuum
1742 3817 1814 3868 sit
1835 3818 2037 3879 vivum,
2068 3818 2122 3868 id
2149 3829 2248 3880 est,
2279 3819 2323 3869 si
2364 3820 2435 3870 sit
2474 3835 2614 3884 opus

1559 3888 1794 3952 virtutis»,
1825 3887 1938 3943 sive
1965 3905 2102 3956 opus
2136 3890 2340 3942 bonum
2376 3900 2427 3941 et
2466 3888 2614 3941 divi-
