2784 4452
655 295 1010 347 SERMONIS
1044 292 1114 343 IN
1150 291 1408 342 MONTE
1438 291 1956 346 CONTINUATIO.

183 412 520 476 necessariis,
547 423 835 480 antequam
864 410 1155 461 contendas
1195 408 1253 458 in

179 486 400 552 judici0‚
430 486 634 537 sustine
679 486 862 551 potius
899 495 960 535 ut
986 483 1255 536 auferatur

178 564 283 615 tibi
308 575 362 614 et
379 565 650 630 reliquum
673 565 739 615 de
757 564 854 615 eis.
880 564 996 614 Hoc
1013 576 1251 628 quoque,

178 635 481 686 secundum
516 636 901 700 Augustinum,
929 634 998 684 ad
1041 648 1254 700 praepa—

176 706 446 757 rationem
480 707 678 766 cordis,
714 724 823 757 non
863 707 931 757 ad
981 704 1252 757 ostensio-

177 792 307 827 nem
336 776 514 842 operis
553 777 982 843 intelligendum.
1023 775 1104 825 Ex
1148 774 1252 824 hoc

179 847 344 898 etiam
381 857 536 914 potes
569 847 797 907 trahere,
821 858 883 898 ut
911 846 960 897 si
985 846 1112 912 quis
1137 845 1253 895 vult

176 918 420 972 tunioem
468 928 617 968 tuam
664 919 866 979 tollere,
901 918 957 968 id
998 926 1081 967 est
1126 915 1251 965 ani-

177 1005 346 1049 mam,
383 990 468 1040 vel
514 989 770 1040 interiora
809 991 972 1053 bona,
1011 988 1253 1039 dimittas

176 1061 437 1127 pallium,
481 1061 538 1111 id
588 1071 667 1111 est
710 1060 974 1112 exteriora
1019 1058 1252 1126 negotia.

176 1131 286 1184 Ubi
318 1131 744 1199 Chrysostomus
772 1150 791 1181 .-
823 1150 850 1178 «
879 1131 937 1181 Si
969 1131 1119 1181 litem
1147 1129 1248 1180 tibi

173 1202 378 1253 videris
406 1202 802 1263 imminentem,
823 1202 984 1252 etiam
1011 1202 1104 1254 illa
1126 1216 1251 1268 quae

179 1292 295 1328 non
346 1276 547 1342 poteris
608 1277 865 1343 indulge3
918 1276 1116 1327 melius
1164 1276 1252 1327 'est

178 1348 327 1399 enim
355 1348 532 1414 jurgio
563 1349 795 1406 liberari,
825 1365 989 1416 quam
1019 1349 1252 1400 retinere

177 1420 462 1471 materiam
516 1420 835 1486 jurgiorum.
900 1420 1129 1471 Difficile
1173 1429 1254 1471 est

88 1481 99 1492 ”
175 1506 294 1541 rem
324 1491 620 1553 dimittere3
649 1492 743 1541 sed
769 1491 1043 1542 difficilius
1069 1492 1136 1541 de
1161 1491 1253 1556 ju-

174 1564 321 1615 dicio
360 1564 479 1615 sine
521 1575 735 1630 peccato
773 1565 937 1616 exire.
973 1584 1002 1614 x>
1050 1565 1118 1616 Et
1150 1564 1253 1615 ite-

174 1649 302 1684 rum
334 1652 348 1685 2
386 1652 414 1680 α
455 1635 576 1684 Non
624 1635 827 1695 solum,
877 1633 1075 1701 inquit,
1104 1634 1253 1700 inju-

174 1704 314 1756 riam
405 1705 616 1771 patiens
639 1744 653 1769 ,
723 1705 863 1757 nihil
954 1706 1252 1756 iracundiae

175 1792 397 1828 moveas
447 1778 702 1828 adversus
750 1794 903 1840 eum,
947 1777 1044 1844 qui
1099 1778 1252 1843 inju-

173 1846 316 1899 riam
376 1846 525 1910 facit,
554 1857 606 1898 et
645 1864 755 1899 non
796 1851 976 1900 solum
1022 1864 1119 1914 pro
1160 1848 1250 1902 his

174 1931 315 1983 quae·
349 1917 568 1968 abstulit
610 1935 720 1968 non
768 1919 1107 1986 indigneris;
1154 1920 1251 1970 sed

174 1995 230 2038 et
253 1986 301 2038 si
327 1986 459 2052 quid
484 1987 584 2037 tibi
615 1986 750 2039 forte
773 1989 1124 2054 subrelictum
1150 1999 1250 2053 est,

174 2055 234 2108 id
262 2066 454 2122 sponte
493 2058 687 2123 largire
715 2059 763 2110 ei
797 2060 893 2126 qui
935 2070 1112 2111 totum
1146 2061 1249 2111 ab-

160 2129 351 2180 stulit.
384 2130 523 2180 Cum
553 2131 701 2181 enim
734 2133 825 2182 ille
860 2134 1023 2183 talem
1064 2143 1116 2183 te
1156 2132 1251 2184 in-

171 2200 403 2262 venerit,
432 2202 710 2268 resipiscet
739 2204 1014 2264 continu0,
1046 2214 1098 2255 et
1128 2204 1251 2255 facti

172 2273 385 2339 pigebit
404 2290 548 2325 eum.
570 2296 597 2323 η
625 2277 726 2327 Ubi
747 2288 799 2327 et
819 2279 1013 2347 Beda:
1037 2296 1066 2325 ι(
1092 2278 1249 2338 Quod

173 2344 244 2394 de
290 2345 614 2397 vestimento
677 2359 730 2398 et
788 2349 972 2400 tunica
1043 2349 1248 2414 dictum

173 2424 277 2475 est,
312 2431 424 2466 non
473 2417 530 2467 in
573 2419 652 2468 eis
693 2420 851 2482 solis,
887 2422 980 2471 sed
1019 2421 1077 2471 in
1122 2437 1248 2472 om·-

173 2486 341 2539 nibus
393 2486 697 2539 faciendum
743 2502 851 2552 est,
893 2506 1018 2557 quae
1067 2492 1251 2559 aliquo

170 2559 290 2623 jure
339 2561 705 2624 temporaliter
752 2572 934 2614 nostra
987 2579 1105 2616 esse
1160 2565 1251 2616 di·-

171 2629 368 2682 cimus.
437 2630 494 2681 Si
564 2631 711 2682 enim
792 2634 859 2683 de
935 2635 1250 2687 necessariis

172 2700 281 2751 hoc
338 2700 662 2766 imperatum
710 2714 794 2755 est
814 2743 828 2766 ,
874 2716 1080 2772 quanto
1138 2723 1253 2758 ma-

169 2769 257 2835 gis
307 2771 580 2836 superflua
628 2784 973 2827 contemnere
1021 2788 1248 2843 oportet.

172 2841 287 2890 Lex
351 2841 518 2907 igitur
580 2854 699 2909 est,
752 2855 816 2896 ut
873 2847 1094 2900 alterius
1136 2865 1247 2900 non

173 2910 357 2972 tollas,
398 2913 497 2962 etsi
545 2924 701 2965 tuum
745 2933 859 2967 non
907 2919 1034 2981 das;
1082 2920 1251 2985 gratia

169 2991 381 3043 autem,
406 2995 469 3034 ut
496 2994 549 3036 et
580 2987 801 3038 alterius
843 3006 956 3041 non
1004 2992 1160 3044 tollas
1197 3003 1250 3044 et

169 3060 333 3102 tuum
385 3052 496 3105 des,
538 3074 565 3104 n
608 3058 921 3110 Secundum
973 3063 1248 3127 Augusti-

174 3135 319 3183 num,
351 3123 446 3187 qui
486 3136 676 3190 sponte
713 3131 797 3179 vel
843 3131 1122 3182 convictus
1154 3149 1250 3198 pe-

174 3192 394 3245 cuniam
435 3195 673 3248 debitam
724 3201 945 3253 reddere
997 3205 1250 3267 noluerit,

173 3261 235 3312 in
274 3272 485 3315 tantum
531 3278 592 3318 ut
631 3270 761 3320 velit
807 3272 1033 3339 litigare,
1075 3275 1253 3327 dimit-

171 3335 337 3387 tenda
363 3336 440 3387 illi
465 3348 572 3402 est;
606 3357 821 3394 servum
850 3346 995 3396 enim
1013 3347 1117 3399 Dei
1139 3365 1249 3399 non

170 3418 384 3488 oportet
407 3410 634 3477 litigare,
658 3429 911 3469 manente
933 3419 1023 3471 illa
1044 3423 1250 3488 regula.

169 3487 235 3528 ut
268 3493 454 3530 animo
484 3494 699 3548 paratus
726 3487 796 3538 sit
829 3489 1077 3542 amittere
1102 3494 1249 3558 quod

169 3546 280 3599 sibi
323 3550 565 3603 debetur.
624 3556 760 3606 Nam
806 3559 852 3608 si
896 3563 1135 3616 modeste
1190 3579 1252 3614 ac

169 3621 364 3673 leviter
391 3627 617 3677 omnino
656 3631 825 3696 egerit
849 3642 910 3684 ut
937 3634 1040 3686 sibi
1088 3637 1250 3689 resti-

169 3698 373 3753 tuatur,
401 3710 509 3744 non
543 3706 653 3748 tarn
697 3699 983 3756 intendens
1015 3704 1249 3757 fructum

172 3763 438 3843 pecuniae,
468 3782 634 3832 quam
664 3781 727 3821 ut
753 3773 1034 3826 hominem
1076 3777 1249 3828 corri-

172 3840 284 3896 gat,
310 3848 396 3883 cui
426 3834 546 3887 sine
573 3839 743 3891 dubio
771 3844 1137 3907 perniciosum
1169 3856 1251 3899 est

171 3901 376 3958 habere
398 3909 543 3961 unde
569 3911 774 3978 reddat,
790 3926 842 3967 et
858 3931 969 3970 non
992 3919 1245 3972 reddere:

2324 298 2431 350 335

1360 431 1471 465 non
1486 416 1664 467 solum
1682 433 1791 468 non
1809 419 2067 484 peccabit,
2084 421 2176 470 sed
2192 422 2432 486 proderit

1358 486 1520 536 etiam
1567 488 1885 553 plurimum,
1941 504 2007 539 ne
2051 490 2159 551 ille,
2197 492 2329 542 dum
2366 494 2427 543 in

1357 560 1460 610 alia
1515 560 1745 625 pecunia
1795 563 2004 612 lucrum
2073 563 2241 613 facere
2289 567 2431 627 vult..

1356 630 1618 681 damnum
1648 630 1771 681 fidei
1799 633 2046 699 patiatur.
2078 634 2235 693 Quod
2277 645 2426 688 tanto

1356 711 1438 751 est
1458 702 1695 767 graviuS,
1722 713 1783 752 ut
1806 703 1959 753 nulla
1981 703 2055 753 sit
2075 707 2423 770 comparatio,

1358 774 1425 824 Et
1458 785 1586 825 nota
1624 777 1771 840 quod
1809 785 2047 841 repetere
2079 792 2178 827 sua
2204 780 2431 830 contin-

1355 846 1435 911 git
1462 848 1750 914 dupliciter
1778 851 1792 898 ὲ
1817 858 1911 899 aut
1932 865 2115 900 coram
2156 851 2331 916 judice
2372 854 2429 903 in

1324 917 1520 978 fideli,
1560 929 1616 970 et
1657 920 1736 970 sic
1773 921 2086 971 Christiano
2131 938 2242 972 non
2286 924 2434 984 licet,

1356 998 1410 1038 et
1440 990 1675 1040 maxime
1714 991 1810 1041 ubi
1848 991 2086 1043 Ecclesia
2126 992 2429 1045 libertatem

1357 1061 1552 1125 habet;
1584 1065 1677 1113 aut
1704 1079 1888 1114 coram
1917 1065 2082 1126 fideli,
2108 1076 2164 1116 et
2188 1066 2296 1117 hoc
2319 1069 2431 1118 du·-

1359 1131 1571 1196 pliciter
1618 1150 1633 1183 :
1682 1143 1774 1183 aut
1822 1135 2154 1185 contentiose
2200 1147 2256 1187 et
2305 1154 2429 1188 cum

1357 1200 1560 1264 fraude,
1582 1212 1635 1253 et
1654 1203 1731 1252 sic
1753 1203 1888 1254 nulli
1910 1204 2172 1267 licet;aut
2189 1209 2432 1258 modeste

1358 1281 1410 1321 et
1431 1288 1555 1322 cum
1581 1273 1804 1337 justitia,
1825 1283 1877 1323 et
1902 1274 1981 1324 sic
2004 1275 2238 1328 infirmis
2260 1287 2312 1328 et
2336 1278 2433 1327 im-

1357 1343 1607 1408 perfectis
1649 1345 1806 1408 licet3
1837 1346 2158 1412 simpliciter
2184 1365 2310 1400 vero
2337 1366 2433 1401 re·

1356 1426 1537 1482 petere
1578 1418 1697 1468 sine
1744 1420 2086 1471 contentione
2124 1431 2177 1472 et
2224 1422 2431 1485 fraude,

1359 1506 1471 1540 non
1491 1506 1668 1541 coram
1694 1491 2169 1556 judice,-omnibus
2195 1495 2332 1547 licet.
2353 1497 2434 1548 De

1357 1560 1629 1627 religiosis
1656 1577 1782 1612 vero
1816 1577 1912 1613 sua
1940 1579 2051 1614 non
2084 1564 2439 1627 habentibuS,

1357 1640 1437 1681 est
1479 1631 1762 1683 sciendum
1800 1634 1947 1699 quod
1989 1646 2227 1701 repetere
2249 1636 2435 1704 aliqua

1358 1702 1623 1769 contingit
1665 1704 1953 1770 dupliciter
1983 1722 1999 1756 :
2031 1717 2124 1758 aut
2156 1719 2217 1758 ut
2247 1708 2432 1775 aliqua

1358 1787 1576 1842 propter
1635 1777 1924 1829 utilitatem
1993 1781 2266 1847 propriam
2289 1821 2303 1844 ,
2356 1784 2432 1834 sic

1357 1846 1608 1911 perfectis
1635 1864 1745 1898 non
1784 1848 1937 1913 licet;
1970 1860 2064 1902 aut
2108 1862 2168 1902 ut
2206 1868 2432 1919 congre-

1356 1918 1589 1984 gationis
1620 1930 1838 1985 propter
1865 1921 2154 1972 utilitatem
2187 1938 2433 1975 commu—

1356 2005 1499 2050 nem,
1538 1990 1618 2041 sic
1654 1990 1778 2041 licet
1815 1991 1979 2042 etiam
2025 1993 2291 2058 perfectis,
2334 1995 2430 2061 qui

1354 2060 1455 2110 etsi
1491 2077 1598 2110 non
1627 2060 1830 2112 habent
1872 2078 1970 2111 sua
2000 2062 2057 2112 in
2090 2064 2324 2128 propri0,
2346 2074 2446 2116 ‘ta—-

1356 2146 1480 2180 men
1510 2130 1714 2182 habent
1736 2130 1796 2180 in
1824 2133 2123 2196 communi,
2152 2143 2204 2182 et
2232 2132 2306 2183 ita
2339 2150 2433 2185 no-

1357 2201 1507 2252 mine
1554 2202 1961 2254 communitatis
2006 2203 2133 2254 licet
2175 2214 2444 2271 repetere.-

1355 2275 1452 2326 Vel
1482 2273 1530 2324 si
1575 2290 1684 2325 non
1731 2275 1931 2325 habent
1973 2276 2305 2338 dominium,
2331 2292 2431 2328 nec

1356 2348 1413 2398 in
1453 2349 1753 2411 communi,
1790 2365 1889 2400 nec
1939 2349 1996 2400 in
2044 2351 2281 2417 proprie,
2326 2352 2432 2403 ha-

1355 2420 1486 2470 bent
1515 2429 1694 2470 tamen
1723 2436 1808 2472 res
1834 2421 1902 2470 ad
1940 2436 2102 2472 usum
2131 2423 2445 2487 deputatas„

1355 2492 1561 2542 Tamen
1606 2490 1779 2556 magis
1822 2492 2099 2557 expediret
2142 2492 2306 2556 judici
2354 2509 2432 2544 se-

1354 2571 1500 2612 creto
1550 2560 1881 2627 significare,
1924 2578 2087 2629 quam
2133 2561 2186 2611 in
2230 2563 2429 2628 judicio

1354 2643 1609 2700 repetere.

1415 2719 1455 2768 4
1484 2704 1629 2764 Qun>
1652 2719 1734 2754 srr
1762 2720 2012 2766 manu,
2032 2721 2100 2754 ετ
2123 2721 2237 2763 Quo
2268 2721 2430 2757 seusu

1354 2776 1664 2827 sun-auum?
1694 2805 1756 2815 -
1784 2777 1992 2828 Deinde
2015 2777 2294 2843 subjungit
2319 2779 2433 2830 :Et

1356 2847 1650 2914 quicunque
1681 2854 1731 2899 te
1741 2849 2123 2915 angariaverit
2143 2850 2290 2900 mille
2299 2863 2429 2916 pas-

1356 2930 1469 2978 suS,
1501 2917 1640 2968 vade
1676 2932 1795 2968 cum
1838 2933 1901 2969 eo
1941 2918 2056 2968 alia
2098 2919 2222 2981 duo,
2254 2919 2309 2969 id
2352 2929 2432 2970 est

1353 2987 1617 3052 patienter
1663 2986 1821 3049 feras,
1868 2988 1914 3038 si
1969 2989 2207 3054 amplius
2247 2999 2302 3040 te
2353 2990 2434 3041 ire

1354 3069 1612 3125 oporteat.
1645 3061 1900 3126 Angaria
1952 3061 2149 3113 dicitur
2203 3062 2430 3113 indebiti

1356 3132 1560 3183 servitii
1592 3133 1860 3199 exigentia
1900 3134 1958 3185 in
1997 3136 2212 3202 propria
2252 3150 2435 3201 perso-

1357 3218 1445 3261 na,
1484 3202 1568 3252 vel
1610 3218 1949 3270 quaecunque
1988 3206 2189 3257 coactio
2214 3205 2430 3270 injusta.

1359 3276 1513 3326 Unde
1541 3277 1844 3343 angariare
1877 3288 1958 3330 est
1998 3280 2190 3346 inique
2217 3293 2312 3328 seu
2338 3278 2448 3328 in·-

1354 3347 1496 3412 juste
1523 3346 1708 3412 aliquo
1738 3349 1903 3400 modo
1938 3351 2167 3410 trahere,
2190 3349 2272 3399 vel
2303 3364 2435 3415 per-

1356 3416 1564 3467 sonalia
1603 3417 1866 3484 obsequia
1907 3434 1962 3471 et
2003 3433 2166 3484 opera
2215 3418 2434 3485 impen-

1355 3487 1511 3546 dere,
1554 3488 1913 3554 opprimendo
1963 3491 2019 3541 in
2075 3504 2333 3556 persona,
2377 3500 2432 3541 et

1356 3560 1641 3624 gravando,
1691 3562 1791 3613 Est
1832 3579 1958 3629 ergo
2004 3577 2193 3613 sensus
2231 3579 2244 3612 ε
2286 3562 2447 3623 Ωιιί-

1355 3645 1570 3697 cunque
1597 3640 1649 3682 te
1678 3632 1736 3683 in
1766 3633 1984 3683 servitio
2020 3633 2278 3694 indebite,
2311 3632 2433 3683 sine

1354 3711 1569 3766 peccato
1605 3712 1805 3765 tamen,
1836 3704 2068 3769 coegerit
2102 3704 2330 3768 servire;
2362 3703 2432 3755 ad

1353 3771 1458 3822 hoc
1498 3773 1661 3824 etiam
1710 3774 1783 3825 ita
1822 3774 1985 3826 debes
2031 3785 2247 3842 paratus
2292 3791 2430 3840 esse,

1354 3859 1418 3900 ut
1434 3852 1670 3918 amplius
1690 3853 1799 3919 pati
1819 3853 1970 3916 velis,
1986 3870 2153 3922 quam
2173 3854 2265 3908 ille
2283 3863 2431 3921 optat

1353 3921 1570 3977 inferre.
1612 3925 1751 3977 Nam
1794 3926 1943 3980 mille
1978 3942 2172 3995 passus
2208 3936 2293 3981 est
2328 3927 2450 3981 iter·
