2784 4452
236 348 345 402 266

221 468 396 530 scula,
425 482 537 518 non
561 477 740 519 tamen
771 466 1070 533 pecuniam,
1104 480 1175 518 ne
1207 479 1296 516 ar-

234 548 524 605 guerentur
571 538 854 591 manifeste
899 537 1069 590 facere
1117 546 1298 589 contra

236 610 453 676 Legem,
480 610 654 662 dando
677 610 744 660 ad
787 625 1026 662 usuram.
1073 608 1152 659 Et
1178 622 1297 660 cum

216 679 458 745 fecisset
505 681 663 733 Jesus
713 680 872 747 quasi
905 680 1201 748 flagellum
1234 679 1299 731 de

240 749 483 808 staticulo
521 752 675 819 eJ‘ccit
715 765 912 816 omna,
939 752 1140 804 scilicet
1164 766 1301 803 ven-

238 825 445 887 dentes,
471 835 526 877 et
552 826 965 887 nummularios,
986 884 989 887 ,
1010 841 1072 877 ac
1095 839 1221 877 oves
1247 830 1300 876 et

240 897 414 958 boves,
437 898 502 946 de
530 897 730 962 templo
751 903 802 947 et
822 895 1299 947 nummulariorum

239 982 335 1030 σεε,
392 967 447 1017 id
475 977 557 1018 est
584 967 888 1033 pecuniam,
922 966 1128 1034 effudit,
1160 974 1214 1016 et
1241 965 1299 1016 in

237 1038 445 1089 diversa
497 1039 709 1104 sparsit,
732 1046 784 1089 et
829 1052 1042 1089 mensas
1089 1054 1297 1098 eorum,

233 1124 360 1175 quae
395 1120 544 1160 erant
577 1109 730 1176 quasi
775 1125 897 1161 vasa
935 1109 1296 1169 denariorum,

237 1183 512 1244 subvertit,
544 1192 596 1233 et
637 1183 841 1249 dejecit.
870 1183 948 1234 Et
967 1183 1053 1235 his
1088 1183 1180 1251 qui
1203 1197 1299 1234 co·-

228 1252 449 1304 lumbas
482 1254 788 1317 vendebant,
842 1255 990 1306 dixit
1030 1272 1048 1305 .·
1074 1255 1302 1321 Auferte

239 1326 347 1377 ista
360 1326 495 1389 hinc,
512 1326 578 1377 de
591 1328 707 1378 loco
720 1328 843 1389 isto,
855 1334 907 1379 et
920 1327 1082 1379 nolite
1087 1328 1297 1393 facere,

239 1414 396 1464 opere
426 1410 600 1450 vestro
627 1439 641 1461 ,
692 1402 904 1452 domum
945 1401 1137 1452 Patris
1181 1400 1298 1462 mei,

240 1485 361 1536 quae
406 1480 487 1521 est
534 1471 729 1526 domus
779 1471 1058 1537 orationis,
1092 1472 1303 1523 domum

228 1541 617 1606 negotiationis
636 1552 690 1593 et
705 1542 1064 1594 mercationis.
1102 1542 1193 1592 Bis
1219 1543 1302 1592 le-

236 1610 422 1677 gimus
465 1613 647 1663 Jesum
694 1613 995 1664 ascendisse
1027 1613 1302 1679 Jerosoly-

244 1697 430 1732 mam:
463 1682 516 1732 in
567 1684 769 1734 Pascha
811 1685 994 1744 semel,
1039 1685 1096 1734 in
1125 1683 1302 1750 primo

241 1769 383 1805 anno
430 1755 841 1820 praedicationiS,
875 1766 936 1807 ut
970 1756 1081 1820 hic;
1111 1766 1163 1807 et
1199 1756 1303 1806 ite·-

240 1840 365 1874 rum
398 1825 493 1876 illo
526 1840 667 1876 anno
714 1842 823 1892 quo
851 1842 1040 1892 passus
1063 1826 1183 1877 fuit.
1233 1827 1305 1877 Et

236 1895 331 1945 hic
367 1896 588 1961 quidem
641 1896 695 1947 in
723 1897 989 1963 principio
1013 1898 1304 1963 {signorum

242 1969 448 2035 expulit
490 1970 777 2021 vendentes
820 1971 887 2020 de
925 1971 1155 2036 templo;
1211 1971 1304 2021 sed

250 2041 484 2091 secundo
520 2041 585 2091 ad
626 2041 935 2092 Passionem
973 2044 1196 2093 veniens
1222 2059 1308 2093 ex-

242 2111 385 2178 pulit
418 2114 706 2164 vendentes
744 2122 798 2164 et
849 2123 1088 2165 ementes
1114 2113 1307 2167 durius

243 2184 470 2250 agendo,
504 2184 676 2237 multo
701 2184 903 2253 quippe
931 2185 1101 2251 major
1126 2199 1308 2238 nume·

238 2270 338 2305 rus
384 2265 495 2306 erat
534 2255 831 2305 ementium
860 2271 1025 2322 quam
1063 2258 1307 2308 venden-

244 2327 403 2391 tium,
437 2328 538 2379 Hic
563 2344 797 2396 quoque,
826 2328 1049 2381 remissa
1070 2330 1306 2396 quadam

242 2401 624 2468 increpatione,
657 2401 843 2465 utitur,
869 2402 1052 2454 dicens
1077 2419 1095 2453 z
1120 2402 1309 2455 Nolite

232 2473 432 2539 jacere
474 2472 682 2524 domum
710 2474 893 2539 patris
925 2474 1044 2537 mei,
1096 2474 1306 2525 domum

246 2543 627 2610 negotiationis
637 2560 659 2606 ,·
705 2543 782 2594 ibi
831 2554 1010 2596 autem
1066 2544 1306 2597 duriori-

244 2614 348 2665 bus
376 2613 719 2666 sermonibus
762 2615 1028 2676 utebatur,
1074 2615 1255 2674 dicens
1288 2631 1304 2666 z

242 2685 435 2738 Nolite
444 2685 637 2750 facere
662 2685 874 2737 domum
891 2700 1063 2737 meam
1087 2686 1305 2753 spelun-

243 2770 365 2808 cam
420 2756 687 2807 latronum
703 2793 720 2817 ‚
777 2765 877 2807 etc.
925 2756 1073 2807 Fecit
1123 2766 1304 2809 autem

228 2825 524 2893 flagellum
551 2827 620 2876 de
636 2826 921 2892 funiculis,
951 2827 1099 2895 quia,
1118 2842 1307 2879 secun·

244 2897 376 2948 dum
396 2898 776 2962 Augustinum,
826 2897 893 2949 de
930 2896 1158 2964 peccatis
1198 2914 1305 2949 no-

243 2966 370 3019 stris
444 2967 612 3019 sumit
664 2967 941 3018 materiam
986 2969 1134 3020 unde
1203 2984 1305 3021 nos

248 3038 456 3106 puniat.
510 3038 628 3105 Ipsa
663 3039 810 3090 enim
859 3039 1140 3105 protelatio
1176 3055 1305 3108 pec-

246 3121 484 3164 catorum
503 3149 518 3171 ,
558 3112 855 3162 secundum
904 3112 1051 3179 quod
1095 3123 1306 3180 peccata

241 3181 471 3249 peccatis
497 3182 784 3243 adduntur,
827 3182 1050 3250 quidam
1074 3182 1305 3236 funiculi

244 3252 519 3304 dicuntur.
560 3251 717 3304 Unde
760 3251 818 3303 in
849 3253 1151 3305 Proverbiis
1172 3253 1308 3304 dici·

245 3332 352 3388 tur,
376 3324 523 3391 quod
565 3323 758 3390 impius
797 3321 1018 3381 funibus
1051 3331 1305 3390 peccato-

238 3409 366 3445 rum
393 3409 611 3447 suorum
637 3396 1046 3463 constringitur.

305 3465 335 3517 3
397 3467 635 3518 Μγετιοε
655 3506 671 3528 ,
727 3483 864 3526 quin
910 3480 1305 3518 mutuemus

240 3553 345 3590 na
373 3553 521 3600 ovas,
546 3554 724 3600 novas,
767 3552 1037 3590 connisus
1059 3553 1126 3587 ετ
1155 3552 1305 3588 κυκ-

241 3607 537 3661 nutamus?
596 3637 658 3650 -·
702 3608 941 3675 Mymce,
1005 3607 1305 3659 secundum

238 3682 547 3747 Alcuiuum,
586 3683 832 3750 quotidie
859 3684 1003 3734 Deus
1044 3680 1304 3748 spiritua·-

238 3753 365 3804 liter
379 3753 666 3805 Ecclesiam
687 3769 839 3805 suam
865 3754 1031 3805 intrat
1054 3767 1068 3802 ε
1100 3761 1153 3805 et
1178 3767 1309 3819 qua·

242 3824 366 3875 liter
383 3825 758 3893 unusquisque
780 3834 1121 3877 conversetur
1141 3834 1309 3876 atten-

238 3894 340 3945 dit.
369 3895 664 3947 Caveamus
694 3912 821 3963 ergo
868 3912 938 3948 ne
976 3896 1034 3947 in
1070 3895 1309 3949 Ecclesia

241 3966 361 4028 Dei,
381 3965 596 4030 fabulis,
609 3970 692 4021 vel
710 3970 930 4033 risibus,
943 3970 1028 4022 vel
1038 3964 1200 4033 odiis,
1221 3967 1308 4023 vel

845 345 1086 400 PRIMAE
1121 344 1368 398 PARTIS
1399 343 1634 398 CAPUT
1658 344 1847 397 xxvi.

1401 462 1785 530 cupiditatibus
1810 479 2086 527 vacemus3
2123 479 2191 517 ne
2214 462 2465 529 improvi-

1402 552 1496 591 sus
1507 537 1732 591 veniens
1758 554 1859 590 nos
1885 538 2130 605 flagellet,
2143 547 2195 588 et
2212 539 2278 588 de
2294 537 2463 591 Eccle-

1399 609 1481 659 sia
1494 624 1592 661 sua
1617 625 1719 662 nos
1742 609 1933 674 ejiciat.
1961 609 2266 661 Secundum
2279 610 2465 675 Augu·

1402 680 1616 744 stim,
1640 681 1932 732 vendentes
1959 680 2018 732 in
2044 678 2275 733 Ecclesia
2312 689 2462 743 sunt,

1402 753 1500 820 qui
1522 768 1644 820 φησι
1663 767 1763 807 sua
1787 759 1911 805 sunt
1923 760 2184 820 quaerunt‚
2212 767 2314 805 non
2344 765 2464 818 φα

1399 827 1535 877 Jesu
1558 826 1807 879 christi.-
1836 826 2021 878 venale
2047 835 2223 877 totum
2247 824 2465 889 habent,

1402 895 1530 961 quia
1586 895 1777 948 redimi
1808 897 2016 948 volunt.
2045 897 2118 948 Et
2163 905 2289 949 nota
2319 896 2466 962 quod

1405 980 1498 1031 per
1525 981 1650 1016 oves
1688 966 2017 1027 innocentes,
2052 982 2171 1033 quae
2213 981 2312 1017 suo
2348 967 2467 1017 vel-

1404 1038 1512 1086 lere
1532 1036 1825 1088 vestiendis
1849 1038 2085 1103 praebent
2115 1052 2276 1103 opera
2297 1053 2466 1087 mun-

1384 1107 1550 1173 ·ditiae
1566 1117 1619 1158 et
1647 1108 1878 1174 pietatis,
1900 1109 2184 1176 signantur
2206 1124 2326 1175 quae
2346 1123 2468 1160 ven·

1403 1180 1625 1242 duntur,
1653 1180 1786 1230 dum
1810 1197 1906 1247 pro
1930 1182 2084 1231 laude
2108 1181 2346 1231 humana
2364 1181 2467 1232 sub

1405 1250 1676 1317 hypocrisi
1701 1261 1752 1302 et
1786 1252 1844 1301 in
1893 1252 2133 1303 vestibus
2161 1252 2346 1303 ovium
2370 1266 2467 1319 ge-

1405 1331 1615 1373 runtur.
1642 1322 1946 1389 Hypocritae
1973 1339 2207 1389 namque
2230 1333 2467 1373 mentem

1405 1393 1649 1459 lupinam
1715 1394 1916 1445 habent
1965 1395 2065 1444 sub
2112 1394 2271 1444 ovina
2313 1393 2466 1459 pelle.

1410 1465 1507 1516 Per
1562 1464 1724 1518 boves
1768 1465 1869 1534 qui
1896 1474 2066 1526 arant,
2101 1464 2469 1531 praedicatores

1406 1535 1638 1586 coelestis
1716 1535 1970 1587 doctrinae
2066 1533 2466 1601 significantur;

1405 1622 1545 1673 quos
1567 1608 1819 1672 vendunt,
1848 1608 1942 1674 qui
1990 1623 2101 1658 non
2147 1622 2327 1657 amore
2350 1604 2469 1666 Dei,

1406 1678 1499 1728 sed
1538 1693 1635 1743 pro
1688 1688 1897 1744 quaestu
1949 1677 2226 1743 temporali
2273 1676 2472 1743 praedi-

1408 1757 1548 1798 cant.
1575 1750 1674 1798 Per
1697 1749 1858 1800 boves
1880 1749 2059 1808 etiam,
2091 1748 2184 1814 qui
2215 1746 2471 1798 laboriosi

1408 1829 1536 1870 sunt
1580 1819 1783 1886 signari
1839 1829 2065 1886 possunt
2106 1819 2186 1869 illi
2231 1817 2325 1884 qui
2351 1833 2473 1870 ma·-

1406 1907 1544 1958 guos
1571 1892 1781 1942 labores
1808 1891 2078 1942 sustinent
2115 1906 2212 1956 pro
2242 1888 2472 1952 diviniS,

1410 1974 1470 2016 ut
1493 1980 1586 2030 per
1614 1964 1717 2015 hoc
1740 1964 1798 2014 in
1842 1964 2076 2015 Ecclesia
2107 1964 2316 2014 valeant
2342 1978 2474 2030 pro-

1411 2037 1633 2088 moveri.
1673 2037 1965 2088 Columbas
1992 2037 2232 2087 vendunt
2257 2036 2352 2103 qui
2380 2051 2474 2086 ac-

1408 2119 1616 2175 ceptam
1682 2108 1916 2179 Spiritus
1973 2109 2153 2160 Sancti
2211 2108 2438 2175 gratiam
2455 2145 2470 2170 ,

1407 2195 1531 2247 quae
1560 2195 1655 2248 per
1692 2181 1997 2233 columbam
2048 2180 2326 2246 accipitur,
2359 2195 2477 2235 non

1410 2252 1594 2319 gratis,
1618 2252 1710 2303 sed
1743 2252 1809 2303 ad
1850 2252 2134 2336 praemium
2162 2253 2340 2304 dant:
2369 2252 2477 2307 etsi.

1411 2342 1522 2378 non
1546 2326 1613 2376 ad
1635 2335 1905 2391 quaestum
1934 2325 2192 2390 pecuniae,
2228 2326 2293 2378 ad
2325 2325 2478 2393 vulgi

1411 2408 1590 2450 tamen
1630 2397 1868 2450 favorem
1916 2398 2189 2462 tribuunt3
2249 2413 2357 2450 nou
2407 2397 2479 2452 ad

1409 2472 1532 2524 vitae
1570 2471 1842 2533 meritum,
1872 2472 1966 2522 sed
2006 2472 2071 2522 ad
2107 2470 2333 2537 gratiam
2377 2471 2479 2525 lar*-

1411 2542 1651 2609 giuntur.
1685 2541 1953 2594 Nummos
1980 2552 2171 2592 mutuo
2195 2541 2254 2592 in
2291 2542 2480 2595 Eccle-

1411 2616 1491 2665 sia
1531 2614 1679 2678 dant,
1709 2614 1804 2681 qui
1829 2630 1935 2667 non
1961 2614 2214 2666 simulate
2243 2612 2480 2666 coelesti-

1411 2688 1531 2747 bus,
1571 2687 1666 2739 sed
1707 2701 1738 2737 a
1780 2697 1927 2755 parte
1958 2686 2186 2738 terrenis
2214 2686 2379 2741 rebus
2417 2684 2480 2739 in

1413 2759 1647 2812 Ecclesia
1688 2759 1998 2813 deserviunt
2046 2776 2060 2809 ι
2103 2765 2156 2810 et
2202 2773 2320 2824 sua,
2371 2772 2481 2812 nous

1409 2831 1702 2897 quoeJesu,
1735 2835 2001 2897 quaerunt.
2038 2830 2275 2882 Domum
2312 2828 2480 2883 etiam

1410 2901 1633 2954 Domini
1688 2901 1915 2954 domum
1961 2898 2344 2966 negotiationis
2402 2897 2482 2954 fe·

1409 2973 1563 3025 ciunt
1589 2989 1701 3026 non
1725 2973 1905 3025 solum
1930 2972 2013 3032 hi,
2057 2971 2151 3023 sed
2175 2970 2338 3022 etiam
2371 2968 2476 3038 qui

1409 3045 1635 3127 gradum
1693 3045 1777 3097 vel
1824 3043 2049 3110 gratiam
2102 3041 2474 3108 spiritualem,

1408 3131 1574 3183 quam
1598 3116 1658 3168 in
1691 3114 1921 3168 Ecclesia
1948 3121 2315 3180 perceperunt,
2356 3126 2472 3166 non

1410 3186 1644 3252 simplici
1675 3185 1993 3246 intentione,
2041 3183 2133 3236 sed
2171 3197 2330 3235 causa
2357 3182 2472 3236 hu·-

1410 3274 1586 3310 manae
1612 3257 2000 3318 retributionis,
2030 3266 2294 3308 exercent.
2330 3256 2471 3309 Om-

1412 3345 1508 3383 nes
1529 3330 1662 3382 istos
1686 3328 1838 3393 ejecit
1867 3328 1934 3380 de
1963 3328 2166 3394 templo
2195 3326 2471 3389 Christus,

1408 3403 1631 3468 signans
1656 3400 1803 3467 quod
1830 3409 1959 3451 sunt
1998 3398 2198 3450 exclusi
2234 3400 2301 3449 de
2326 3408 2474 3452 tem·-

1410 3473 1500 3538 plo
1523 3470 1705 3538 gloriae
1724 3480 1920 3522 sanetae
1943 3468 2059 3521 Dei.
2102 3468 2209 3528 Qui
2229 3484 2357 3535 ergo
2380 3484 2477 3521 no-

1409 3547 1533 3596 lunt
1560 3545 1631 3596 de
1646 3542 1888 3596 Ecclesia
1909 3552 1965 3595 et
1979 3543 2047 3594 de
2068 3544 2233 3593 domo
2251 3541 2473 3602 coelesti,

1410 3616 1659 3669 veniente
1687 3614 1941 3675 Domino,
1972 3613 2189 3673 auferri,
2230 3613 2480 3667 auferam

1411 3688 1513 3739 ista
1537 3687 1608 3738 de
1634 3685 1843 3738 actibus
1867 3686 2010 3749 suis3
2042 3695 2096 3738 et
2122 3685 2190 3737 ab
2235 3683 2475 3737 avaritie

1409 3768 1464 3809 et
1484 3757 1734 3812 simonioe
1754 3766 1961 3809 cessent
1973 3755 2235 3823 negotiis3
2257 3754 2475 3820 ejiciun-

1412 3841 1501 3880 tur
1521 3829 1670 3881 enim
1689 3828 1758 3881 de
1772 3838 1921 3895 parte
1950 3827 2111 3888 sortis
2133 3828 2474 3886 Sanctorum,

1412 3901 1507 3968 qui
1546 3901 1686 3954 inter
1733 3902 1955 3954 sanctos
1996 3899 2187 3966 positi,
2229 3899 2314 3950 vel
2353 3897 2476 3951 ficte

1413 3972 1572 4034 bona,
1594 3972 1679 4025 vel
1703 3981 1885 4039 aperte
1902 3969 2285 4033 malefaciunt5
2312 3967 2470 4022 θεῶν·
