2784 4452
335 268 432 318 DE
461 265 783 318 SECUNDA
812 265 904 317 ET
932 264 1193 317 TERTIA
1226 264 1640 317 VOCATIONE
1666 265 2210 318 DISCIPULORUM.

178 399 335 446 num,
382 391 434 433 et
483 381 788 432 delectabile
829 381 894 433 ad
935 383 1249 448 potandum.

177 458 248 509 Et
282 453 531 521 quamvis
575 454 690 519 ejus
724 468 863 520 aqua
900 453 969 504 sit
997 453 1168 504 dulcis
1199 463 1250 504 et

178 543 293 579 non
323 540 519 585 amara,
548 524 747 575 dicitur
769 535 948 577 tamen
978 542 1143 587 mare,
1176 542 1251 577 se-

178 600 419 651 cundum
447 597 891 649 consuetudinem
920 597 1120 664 linguae
1150 599 1251 649 He-

178 670 391 729 braicae,
432 667 559 734 quia
591 682 842 733 magnam
880 666 1248 719 collectionem

176 755 462 807 aquarum,
500 738 611 788 sive
642 736 901 799 dulcium,
937 737 1048 789 sive
1079 740 1250 788 salsa-

176 827 323 871 rum,
375 817 527 860 vocat
582 807 844 857 Hebraeus
900 806 1143 866 Tharsis,
1194 807 1248 857 id

178 892 279 943 est,
305 895 469 941 mare,
503 879 797 929 secundum
822 878 955 929 illud
987 879 1248 929 Genesis:

181 950 751 1018 congregationesque
778 964 1039 1016 aquarum
1074 950 1252 1015 appel-

181 1026 317 1077 lavit
366 1024 559 1074 maria.
617 1022 827 1073 Dicitur
876 1032 1052 1074 autem
1105 1039 1250 1074 mare

180 1095 417 1148 Galilaeae
446 1110 477 1145 a
506 1092 780 1160 provincia
802 1094 1086 1157 adjacente,
1123 1094 1251 1159 quia

178 1170 347 1220 situm
396 1176 476 1218 est
517 1168 574 1217 in
613 1166 915 1216 confinibus
959 1165 1248 1231 provinciae

181 1240 438 1300 Galilaeae,
503 1238 701 1288 scilicet
753 1237 1085 1296 Judaeorum,
1139 1253 1248 1287 non

183 1310 460 1362 Gentium.
484 1308 695 1359 Dicitur
722 1317 901 1357 autem
930 1322 1075 1357 mare
1094 1308 1250 1358 Tibe-

179 1383 349 1436 riadis
374 1397 406 1432 a
427 1380 710 1431 Tiberiade
739 1379 967 1440 civitate,
1000 1380 1084 1431 cui
1116 1382 1252 1445 adja-

180 1463 282 1514 cet,
321 1468 486 1518 quam
527 1452 681 1501 Jesus
732 1449 789 1499 in
832 1464 929 1499 sua
977 1450 1249 1515 juventute

179 1526 488 1592 frequenter
523 1522 740 1573 visitare
783 1522 1003 1572 solebat.
1041 1522 1250 1573 Dicitur

181 1596 345 1649 etiam
376 1604 645 1660 stagnum,
670 1592 799 1658 quia
817 1601 896 1642 est
915 1592 1062 1642 lacus
1081 1603 1247 1653 stans,

182 1668 280 1735 qui
311 1665 371 1716 fit
398 1681 462 1715 ex
496 1662 784 1714 reflexione
822 1671 872 1712 et
909 1661 1046 1713 flexu
1074 1663 1252 1713 Jorda-

184 1738 274 1789 nis
296 1753 355 1788 ac
372 1734 535 1785 undis
556 1732 939 1784 ebullientibus
958 1743 1010 1784 et
1029 1732 1251 1783 influen-

180 1811 350 1871 tibus,
389 1824 485 1858 nec
524 1807 686 1857 habet
722 1807 930 1857 alveum
973 1821 1081 1872 quo
1121 1805 1249 1855 fluat

183 1893 332 1935 extra
352 1882 531 1932 locum
556 1896 734 1935 suum,
765 1889 824 1929 ut
849 1878 1061 1930 fluvius·
1086 1879 1249 1928 Porro

183 1956 422 2006 Genezar
453 1953 638 2003 Graeco
677 1951 934 2002 vocabulo
974 1951 1126 2016 quasi
1160 1965 1252 2016 ge-

181 2038 381 2075 nerans
433 2021 538 2073 sibi
588 2036 780 2072 auram
817 2021 1030 2081 dicitur,
1073 2037 1104 2070 a
1153 2036 1250 2071 na-

181 2105 305 2146 tura
362 2102 415 2143 et
475 2091 796 2158 proprietate
848 2091 992 2141 lacus
1044 2090 1247 2156 ipsiuS,

182 2168 314 2236 quia
342 2183 407 2218 ex
437 2165 682 2216 faucibus
710 2163 980 2215 montium
1014 2163 1249 2215 circum-

182 2241 444 2294 stantium
487 2240 786 2305 frequenter
822 2239 889 2289 de
926 2239 1104 2304 seipso
1142 2237 1247 2288 sibi

94 2360 98 2362 ,
182 2326 370 2367 auram
413 2313 620 2373 excitat,
667 2322 719 2364 et
751 2323 971 2364 ventum
1012 2313 1249 2363 validum

184 2387 407 2453 colligit,
428 2384 523 2452 qui
546 2384 710 2435 undis
737 2385 1099 2434 crescentibus
1123 2394 1173 2434 et
1193 2399 1250 2434 se

185 2460 547 2518 moventibuS,
593 2473 657 2507 ex
693 2457 865 2523 ipsius
898 2471 1049 2523 aquae
1095 2472 1249 2507 reso-

181 2531 487 2583 lutionibus
526 2538 824 2596 generatur,
872 2544 936 2578 ex
977 2543 1087 2593 quo
1117 2527 1252 2578 facta

185 2606 247 2656 in
299 2616 488 2670 stagno
546 2601 963 2668 perturbatione,
1010 2610 1062 2651 et
1095 2601 1250 2651 inva-

182 2676 415 2726 lescente
451 2682 762 2739 tempestate
786 2672 950 2723 undis
985 2670 1252 2722 fluctuan-

183 2748 335 2800 tibus
367 2748 624 2799 naviculae
653 2747 969 2812 plerumque
1002 2746 1253 2796 submer-

186 2832 405 2891 guntur.
427 2821 570 2873 Dicit
591 2830 770 2870 tamen
795 2819 1078 2884 Josephus,
1108 2820 1251 2886 quod

185 2895 267 2948 sic
290 2895 465 2944 dictus
491 2884 562 2943 sit
589 2907 621 2942 a
656 2890 867 2941 modica
896 2888 1114 2957 regione
1142 2891 1253 2941 Ge-

187 2980 395 3024 nezara,
425 2979 588 3030 quam
616 2959 945 3028 praeterfluit,
968 2976 1089 3027 quae
1126 2971 1255 3011 tem-

187 3036 524 3104 peratissima
551 3043 631 3084 est
661 3043 712 3083 et
746 3030 1255 3082 convenientissima

189 3107 343 3158 omni
379 3105 558 3172 generi
590 3104 880 3161 arborum:
903 3102 1048 3151 unde
1082 3101 1255 3150 inter-

188 3186 428 3244 pretatur
448 3175 635 3226 hortus
661 3174 745 3224 vel
759 3171 1085 3239 principium
1108 3171 1255 3221 nati-

188 3248 395 3301 vitatis.
413 3246 621 3297 Dicitur
642 3246 802 3295 etiam
820 3243 1090 3295 interdum
1112 3243 1256 3293 lacus

188 3320 487 3372 salinarum
532 3327 748 3384 propter
779 3325 968 3382 puteos
1002 3317 1147 3366 unde
1178 3314 1256 3365 sal

187 3392 518 3444 trahebatur.
549 3389 771 3440 Fluvius
796 3398 973 3439 autem
1009 3387 1257 3438 Jordanis

187 3464 259 3515 ad
324 3462 524 3513 radices
586 3460 788 3511 montis
855 3458 1047 3509 Libani
1111 3458 1257 3524 juxta

190 3533 489 3585 Caesaream
517 3530 751 3596 Philippi
791 3546 856 3581 ex
888 3529 1102 3580 duobus
1130 3528 1257 3578 fon-

186 3604 358 3664 tibus,
379 3602 579 3653 scilicet
605 3603 690 3653 Ior
724 3610 774 3650 et
806 3601 942 3660 Dan,
972 3614 1037 3650 ex
1058 3598 1258 3664 quibus

189 3691 394 3727 nomen
421 3675 585 3725 trahit
614 3683 666 3725 et
695 3673 977 3739 originem,
1015 3672 1073 3722 in
1116 3687 1259 3736 prae-

188 3746 336 3797 dicto
372 3755 561 3810 stagno
604 3743 934 3796 Genezareth
966 3742 1257 3801 descendit,

189 3826 245 3868 et
271 3832 366 3883 per
386 3816 565 3882 ipsum
592 3814 874 3875 transiens,
900 3823 952 3865 et
972 3813 1096 3864 inde
1115 3823 1259 3864 totus

192 3887 476 3954 egrediens
504 3901 599 3954 per
629 3887 854 3952 longum
886 3884 1140 3953 spatium,
1170 3897 1260 3935 re-

2317 268 2418 319 285

1355 380 1575 448 gionem
1641 380 1966 447 adjacentem
2037 381 2265 447 irrigans
2328 399 2424 449 per

1354 457 1546 507 vallem
1579 454 1863 515 illustrem,
1898 470 2019 521 quae
2043 456 2198 506 vallis
2233 456 2422 509 salina-

1354 542 1476 577 rum
1502 525 1715 586 dicitur,
1752 525 1810 576 in
1834 540 1981 588 mare
2011 537 2286 577 mortuum
2310 544 2420 578 non

1352 599 1514 665 longe
1536 613 1565 648 a
1584 598 1795 649 Jericho
1816 613 1872 648 se
1892 596 2149 659 infundit,
2170 609 2221 649 et
2242 609 2423 665 postea

1355 684 1624 735 nusquam
1651 684 1913 735 apparens
1943 667 2001 718 in
2029 669 2223 735 abysso
2248 670 2422 720 absor-

1354 739 1526 789 betur.

1419 828 1451 879 7
1485 812 1693 861 Tanna
1733 827 1956 862 vom-no
1996 811 2159 861 Pam
2197 828 2265 861 m·
2307 813 2423 862 An-

1354 900 1526 934 nnmss.
1549 911 1609 921 —
1640 882 1846 934 Deinde
1867 900 1990 935 cum
2014 894 2134 949 post
2156 884 2314 934 istam
2332 901 2426 935 vo·-

1354 956 1620 1007 cationem
1652 955 1891 1021 praedicti
1922 955 2173 1021 discipuli
2209 957 2273 1007 ad
2306 972 2421 1018 sua,

1354 1037 1416 1078 ut
1466 1027 1669 1077 dictum
1715 1036 1810 1087 est,
1855 1036 1908 1078 et
1955 1026 2020 1077 ad
2072 1027 2421 1092 piscationem

1355 1098 1658 1158 rediissent,
1712 1098 1990 1148 ambulans
2048 1100 2210 1149 Jesus
2247 1099 2421 1165 juxta

1354 1183 1504 1218 mare
1535 1168 1803 1231 Galilaeae,
1836 1167 2030 1218 iterum
2049 1168 2184 1219 vidit
2209 1170 2422 1219 Petrum

1353 1250 1405 1291 et
1450 1241 1739 1300 Andream,
1780 1256 1891 1289 non
1925 1250 2033 1290 tam
2083 1241 2425 1306 corporaliter

1355 1326 1519 1377 quam
1585 1309 1936 1376 spiritualiter
1960 1349 1974 1370 ,
2025 1320 2077 1360 et
2121 1311 2294 1377 magis
2356 1311 2423 1361 ad

1354 1382 1512 1431 corda
1561 1395 1725 1446 quam
1767 1380 1832 1430 ad
1876 1379 2066 1430 faciem
2114 1380 2422 1446 respicienS,

1352 1454 1617 1504 mittentes
1649 1451 1787 1501 retia
1825 1452 1877 1501 in
1916 1466 2082 1513 mare,
2117 1452 2182 1501 ad
2219 1451 2424 1517 piscan-

1353 1524 1487 1574 dum
1517 1532 1570 1573 et
1587 1522 1787 1572 victum
1813 1521 2182 1587 quaerendum,
2213 1531 2272 1571 ut
2295 1522 2427 1573 dicit

1356 1596 1575 1657 Glossa,
1601 1594 1959 1660 decenterdper
1978 1593 2258 1659 piscatoria
2279 1596 2424 1645 vadit

1352 1667 1485 1726 loca,
1536 1663 1752 1730 piscat0.
1786 1654 1829 1672 'f
1868 1669 2187 1730 s.scatu'rus.
2243 1664 2308 1713 Et
2349 1663 2424 1715 ait

1354 1735 1463 1785 illis
1494 1751 1509 1784 t
1543 1735 1724 1785 Venite
1742 1741 1873 1801 post
1896 1748 1993 1797 me,
2025 1733 2211 1784 affectu
2235 1743 2285 1783 et
2308 1733 2426 1783 imi-

1353 1806 1574 1865 tatione,
1611 1814 1662 1855 et
1687 1804 2144 1871 quemadmodum
2177 1819 2274 1869 ego
2303 1819 2424 1854 am-

1356 1875 1484 1924 bulo
1513 1883 1564 1925 et
1581 1891 1676 1926 vos
1706 1875 1992 1934 ambulate,
2017 1880 2069 1924 et
2085 1873 2297 1939 faciam
2328 1889 2424 1924 vos

1346 1945 1652 2010 piscatores
1696 1945 1979 2007 hominum,
2020 1959 2130 1993 non
2174 1945 2424 2009 praeben-

1353 2015 1562 2076 darum,
1590 2032 1698 2065 non
1723 2014 2073 2073 decimarum,
2104 2013 2195 2063 sed
2225 2014 2427 2063 anima-

1353 2104 1477 2138 rum
1510 2105 1524 2137 ε
1560 2087 1687 2153 quia
1720 2103 1815 2153 per
1845 2096 1954 2137 rete
1989 2095 2181 2136 sanctae
2224 2087 2424 2152 praedi-

1352 2159 1578 2210 cationis
1606 2158 1795 2224 pisceS,
1844 2158 1896 2208 id
1938 2167 2016 2208 est
2057 2156 2327 2216 homineS‚
2357 2156 2423 2206 de

1355 2232 1622 2299 profundo
1656 2231 1847 2298 pelagi,
1885 2231 1939 2280 id
1964 2239 2042 2281 est
2074 2229 2423 2289 infidelitatiS‚

1354 2305 1422 2355 ad
1459 2305 1633 2354 lucem
1672 2302 1797 2353 fidei
1829 2311 2123 2362 traxerunt,
2161 2301 2313 2367 quasi
2358 2303 2423 2351 ad

1352 2377 1508 2427 littus
1559 2375 1763 2425 salutis.
1822 2375 1977 2425 Unde
2050 2373 2374 2440 Theophilus
2406 2392 2424 2425 .-

1357 2465 1386 2494 «
1417 2446 1749 2497 Admiranda
1791 2454 1872 2495 est
1899 2454 2076 2495 autem
2116 2444 2218 2494 ista
2247 2442 2424 2508 pisca-

1356 2519 1433 2569 tio
1459 2557 1473 2579 ,
1537 2517 1711 2584 pisces
1756 2516 1901 2567 enim
1949 2532 2070 2566 cum
2112 2513 2424 2580 capiuntur,

1355 2605 1484 2639 mox
1505 2587 1835 2650 moriuntur;
1859 2586 2126 2647 homines,
2143 2601 2265 2636 cum
2287 2584 2425 2650 capti

1357 2671 1487 2713 sunt
1553 2660 1717 2712 verbo
1775 2658 2185 2725 praedicationiS,
2249 2657 2428 2723 potius

1355 2735 1709 2786 vivificantur.
1737 2752 1765 2780 n
1800 2732 1871 2782 Ut
1893 2740 2070 2781 autem
2096 2729 2229 2779 dicit
2254 2729 2430 2798 Chry-

1359 2811 1666 2867 sostomus‚
1711 2802 1768 2852 in
1803 2801 1997 2852 mediis
2027 2799 2433 2865 operationibus

1358 2876 1644 2927 existentes
1694 2890 1786 2926 eos
1843 2872 2066 2931 vocavit,
2119 2881 2429 2922 monstrans

1359 2950 1501 3015 quod
1549 2946 1805 2997 omnibus
1861 2942 2300 3009 occupationibus
2337 2960 2427 2995 se-

1358 3021 1572 3086 quelam
1623 3032 1776 3069 suam
1829 3030 2136 3082 praeponere
2181 3025 2422 3081 oportet3

1360 3107 1483 3141 cum
1525 3105 1650 3156 ergo
1689 3087 1812 3154 quis
1853 3087 2139 3153 praeficitur
2175 3085 2426 3137 Ecclesiae

1362 3161 1593 3228 piscator
1613 3169 1664 3209 et
1685 3168 1880 3224 pastor,
1894 3158 2044 3208 valde
2062 3157 2218 3207 debet
2235 3156 2426 3206 timere

1363 3248 1432 3284 ne
1475 3247 1585 3281 non
1624 3239 1877 3296 sequatur
1908 3228 2204 3278 Dominum
2264 3225 2430 3292 perfe-

1359 3303 1537 3354 ctione
1565 3301 1813 3367 sequelae‚
1834 3315 1955 3366 quae
1985 3309 2082 3360 est,
2115 3307 2175 3349 ut
2203 3298 2431 3361 abneget

1361 3379 1524 3426 semet
1551 3373 1722 3439 ipsum
1757 3379 1808 3422 et
1843 3384 2046 3423 crucem
2077 3383 2228 3419 suam
2255 3366 2429 3418 tollat.

1365 3474 1426 3484 —
1465 3446 1540 3495 At
1575 3443 1660 3493 illi
1696 3441 1942 3493 continuo
1985 3439 2188 3490 relictis
2229 3436 2434 3487 retibus

1363 3523 1417 3568 et
1436 3521 1613 3581 patre,
1641 3513 1808 3566 secuti
1834 3518 1960 3563 sunt
2002 3525 2135 3574 eum,
2182 3507 2430 3567 omnino,

1365 3602 1476 3637 non
1505 3585 1682 3636 solum
1709 3583 1906 3650 pedum
1934 3582 2162 3641 incessu,
2191 3579 2283 3629 sed
2307 3591 2429 3627 ma·-

1363 3656 1450 3724 gis
1486 3655 1789 3706 obedientia
1827 3663 1879 3704 et
1922 3650 2126 3710 affectu,
2169 3666 2280 3700 non
2319 3663 2430 3699 am·

1366 3731 1510 3799 plius
1539 3732 1606 3781 ad
1637 3728 1852 3797 propria
1875 3724 2155 3778 reversuri.

1429 3806 1463 3858 8
1496 3807 1624 3857 ITEM
1663 3806 1842 3858 heom
1872 3818 1940 3853 Er
1975 3801 2208 3853 JOANNIS.
2256 3824 2318 3836 -
2347 3795 2429 3848 Et

1360 3878 1656 3948 procedens
1679 3876 1816 3942 inde,
1843 3874 2100 3943 pusillum
2118 3873 2274 3934 ultra,
2294 3868 2432 3921 vidit
