2784 4452
552 320 647 371 DE
680 319 1296 373 PRAESENTATIONE
1326 320 1582 372 DOMINI
1615 321 1686 372 IN
1720 322 2087 373 TEMPLUM.

192 440 408 490 clausus
445 438 692 498 exsultat,
726 439 914 504 Magus
944 439 1144 497 adorat,
1174 438 1261 487 vi-

190 512 299 560 dua
320 508 623 568 confitetur,
648 509 821 574 justus
857 520 1112 575 expectat.
1138 529 1166 556 ³>
1196 510 1260 559 Et

189 595 257 629 ex
300 580 499 629 virtute
543 580 697 630 Pueri
734 596 898 647 quem
937 581 1174 647 gestabat
1205 580 1262 629 in

188 650 360 713 ulniS,
392 650 666 701 benedixit
696 652 912 703 Simeon
949 653 1079 715 illis,
1108 652 1259 702 scili-

186 734 271 773 cet
310 723 508 784 Mariae,
554 733 606 773 et
640 725 858 790 Joseph,
901 741 1025 775 cum
1069 724 1257 775 affectu

183 805 240 844 et
265 794 482 860 gaudio,
512 810 572 845 ac
593 796 705 846 Deo
736 796 934 861 gratias
961 796 1254 847 referendo·

186 864 454 924 Quamvis
476 866 620 915 enirn
649 866 816 916 Maria
850 876 905 916 et
929 867 1132 932 Joseph
1166 883 1257 918 es-

184 946 309 987 sent
354 938 581 1002 majores
620 937 677 987 in
720 939 1016 1000 sanctitate,
1047 940 1138 990 ille
1172 950 1257 991 ta-

184 1024 314 1058 men
340 1009 675 1074 praecellebat
696 1020 959 1076 quantum
986 1012 1051 1062 ad
1081 1027 1258 1062 sacer-

184 1079 331 1129 dotis
380 1079 658 1141 officium,
715 1082 780 1131 ad
830 1097 997 1147 quem
1053 1081 1257 1148 spectat

182 1149 501 1200 benedicere
543 1154 823 1217 populum.
883 1154 1000 1204 Mos
1055 1155 1259 1220 quippe

182 1232 297 1272 erat
326 1221 384 1271 in
410 1223 569 1288 Lege,
597 1225 742 1289 quod
772 1227 988 1291 quando
1011 1239 1257 1291 parentes

181 1293 582 1357 praesentabant
611 1310 839 1359 puerum
859 1296 916 1346 in
937 1298 1158 1363 templO,
1181 1313 1258 1347 sa-

180 1365 372 1415 cerdos
398 1365 747 1418 benedicebat
776 1368 901 1430 iuis,
937 1370 1139 1420 scilicet
1168 1385 1256 1435 pa-

180 1438 433 1488 rentibus
462 1449 513 1489 et
537 1456 732 1505 puero;
764 1452 818 1492 et
842 1442 962 1491 ideo
988 1442 1259 1492 benedixit

178 1511 406 1562 Simeon
445 1514 758 1578 parentibus
800 1515 1079 1566 Christum
1117 1531 1257 1581 prae-

178 1586 542 1645 sentantibus,
574 1587 628 1637 id
653 1598 750 1648 est,
779 1588 960 1638 beatos
983 1603 1074 1639 eos
1097 1588 1251 1648 dixit,

179 1666 231 1707 et
255 1658 573 1709 benedictos
592 1659 913 1725 praedicavit,
933 1661 1016 1710 vel
1041 1661 1256 1711 benedi-

177 1729 422 1778 ctionem
469 1745 500 1779 a
536 1731 649 1781 Deo
693 1731 770 1781 eis
805 1732 1029 1797 optavit.
1078 1732 1253 1798 Hujus

177 1809 365 1850 autem
423 1801 809 1853 benedictionis
865 1801 1094 1853 formam
1140 1819 1248 1853 non

176 1871 452 1921 habemus
477 1888 802 1938 expressam,
828 1874 921 1924 sed
952 1884 1128 1940 potest
1151 1873 1252 1925 ista

176 1941 486 1993 benedictio
529 1933 777 2010 intelligi,
825 1946 1145 1997 laudationis
1199 1957 1253 1997 et

176 2013 473 2078 gratiarum
525 2014 776 2078 actionis;
825 2016 964 2068 sicut
1019 2017 1251 2067 dicimus

177 2085 327 2149 quod
375 2096 617 2136 creatura
670 2086 935 2138 benedicit
982 2088 1248 2149 Creatori,

175 2154 363 2219 ipsum
399 2172 525 2206 cum
555 2157 847 2224 gratiarum
882 2159 1090 2210 actione
1143 2160 1250 2210 lau·

176 2226 376 2277 dando.
413 2230 696 2280 Benedixit
742 2232 1070 2296 parentibuS,
1118 2248 1248 2299 pro-

177 2309 295 2363 pter
343 2299 540 2361 filium,
588 2301 727 2352 sicut
766 2318 795 2352 e
832 2317 1087 2355 converso
1130 2305 1248 2369 ple-

175 2387 414 2438 rumque
457 2373 851 2425 benedicuntur
889 2375 987 2426 filii
1030 2387 1248 2444 propter

175 2454 444 2508 parentes·
495 2446 561 2496 Et
610 2456 734 2497 nota
782 2448 910 2513 quia
947 2448 1004 2499 in
1046 2450 1273 2516 Joseph¹

176 2516 346 2580 patris
389 2517 693 2569 similitudo
734 2530 861 2580 erat,
893 2521 1019 2587 quia
1065 2523 1244 2573 nutri-

174 2598 259 2637 tor
303 2589 451 2652 ejus;
510 2589 630 2641 ideo
677 2607 786 2641 non
828 2602 919 2651 ,est
963 2595 1241 2645 communi

175 2660 551 2712 benedictione
575 2664 840 2729 privatus3
874 2665 1041 2716 Maria
1073 2666 1243 2733 virgo,

175 2730 305 2795 quia
351 2747 475 2783 vere
521 2735 637 2798 ejus
675 2735 843 2785 Mater
889 2747 1030 2798 erat,
1075 2749 1130 2789 et
1178 2739 1245 2789 de

179 2800 352 2850 Puero
406 2804 582 2869 magis
635 2805 700 2854 ad
750 2820 869 2855 eam
921 2807 1243 2872 pertinebat;

177 2873 297 2924 ideo
335 2877 398 2925 ad
442 2891 561 2927 eam
598 2879 942 2945 singulariter
968 2896 1025 2931 se
1065 2883 1242 2943 vertit,

176 2945 459 2996 revelando
489 2947 538 2996 ei
558 2950 888 2999 occultorum
914 2952 1188 3017 praesagia.

246 3014 305 3064 15
345 3016 723 3068 Pnoan-nzn
752 3036 819 3069 ma
859 3020 1129 3081 Cuius-ro,
1172 3037 1244 3071 ur

179 3100 329 3136 steno
371 3103 861 3142 con-rnxmcnoms.
911 3120 972 3130 -
1022 3092 1244 3158 Cogno-

179 3155 255 3205 vit
284 3157 453 3218 enim,
488 3158 582 3209 illo
612 3159 854 3226 docente,
878 3177 1044 3228 quem
1065 3171 1244 3228 gesta-

182 3225 269 3276 bat
315 3225 370 3276 in
424 3229 607 3289 ulnis,
652 3230 899 3281 divinum
943 3231 1076 3281 illud
1129 3248 1239 3282 non

184 3311 297 3348 esse
332 3314 396 3349 ex
434 3300 664 3366 Joseph,
711 3302 804 3351 sed
854 3317 919 3352 ex
966 3302 1191 3368 Virgine
1226 3319 1241 3353 ε

183 3369 299 3421 ideo
331 3373 395 3422 ad
448 3388 565 3423 eam
598 3373 785 3440 dirigit
820 3389 1148 3427 sermonem.
1178 3377 1243 3427 Et

186 3457 291 3491 non
342 3445 519 3494 solum
576 3444 877 3509 benedixit;
933 3446 1026 3496 sed
1077 3446 1240 3497 etiarn

185 3513 567 3578 prophetandO,
612 3514 794 3566 futura
847 3517 1111 3582 praedixit,
1152 3517 1243 3567 di·

183 3599 306 3635 cens
342 3604 355 3636 :
397 3588 543 3638 Ecce
581 3589 799 3655 positus
842 3595 925 3640 est
985 3590 1100 3652 hic,
1151 3606 1245 3656 per

182 3657 464 3709 adventum
496 3675 676 3721 suum,
707 3671 760 3712 et
799 3677 831 3711 a
859 3662 973 3712 Deo
1012 3672 1244 3713 statutus

179 3737 234 3778 et
253 3730 532 3781 ordinatus
568 3731 622 3782 in
654 3732 885 3795 ruinam,
911 3733 1114 3784 scilicet
1144 3749 1244 3783 su-

180 3800 468 3863 perborum
511 3818 569 3853 se
611 3812 751 3853 stare
793 3804 1124 3869 putantium;
1179 3805 1244 3854 de

181 3870 377 3934 quibus
419 3873 536 3939 ipse
583 3874 715 3924 dicit
755 3892 768 3925 :
807 3874 875 3925 Si
934 3890 1036 3925 non
1079 3876 1245 3927 venis-

180 3958 287 3998 sem
305 3954 357 3998 et
384 3948 592 4001 locutus
612 3948 694 3999 eis
723 3964 824 4000 non
842 3948 1096 4014 fuissem,
1112 3963 1242 4016 pec-

2340 340 2433 376 121

1369 443 1547 489 catum
1590 451 1692 487 non
1723 438 1990 488 haberent.
2041 438 2206 489 Addit
2233 456 2248 490 ε
2276 440 2355 490 Et
2384 440 2438 491 in

1368 509 1812 560 resurrectionem
1863 509 2180 573 multorum,
2237 512 2439 563 scilicet

1369 578 1685 640 humilium,
1723 595 1782 630 se
1828 596 1938 630 non
1983 590 2123 631 stare
2177 592 2438 647 reputan-

1367 652 1526 714 tium,
1549 653 1644 719 qui
1669 653 1728 703 in
1759 668 1885 703 eum
1916 654 2209 712 credentes»,
2247 670 2433 705 resur-

1368 733 1621 773 rexerunt
1660 739 1691 775 a
1734 724 1962 789 peccatis
2018 740 2112 790 per
2161 740 2304 775 eum.
2370 727 2437 777 Et

1367 794 1497 844 dicit
1524 795 1577 845 in
1607 795 1785 846 Israel
1796 812 1817 857 ;
1850 796 1978 861 quia
2018 795 2177 845 multi
2207 796 2375 847 Judaei
2405 812 2435 848 a

1366 866 1585 916 veritate
1612 866 1876 927 cadenteS,
1912 866 2131 919 fuerunt
2170 868 2433 928 excaecati,

1366 946 1419 987 et
1437 938 1594 988 multi
1625 938 1777 1004 prius
1802 938 2077 1005 simplices
2097 949 2149 990 et
2172 940 2434 1006 ignoran-

1364 1018 1447 1058 tes
1492 1008 1812 1072 illuminati;
1843 1016 1896 1060 et
1939 1010 1993 1060 in
2045 1010 2283 1076 signum,
2321 1011 2431 1061 sci-

1364 1080 1489 1130 licet
1565 1080 1782 1132 foederis
1847 1091 1900 1132 et
1980 1082 2433 1133 reconciliationis

1365 1151 1506 1201 inter
1545 1153 1720 1202 Deum
1768 1163 1822 1203 et
1849 1154 2149 1214 hominem,
2181 1153 2268 1204 cui
2302 1169 2431 1205 con-

1365 1224 1657 1275 tradicetur
1691 1225 1869 1290 primo
1907 1241 1938 1276 a
1975 1225 2205 1288 Judaeis;
2234 1226 2432 1277 deinde

1361 1311 1392 1346 a
1426 1296 1711 1358 GentibuS,
1749 1313 1845 1348 seu
1875 1299 2126 1364 paganis;
2155 1309 2339 1364 postea
2362 1299 2430 1349 ab

1363 1368 1667 1428 haereticiS,
1742 1370 1845 1420 hoc
1901 1386 2012 1420 non
2067 1371 2430 1421 credentibus.

1364 1439 1469 1490 Ubi
1522 1442 1841 1501 notandum,
1880 1442 2178 1492 secundum
2223 1443 2429 1508 Orige-

1362 1528 1479 1563 nem
1492 1551 1510 1575 ‚
1568 1514 1715 1580 quod
1765 1514 1823 1565 in
1876 1515 2137 1566 omnibus
2186 1532 2307 1582 quae
2364 1517 2431 1567 de

1360 1586 1580 1637 Christo
1603 1598 1889 1638 narrantur
1932 1604 1964 1638 a
2002 1588 2282 1649 fidelibus,
2310 1605 2431 1639 con·

1358 1657 1734 1709 tradictionem
1794 1675 1984 1725 passus
2045 1670 2126 1711 est
2174 1660 2309 1711 falso
2360 1662 2430 1711 ab

1359 1728 1651 1780 incredulis
1669 1768 1681 1789 ,
1721 1730 1787 1781 de
1815 1731 2017 1796 quibus
2047 1731 2163 1796 ipse
2186 1746 2428 1797 conque-

1359 1801 1497 1851 ritur
1532 1801 1608 1851 in·
1636 1802 1936 1862 Psalmista,
1972 1802 2157 1854 dicens
2188 1821 2201 1853 :
2231 1804 2426 1854 Insur-

1358 1878 1620 1922 rexerunt
1679 1873 1733 1923 in
1793 1887 1876 1924 me
1923 1879 2079 1924 testes
2134 1873 2304 1939 iniqui
2312 1890 2335 1935 ,·
2377 1880 2428 1924 et

1356 1944 1575 1994 mentita
1622 1952 1704 1995 est
1746 1945 2004 2012 iniquitas
2060 1946 2181 1996 sibi.
2249 1945 2429 1998 Potuit

1355 2016 1505 2066 enim
1539 2016 1790 2068 Christus
1828 2018 2154 2085 impugnari,
2188 2019 2280 2069 sed
2314 2034 2425 2068 non

1355 2088 1670 2153 expugnari.
1692 2089 1815 2139 'Sed
1846 2098 1898 2139 et
1946 2090 2091 2155 pravi
2127 2088 2425 2140 Christiani

1353 2156 1729 2207 contradicunt
1756 2157 1805 2207 ei
1839 2157 1896 2207 in
1919 2159 2166 2208 moribus
2185 2168 2238 2209 et
2256 2158 2427 2223 operi-

1357 2230 1489 2294 bus;
1530 2230 1630 2281 etsi
1677 2248 1787 2281 non
1834 2233 1892 2281 in
1938 2231 2042 2282 fide
2082 2241 2133 2282 et
2165 2231 2426 2282 sermoni-

1353 2304 1476 2362 bus,
1509 2302 1601 2368 qui
1625 2302 1946 2369 confitentur
1967 2311 2205 2353 senos-se
2229 2303 2420 2364 Deum,

1341 2375 1520 2441 sactis
1578 2379 1756 2424 autem
1815 2378 2033 2439 negant.
2078 2373 2241 2423 Venit
2295 2388 2423 2438 ergo

1352 2446 1620 2501 Salvator,
1685 2443 1742 2495 in
1776 2443 1992 2494 ruinam
2038 2460 2147 2494 non
2194 2443 2421 2493 creden-

1351 2518 1490 2567 tium
1546 2528 1598 2568 et
1634 2517 1994 2583 superborum
2017 2556 2032 2577 ‚
2077 2527 2131 2567 et
2167 2517 2269 2566 hoc
2328 2532 2422 2582 per

1351 2590 1717 2653 occasionem;
1770 2599 1822 2640 et
1876 2590 1933 2639 in
1976 2588 2422 2640 resurrectionem

1352 2660 1685 2711 credentium
1725 2671 1779 2711 et
1821 2660 2115 2710 humilium
2139 2699 2153 2720 ,
2195 2660 2288 2710 sed
2328 2674 2424 2725 per

1351 2747 1585 2781 causam.
1622 2732 1743 2781 Non
1776 2731 1956 2781 solum
1997 2739 2178 2781 autem
2207 2730 2330 2780 aliis
2363 2730 2420 2779 in

1351 2802 1587 2863 ruinam,
1630 2811 1683 2851 et
1713 2802 1835 2852 aliis
1877 2800 1934 2851 in
1973 2801 2420 2851 resurrectionem

1349 2875 1528 2938 venit;
1559 2876 1652 2926 sed
1682 2875 1844 2926 etiam
1869 2874 1966 2924 uni
1996 2874 2281 2940 eidemque
2311 2874 2419 2923 ho-

1350 2947 1489 2997 mini
1516 2948 1573 2997 in
1598 2947 1831 3006 ruinam,
1854 2945 2054 3011 pariter
2077 2956 2129 2996 et
2161 2945 2218 2995 in
2250 2961 2422 2996 resur·

1351 3017 1647 3068 rectionem
1674 3027 1893 3083 apparet
1924 3034 1937 3067 ε
1972 3016 2026 3066 in
2059 3016 2293 3077 ruinam,
2324 3016 2422 3067 sci-

1348 3090 1473 3139 licet
1520 3088 1777 3139 vitiorum
1801 3126 1815 3148 ,
1866 3096 1919 3137 et
1973 3087 2418 3137 resurrectionem

1347 3160 1629 3210 virtutum.
1664 3159 1773 3209 Nec
1811 3157 1872 3208 fit
1903 3158 2221 3209 resurrectio
2243 3158 2419 3208 virtu-

1348 3243 1486 3291 tum,
1523 3232 1630 3283 nisi
1653 3232 1912 3298 praecedat
1947 3232 2105 3283 ruina
2140 3231 2416 3281 vitiorum.

1350 3305 1510 3356 Unde
1566 3303 1885 3355 Bernartius
1928 3320 1946 3354 .-
1995 3321 2023 3349 α
2075 3302 2196 3352 Non
2245 3310 2419 3366 potest

1348 3377 1522 3427 virtus
1562 3392 1688 3427 cum
1727 3376 1877 3427 vitiis
1918 3374 2116 3441 pariter
2154 3387 2415 3435 crescere;

1349 3463 1476 3513 ergo
1517 3456 1577 3497 ut
1627 3446 1718 3498 illa
1771 3447 1964 3513 vigeat,
2028 3446 2130 3496 ista
2184 3458 2418 3494 crescere

1350 3537 1462 3571 non
1515 3521 1781 3571 sinantur.
1830 3520 1986 3570 Tolle
2038 3517 2325 3584 superflua,
2366 3526 2419 3565 et

1348 3591 1586 3642 salubria
1651 3601 1899 3657 surgunt.
1946 3609 1973 3637 n
2026 3589 2182 3640 Unde
2234 3596 2420 3637 notan·
2494 3630 2500 3639 ,

1348 3663 1482 3712 dum
1527 3663 1672 3729 quod
1722 3660 1974 3712 Christus
2017 3657 2282 3710 destruxit
2341 3672 2420 3708 re-

1348 3749 1520 3800 gnum
1542 3733 1757 3799 peccati,
1784 3742 1836 3782 et
1863 3729 2161 3782 construxit
2186 3744 2416 3795 regnum

1346 3804 1611 3854 virtutum
1668 3820 1683 3853 :
1732 3811 1950 3868 propter
2001 3800 2146 3868 quod
2220 3799 2420 3851 dicitur

1340 3877 1558 3942 positus
1597 3876 1651 3926 in
1706 3875 1920 3924 ruinam
1964 3879 2015 3923 et
2058 3873 2417 3924 resurrectio·-

1347 3962 1481 3998 nem.
1519 3947 1650 3997 Ruit
1689 3945 1838 3996 enim
1871 3944 2152 4010 superbia,
2197 3959 2263 3994 ex
2302 3944 2418 4009 ejus
