2784 4452
280 272 380 343 196

271 387 479 455 raverit,
515 395 656 454 patet
701 386 845 453 quod
888 385 1002 436 haec
1038 394 1121 436 est
1161 392 1332 434 meta-

269 457 493 524 phorica
540 455 767 519 locutio;
822 454 948 522 quia
995 455 1224 506 Joannes
1275 453 1331 502 in

266 529 372 581 hoc
395 528 523 579 dicit
551 542 607 579 se
636 544 745 578 non
769 543 885 578 esse
913 527 1139 593 dignum
1170 526 1329 577 exhi-

266 602 392 651 bere
416 598 634 650 Christo
660 598 820 649 etiam
847 597 1137 647 minimum
1167 597 1328 646 obse-

266 672 459 740 quium
479 710 492 735 ,
540 671 643 721 hoc
682 670 987 736 exprimens
1032 668 1326 719 secundum

269 757 614 794 communem
640 740 894 806 loquendi
922 741 1164 790 modum.
1189 740 1325 791 Cum

269 812 419 864 enim
459 811 657 876 aliquis
701 826 852 861 suam
901 809 1233 876 parvitatem,
1276 819 1328 860 et

266 883 490 935 alterius
504 881 868 932 excellentiam
884 883 999 932 vult
1011 881 1324 947 exprimere,

266 955 404 1007 solet
431 952 791 1003 communiter
824 952 929 1002 dici
975 969 988 1002 :
1037 952 1158 1001 Non
1202 967 1323 1002 sum

271 1026 472 1093 dignus
504 1033 715 1090 tangere
759 1023 1020 1073 sotulares
1052 1023 1194 1087 ‘ejuS,
1241 1023 1322 1072 vel

267 1096 417 1148 aliud
481 1093 811 1159 hujusmodi.
858 1094 966 1144 Nec
1020 1093 1223 1143 mirum
1276 1092 1321 1142 si

261 1169 496 1221 Joannes
515 1164 617 1214 hoc
637 1164 789 1224 dixit,
806 1164 934 1230 quia
954 1164 1139 1222 hom0‚
1159 1178 1324 1229 quan-

263 1250 618 1301 tumcumque
645 1250 890 1301 magnus,
921 1235 1032 1285 Deo
1058 1249 1324 1300 compara-

263 1322 373 1373 ωε,
403 1309 541 1360 nihil
569 1318 649 1358 est
690 1308 795 1358 nisi
836 1308 1012 1374 pulvis
1051 1318 1104 1358 et
1148 1308 1287 1358 cinis
1301 1323 1316 1372 3

259 1399 360 1437 nec
385 1382 546 1433 etiam
571 1380 750 1446 aliqua
784 1388 1019 1430 creatura
1049 1390 1127 1430 est
1157 1379 1322 1445 digna

259 1456 311 1508 ei
339 1454 552 1513 servire,
583 1452 689 1502 nisi
718 1467 812 1517 per
838 1452 1062 1517 gratiam
1089 1467 1323 1502 assuma-

256 1539 365 1582 tur.
405 1529 504 1579 Per
546 1527 649 1577 hoc
684 1527 918 1577 ostendit
956 1526 1116 1577 etiam
1156 1527 1318 1578 Joan-

256 1618 356 1654 nes
397 1600 531 1668 ipsis
569 1598 874 1658 Pharisaeis‚
905 1600 1051 1665 quod
1079 1598 1317 1649 officium

257 1674 495 1725 alienum
519 1689 630 1723 non
657 1671 948 1737 usurpabat
958 1687 972 1734 ;
1001 1671 1092 1721 sed
1108 1680 1316 1721 tantum

255 1760 418 1796 suum
469 1743 747 1809 proprium
792 1741 1029 1791 officium
1052 1780 1065 1802 ,
1117 1741 1319 1792 scilicet

236 1815 614 1893 praecursoris,
634 1813 921 1864 exercebat.
949 1813 1120 1872 Unde,
1137 1828 1318 1863 secun-

253 1888 387 1937 dum
422 1884 767 1951 Gregorium,
794 1883 1074 1949 allegorice
1102 1899 1196 1949 per
1219 1884 1317 1933 cal-

254 1967 614 2017 ceamentum,
640 1956 980 2019 humanitas;
1010 1971 1103 2021 per
1130 1957 1315 2022 pedes,

253 2029 453 2092 deitas;
487 2044 580 2094 per
609 2027 913 2093 corrigiam,
944 2026 1076 2077 unio
1113 2027 1313 2078 calcea-

253 2110 583 2161 mentorum,
615 2099 814 2150 scilicet
841 2098 1036 2149 animae
1061 2108 1112 2149 et
1134 2114 1316 2165 corpo·

248 2171 328 2224 ris
368 2172 433 2222 ad
471 2171 750 2231 deitatem,
799 2169 1026 2237 intelligi
1075 2179 1248 2237 potest
1297 2187 1311 2220 ε

251 2245 381 2312 quia
419 2260 514 2294 nec
551 2243 665 2309 ipse
695 2242 944 2303 JoanneS,
984 2258 1080 2292 nec
1114 2242 1312 2308 aliquis

249 2313 698 2366 aliussufficiens
729 2322 824 2373 est,
862 2313 944 2363 vel
973 2322 1147 2378 potest
1187 2329 1310 2379 my-

249 2387 477 2438 sterium
518 2394 569 2436 et
610 2385 834 2434 modum
887 2383 1034 2435 illius
1079 2384 1312 2437 ineffabi-

245 2460 318 2510 lis
341 2458 563 2508 unionis
599 2457 825 2507 duarum
858 2455 1188 2519 naturarum,
1215 2459 1312 2508 sci-

245 2530 371 2582 licet
444 2528 640 2578 divinae
711 2536 764 2576 et
839 2526 1089 2580 humanae
1111 2566 1124 2587 ,
1202 2544 1308 2595 qua

257 2601 484 2652 Verbum
519 2613 647 2650 earo
672 2598 886 2663 sactum
911 2605 1006 2661 est,
1048 2599 1309 2665 explicare

243 2674 327 2724 vel
380 2671 618 2738 aperire',
659 2687 781 2721 cum
825 2671 935 2721 haec
975 2670 1108 2722 unio
1161 2681 1308 2722 tanta

243 2752 416 2804 esset,
470 2743 615 2808 quod
670 2741 949 2792 hominem
1001 2742 1206 2800 Deum,
1255 2752 1308 2792 et

241 2815 420 2865 Deum
501 2812 775 2863 hominem
863 2811 1072 2864 faceret.
1155 2812 1306 2863 Unde

245 2886 406 2938 Isaias
469 2902 486 2935 ι
549 2886 952 2937 Generationem
1019 2884 1135 2952 ejus
1185 2886 1306 2952 quis

241 2956 574 3009 enarrabit?
625 2957 788 3017 Quasi
825 2956 1021 3007 diceret
1058 2973 1072 3007 z
1111 2957 1304 3007 Nullus

242 3040 326 3083 est
357 3029 574 3096 dignus.
605 3030 709 3081 Ubi
748 3030 1052 3097 Gregorius
1081 3048 1098 3081 .-
1130 3048 1158 3078 «
1187 3031 1304 3091 Qua

239 3100 300 3153 in
351 3116 408 3152 re
454 3101 789 3167 pensandum
828 3101 986 3151 nobis
1026 3111 1121 3162 est,
1159 3117 1303 3167 quo-

242 3172 412 3223 modo
448 3171 617 3221 sancti
644 3170 767 3234 viri,
797 3180 858 3221 ut
887 3171 1210 3222 humilitatis
1246 3172 1300 3221 in

242 3257 302 3293 se
340 3242 596 3292 virtutem
637 3241 955 3301 custodiant,
986 3257 1108 3291 cum
1148 3258 1300 3308 quae-

238 3312 363 3362 dam
409 3310 727 3361 mirabiliter
763 3309 963 3371 sciunt,
994 3310 1129 3361 illud
1177 3323 1300 3363 ante

241 3381 444 3433 mentis
506 3382 692 3433 oculos
754 3381 972 3431 student
1022 3395 1262 3434 revocare
1283 3422 1296 3443 ,

236 3453 383 3518 quod
424 3453 671 3503 nesciunt
694 3490 708 3511 ‚
758 3459 819 3500 ut
865 3450 995 3500 dum
1047 3466 1112 3501 ex
1154 3462 1298 3518 parte

236 3522 419 3588 aliqua
466 3522 827 3572 infirmitatem
857 3535 1008 3571 suam
1047 3523 1298 3573 conside-

233 3603 374 3653 rant,
397 3608 461 3643 ex
498 3608 559 3643 ea
588 3601 734 3659 parte
770 3605 876 3657 qua
905 3590 1121 3656 perfecti
1151 3602 1296 3653 sunt,

234 3677 422 3713 eorum
448 3678 504 3713 se
529 3664 743 3714 animus
774 3677 884 3712 non
913 3662 1144 3713 extollat.
1186 3664 1297 3713 Re-

232 3742 339 3794 stat
367 3750 493 3801 ergo
517 3744 577 3785 ut
602 3735 659 3785 in
681 3749 844 3785 omne
866 3735 1010 3800 quod
1042 3734 1159 3795 scit,
1182 3750 1296 3786 sese

232 3818 384 3854 mens
442 3805 707 3871 deprimat
728 3844 742 3867 ,
807 3821 873 3856 ne
932 3806 1078 3872 quod
1123 3807 1294 3862 virtus

233 3871 466 3925 scientiae
494 3885 795 3943 congregat,
826 3886 1014 3929 ventus
1047 3877 1294 3930 elationis

968 268 1208 321 PRIMAE
1241 267 1489 320 PARTIS
1520 268 1752 321 CAPUT
1781 271 1920 323 XIX.

1436 383 1603 434 tollat.
1656 385 1794 436 Cum
1830 385 2001 444 bona,
2045 385 2263 444 fratrea,
2304 386 2496 452 agitis,

1436 469 1647 520 semper
1674 456 1740 504 ad
1764 453 2080 506 memoriam
2106 457 2246 505 mala
2267 467 2383 506 acta
2406 473 2496 509 re-

1432 534 1639 585 vocate,
1665 534 1726 575 ut
1753 525 1883 576 dum
1919 534 2069 575 caute
2091 526 2246 590 culpa
2273 527 2496 593 conspi-

1432 595 1601 657 citur,
1651 612 1931 663 nunquam
1998 599 2063 647 de
2127 597 2271 647 bono
2334 614 2496 664 opere

1431 669 1647 720 animus
1672 670 1892 721 laetetur.
1923 670 2238 736 Superiores
2264 671 2493 724 invicem

1431 743 1707 807 proximos
1746 753 1951 793 vestros
1986 742 2260 804 attendite,
2286 744 2414 809 quia
2441 755 2495 796 et

1429 828 1568 878 quos
1591 828 1744 879 agere
1772 814 1952 880 aliqua
1976 829 2133 880 prava
2162 814 2490 879 conspicitis,

1427 901 1549 951 quae
1596 885 1654 937 in
1700 886 1779 937 eis
1822 886 2016 936 lateant
2062 885 2204 936 bona
2254 887 2492 938 nescitis.

1429 958 1562 1017 Quae
1591 958 1713 1010 licet
1746 959 1887 1010 bona
1915 959 2093 1009 adsint
2125 974 2301 1024 opera,
2343 960 2493 1011 nulla

1426 1037 1571 1093 sunt,
1599 1028 1704 1079 nisi
1720 1045 1784 1080 ex
1809 1029 2115 1080 humilitate
2134 1030 2489 1081 condiantur:

1426 1099 1520 1165 qui
1561 1099 1706 1149 enim
1755 1099 1876 1150 sine
1918 1100 2224 1150 humilitate
2264 1101 2491 1154 virtutes

1425 1181 1724 1237 congregat,
1754 1171 1908 1237 quasi
1943 1171 2001 1221 in
2024 1181 2184 1222 vento
2216 1173 2491 1237 pulverem

1426 1251 1599 1305 portat
1626 1258 1639 1290 :
1667 1260 1695 1289 »
1726 1241 1838 1291 haec
1862 1241 2184 1308 Gregorius.

1495 1311 1554 1362 13
1605 1313 1997 1363 Annum-runa
2028 1315 2248 1365 Cmusrr
2286 1317 2488 1375 Bam-

1422 1401 1571 1436 suus.
1600 1414 1661 1424 —
1689 1386 1893 1436 Deinde
1910 1387 2139 1436 Joannes
2168 1388 2447 1455 subjungit
2470 1407 2488 1441 z

1424 1459 1549 1525 Ipse
1585 1474 1680 1510 vos
1718 1460 2028 1526 baptizabit,
2066 1476 2175 1510 non
2213 1462 2390 1512 solum
2428 1463 2488 1512 in

1422 1544 1577 1595 aqua,
1609 1530 1700 1580 sed
1744 1540 1796 1580 et
1837 1529 1890 1580 in
1932 1530 2144 1595 Spiritu
2192 1532 2396 1583 Sancto
2434 1539 2489 1584 et

1423 1599 1567 1665 igne,
1610 1599 1833 1665 gratiam
1887 1599 2119 1664 Spiritus
2169 1602 2384 1662 Sancti,
2433 1612 2486 1653 et

1421 1670 1695 1720 charitatis
1747 1671 2105 1740 conferendo,
2165 1674 2312 1739 quod
2372 1690 2483 1725 non

1421 1750 1595 1806 potest
1632 1740 1819 1802 facere,
1860 1741 1963 1791 nisi
2002 1743 2163 1794 Deus,
2195 1745 2256 1795 In
2296 1745 2485 1810 Bapti-

1421 1827 1539 1862 smo
1580 1811 1727 1862 enim
1766 1811 1967 1863 Christi
2008 1814 2283 1865 confertur
2314 1817 2485 1882 gratia

1418 1884 1652 1950 Spiritus
1688 1885 1885 1945 Sancti,
1912 1895 1964 1936 et
1996 1902 2090 1952 per
2125 1887 2304 1953 ipsum
2336 1888 2482 1955 ignis

1418 1958 1709 2018 charitatiS‚
1741 1958 1787 2008 si
1826 1959 2002 2010 debite
2037 1962 2362 2026 suscipiatur
2395 1965 2482 2015 vel

1419 2029 1555 2079 obex
1596 2045 1705 2079 non
1741 2039 1995 2094 ponatur3
2039 2030 2340 2096 baptismus
2378 2049 2482 2084 au-

1416 2113 1525 2150 tem
1548 2099 1771 2150 ,loannis
1792 2099 1892 2150 ista
1911 2117 2018 2150 non
2044 2101 2365 2163 conferebat,
2386 2104 2480 2154 sed

1417 2171 1750 2237 Baptismum
1794 2170 1995 2220 Christi
2034 2171 2386 2237 significabat,
2427 2184 2481 2225 et

1416 2245 1481 2294 ad
1513 2245 1690 2310 ipsum
1720 2243 2051 2309 disponebat.
2093 2246 2248 2296 Unde
2285 2247 2478 2315 Chry-

1416 2321 1682 2365 sostomus
1728 2331 1746 2364 .·
1790 2332 1818 2360 «
1862 2314 2024 2364 Aliud
2069 2315 2173 2365 fuit
2213 2316 2480 2381 baptisma

1411 2384 1651 2445 Joannis,
1687 2384 1833 2433 aliud
1859 2384 2097 2435 Domini.
2132 2386 2270 2436 Illud
2295 2387 2478 2451 poeni-

1413 2454 1609 2515 tentiae,
1644 2454 1746 2504 hoc
1782 2454 2219 2505 sanctificationis
2258 2466 2311 2506 et
2347 2473 2477 2523 gra-

1413 2523 1518 2584 tiae,
1545 2525 1602 2573 in
1642 2540 1753 2590 quo
1793 2534 1845 2573 et
1879 2524 2111 2589 Spiritus
2149 2527 2378 2577 Sanctus
2416 2527 2475 2578 in

1411 2608 1741 2659 unoquoque
1768 2593 2030 2654 credente,
2066 2595 2130 2644 ad
2164 2595 2476 2661 decoquen-

1411 2668 1478 2717 da
1526 2677 1733 2732 peccata
1757 2704 1771 2728 ,
1821 2668 1983 2717 modo
2034 2667 2174 2733 ignis
2224 2680 2476 2734 operatur

1411 2753 1574 2788 urens
1600 2737 1809 2798 delicta,
1835 2754 2071 2804 purgans
2087 2740 2269 2790 sordes
2294 2741 2473 2793 carnis

1409 2817 1462 2858 et
1487 2807 1697 2858 animae.
1718 2827 1746 2856 n
1782 2809 1997 2859 Undeet
2010 2810 2162 2859 Beda
2192 2827 2209 2859 .·
2242 2811 2475 2876 «Bapti-

1407 2895 1592 2930 zamur
1620 2889 1799 2931 autern
1846 2897 1876 2932 a
1900 2882 2135 2932 Domino
2160 2881 2218 2931 in
2263 2883 2473 2948 Spiritu

1408 2953 1618 3014 Sancte,
1654 2970 1764 3004 non
1795 2955 1970 3004 solum
1996 2970 2117 3005 cum
2152 2954 2209 3004 in
2243 2954 2331 3005 die
2363 2955 2473 3007 Ba·-

1409 3024 1681 3089 ptismatis
1706 3064 1720 3085 ‚
1768 3024 1916 3075 fonte
1953 3025 2073 3075 vitae
2102 3025 2159 3074 in
2188 3026 2474 3076 remissio-

1407 3111 1532 3146 nem
1560 3106 1896 3162 peccatorum
1929 3096 2202 3147 abluimur
2225 3136 2239 3158 ,
2278 3112 2470 3148 verum

1407 3165 1568 3216 etiam
1609 3166 1851 3232 quotidie
1878 3206 1892 3227 ‚
1949 3182 2071 3217 cum
2123 3182 2218 3232 per
2242 3167 2470 3234 gratiam

1407 3237 1646 3301 ejusdem
1694 3236 1930 3302 Spiritus
1952 3274 1966 3297 ,
2018 3237 2084 3287 ad
2120 3237 2324 3303 agenda
2346 3252 2468 3303 quae

1404 3306 1515 3357 Deo
1541 3308 1777 3372 placent,
1823 3307 2182 3357 accendimur.
2216 3308 2310 3358 Est
2339 3323 2467 3373 ergo

1405 3376 1715 3442 Baptismus
1744 3376 1989 3427 fluminis
2013 3377 2069 3427 in
2103 3392 2258 3444 aqua,
2283 3377 2469 3427 flami·-

1407 3447 1496 3498 nis
1511 3448 1569 3497 in
1590 3447 1920 3515 poenitentia,
1947 3448 2229 3514 sanguinis
2251 3448 2311 3499 in
2330 3464 2470 3500 mar·

1402 3518 1560 3584 tyrio.
1586 3537 1614 3566 n

1473 3606 1540 3655 14
1570 3591 1837 3641 Ori-remu
1886 3592 2107 3642 Cmusrr
2134 3606 2189 3641 m
2230 3607 2465 3643 sacunno

1403 3679 1668 3714 ›mvsa-ru,
1698 3692 1759 3701 —
1791 3663 1996 3715 Deinde
2048 3673 2169 3728 post
2211 3664 2465 3715 testimo-

1403 3734 1559 3784 nium
1583 3734 1826 3795 Joannis,
1852 3735 1917 3785 de
1950 3734 2126 3800 primo
2151 3734 2353 3787 Christi
2377 3735 2467 3785 ad·

1399 3817 1566 3859 ventu
1587 3846 1601 3868 ,
1662 3808 1810 3858 addit
1852 3808 2013 3859 etiam
2062 3808 2129 3858 de
2182 3818 2420 3860 extremo
2445 3845 2461 3869 .

1400 3878 1717 3931 auctoritate
1794 3888 1846 3930 et
1916 3877 2219 3930 ministerio
2274 3877 2462 3944 judicii
