2784 4452
343 246 446 297 350

914 247 1149 299 PR1MAE
1182 245 1430 296 PARTIS
1461 246 1696 298 CAPUT
1725 248 1989 300 XXXVII.

339 363 432 413 sed
459 378 590 428 pure
621 372 839 429 propter
865 363 962 413 Dei
999 362 1243 429 gloriam,
1273 371 1327 412 et
1360 362 1591 427 proximi
1619 362 2027 415 aedificationem
2054 379 2116 415 ea
2136 365 2344 429 faciam,
2376 382 2477 417 nec
2507 368 2578 418 de

339 433 418 484 eis
451 449 694 499 unquam
737 434 972 485 inaniter
1012 433 1239 500 gloriam
1283 447 1629 497 praesumam,
1663 451 1732 485 ne
1759 436 2057 487 mercedem
2084 437 2174 487 hic
2199 438 2487 503 recipiens,
2513 439 2575 489 in

340 502 522 554 futuro
545 521 668 556 vera
696 505 937 557 mercede
964 519 1169 557 merear
1202 504 1464 565 evacuari,
1497 516 1553 558 et
1572 506 1933 558 nihilominus
1960 508 2138 574 poenis
2160 509 2371 560 aeternis
2400 510 2577 577 depu-

342 575 462 626 tari.
481 575 672 628 Amen.

1094 850 1430 920 CAPUT
1473 851 1815 922 XXXVII

334 1046 697 1116 Sermonis
745 1045 819 1113 in
857 1056 1085 1115 monte
1119 1047 1562 1117 continuatio
1614 1075 1637 1118 .·
1677 1050 1784 1119 De
1823 1049 2147 1122 oratione
2170 1051 2577 1122 Dominica.

1139 1242 1427 1305 Matthaei
1479 1264 1615 1328 cap.
1671 1246 1731 1309 6.

402 1470 422 1504 1
462 1454 760 1505 Oua-noms
790 1455 1066 1505 Dommxcae:
1102 1468 1406 1505 menum-

332 1544 444 1579 τιΛ.
472 1530 705 1579 —Inter
744 1539 915 1579 cetera
964 1538 1143 1579 autem
1182 1543 1303 1594 quae
1340 1529 1407 1577 de

331 1600 570 1650 oratione
623 1600 892 1661 dicuntur,
921 1599 1087 1649 oratio
1124 1596 1406 1648 Dominica

331 1667 689 1731 interseritur,
728 1685 850 1737 quae
892 1669 1081 1720 multis
1121 1684 1185 1719 ex
1232 1668 1406 1718 causis

328 1739 665 1790 orationibus
707 1741 895 1791 ceteris
940 1740 1222 1803 antecellit,
1249 1739 1402 1789 scili-

327 1821 411 1862 cet
436 1829 450 1861 ε
476 1811 786 1862 auctoritate
814 1813 1064 1875 doctoris,
1085 1811 1213 1879 quia
1230 1811 1402 1876 ipsius

329 1885 616 1936 Salvatoris
645 1901 736 1935 ore
761 1887 964 1951 prolata
985 1884 1115 1947 fuit3
1147 1885 1403 1935 brevitate

327 1959 614 2020 sermoniS,
646 1958 774 2026 quia
798 1958 956 2009 facile
978 1958 1192 2020 dicitur,
1222 1968 1274 2008 et
1291 1958 1401 2007 cito

328 2028 632 2095 profertur}
689 2029 1012 2080 sufficientia
1048 2029 1398 2096 petitionum,

328 2102 459 2168 quia
486 2103 770 2169 utriusque
796 2103 920 2153 vitae
946 2102 1184 2153 continet
1212 2116 1401 2152 neces-

323 2174 490 2238 saria3
541 2184 593 2224 et
644 2173 968 2224 fecunditate
1000 2172 1399 2241 mysteriorum,

326 2246 456 2313 quia
482 2247 748 2298 immensa
787 2247 1024 2299 continet
1059 2256 1398 2298 sacramenta.

327 2319 484 2370 Unde
532 2320 960 2387 Chrysostomus
1010 2337 1028 2370 .-
1071 2337 1099 2366 α
1137 2319 1401 2369 Dominus

325 2389 431 2439 sub
474 2389 791 2454 compendio
839 2390 1126 2441 verborum
1169 2390 1400 2440 formam

327 2460 518 2510 orandi
555 2460 771 2510 tradens
822 2460 1130 2527 discipulis,
1163 2471 1215 2511 et
1244 2477 1400 2511 sum-

328 2543 475 2579 mam
519 2538 573 2578 et
613 2527 986 2580 sufficientiam
1018 2530 1266 2581 omnium
1302 2546 1400 2597 pe-

327 2598 615 2648 tendorum
634 2636 647 2659 ,
690 2609 807 2649 tum
844 2600 1255 2661 beatitudinum,
1281 2610 1398 2651 tum

324 2669 597 2719 donorum
616 2670 879 2732 omnium,
895 2671 1139 2722 videlicet
1151 2672 1216 2721 ad
1234 2671 1399 2721 vitam

327 2750 649 2807 praesentem
671 2751 723 2792 et
750 2741 986 2792 futuram
1014 2741 1399 2808 pertinentium

325 2811 718 2877 complectitur.
763 2815 824 2863 In
868 2813 968 2863 hac
1000 2812 1257 2863 orationis
1284 2813 1400 2863 for-

325 2881 474 2931 mula
503 2882 679 2933 brevis
697 2884 961 2950 paucitate
979 2883 1286 2947 verborum,
1306 2883 1400 2934 sed

323 2951 599 3004 sufficiens
643 2955 996 3007 continentia.
1018 2955 1267 3005 omnium
1306 2971 1402 3023 pe-

325 3023 632 3089 tendorum,
674 3027 824 3076 omni
869 3026 1111 3083 oratione
1145 3026 1403 3093 spiritua-

321 3092 476 3144 lioris
526 3103 579 3144 et
643 3097 951 3159 sanctioris,
1010 3097 1140 3164 quia
1189 3112 1254 3148 ex
1310 3113 1404 3148 ore

321 3164 590 3216 Altissimi
639 3167 925 3233 processit,
970 3169 1101 3235 quia
1148 3178 1405 3235 petuntur

324 3246 377 3286 et
402 3237 753 3289 includuntur
781 3255 903 3306 quae
925 3241 982 3291 in
1008 3241 1260 3292 omnibus
1280 3241 1403 3291 aliis

325 3306 657 3358 orationibus
709 3309 1069 3362 continentur.
1126 3311 1177 3361 O
1232 3326 1399 3376 quam

255 3433 266 3443 ·
322 3374 499 3435 fidelis
527 3377 638 3428 haec
665 3388 718 3429 et
745 3379 897 3430 beata
922 3380 1080 3430 nobis
1108 3380 1280 3430 oratio
1299 3391 1398 3444 est,

321 3448 476 3512 cujus
505 3450 750 3501 ordinem
780 3451 938 3502 nobis
959 3452 1155 3502 Doctor
1173 3452 1318 3513 vitae,
1341 3468 1408 3504 ac

318 3518 571 3585 Magister
612 3520 858 3589 Coelestis
912 3520 1171 3572 instituit!
1228 3522 1404 3582 Quam

262 3588 265 3591 ’
321 3587 464 3638 δαιτί
507 3589 668 3640 etiam
716 3607 816 3642 nos
850 3606 967 3642 esse
995 3607 1305 3658 possumus,
1353 3594 1399 3644 si

318 3660 484 3725 hujus
507 3663 768 3715 orationis
785 3664 1083 3716 Dominicae
1104 3667 1267 3717 verba
1289 3681 1398 3716 non

318 3739 532 3782 tantum
560 3733 738 3786 officio
767 3735 899 3796 oris,
941 3736 1034 3786 sed
1069 3736 1231 3787 etiam
1261 3736 1400 3787 fide-

318 3799 543 3852 lissimae
588 3805 1007 3855 conversationis
1048 3815 1170 3856 actu
1215 3821 1400 3858 serve-

322 3871 465 3923 mus!
491 3874 642 3926 Hanc
669 3875 848 3944 itaque
867 3877 1097 3931 formam
1127 3879 1401 3932 Dominus

1509 1453 1790 1522 discipulis
1831 1456 1944 1508 suis
1972 1457 2038 1507 ad
2066 1471 2216 1524 spem
2253 1458 2444 1509 salutis
2473 1458 2586 1510 hu-

1510 1541 1683 1577 manae
1737 1529 1926 1578 orandi
1987 1529 2281 1589 constituit,
2334 1529 2589 1581 universa

1510 1596 1674 1661 igitur
1717 1614 1841 1664 quae
1886 1598 2009 1649 fidei
2067 1615 2126 1649 ac
2171 1598 2328 1650 saluti
2382 1611 2588 1652 nostrae

1510 1677 1635 1717 sunt
1684 1669 1978 1720 neccssaria
2038 1669 2098 1720 in
2169 1670 2269 1719 hac
2327 1670 2588 1722 brevitate

1508 1737 1769 1788 orationis
1814 1739 2101 1790 dominicae
2146 1740 2587 1791 continentum»

1510 1808 1622 1858 haec
1657 1810 2102 1878 Chrysostomu3.'
2141 1812 2218 1862 De
2259 1811 2588 1863 sufficientia

1509 1895 1728 1946 quoque
1772 1882 1933 1933 istius
1969 1882 2230 1934 orationis
2267 1883 2586 1944 benedictae,

1508 1953 1585 2004 sic
1615 1954 1749 2005 dicit
1780 1955 2122 2022 Augustinus
2141 1973 2158 2006 .-
2179 1974 2206 2002 «
2232 1956 2588 2022 Quaecunque

1507 2026 1611 2077 alia
1657 2027 1819 2077 verba
1874 2027 2141 2090 dicamus,
2193 2044 2315 2094 quae
2365 2028 2590 2080 affectus

1507 2098 1709 2148 orantis
1764 2097 1975 2159 format,
2029 2100 2105 2150 nil
2144 2099 2290 2149 aliud
2331 2100 2588 2160 dicimuS,

1508 2184 1672 2235 quam
1711 2169 1858 2236 quod
1887 2169 1944 2219 in
1978 2169 2081 2220 ista
2107 2169 2351 2219 oratione
2386 2170 2587 2220 Domi-

1510 2243 1629 2293 nica
1678 2243 1917 2309 positum
1953 2253 2052 2304 est,
2099 2242 2144 2294 si
2182 2252 2321 2293 recte
2360 2253 2414 2294 et
2455 2259 2590 2294 con-

1508 2323 1761 2378 gruenter
1795 2329 2033 2364 oramus.
2082 2314 2152 2364 Et
2185 2313 2230 2362 si
2276 2329 2372 2378 per
2400 2314 2590 2364 omnia

1509 2386 1877 2452 precationum
1912 2396 2214 2437 sanctarum
2257 2387 2420 2436 verba
2466 2387 2591 2437 dis-

1507 2474 1705 2521 curras,
1753 2459 1894 2510 nihil
1932 2459 2177 2510 invenies
2215 2459 2362 2525 quod
2393 2459 2452 2509 in
2485 2459 2593 2511 ista

1507 2529 1748 2579 oratione
1769 2528 2053 2579 Dominica
2076 2545 2187 2579 non
2216 2528 2591 2598 contineatur;

1507 2599 1760 2666 quisquis
1807 2610 1987 2650 autem
2039 2600 2115 2650 id·
2140 2598 2274 2649 dicit
2312 2600 2462 2666 quod
2519 2602 2590 2650 ad

1509 2670 1667 2720 istam
1687 2671 2061 2737 Evangelicam
2083 2686 2292 2736 precem
2317 2670 2594 2736 pertinere

1511 2755 1621 2789 non
1676 2741 1864 2806 possit,
1919 2741 2201 2792 carnaliter
2232 2750 2379 2801 orat,
2436 2742 2591 2807 quod

1509 2810 1688 2861 nescio
1717 2813 1992 2878 quomodo
2023 2828 2133 2862 non
2159 2812 2369 2862 dicatur
2401 2811 2595 2862 illicite

1510 2880 1730 2947 quando
1757 2891 1970 2932 renatos
2006 2880 2278 2931 Dominus
2321 2896 2434 2931 non
2479 2881 2595 2932 nisi

1506 2954 1861 3021 spiritualiter
1877 2955 2030 3005 docet
2057 2969 2208 3005 orare
2232 2971 2248 3004 ε
2272 2973 2300 3002 5>
2332 2954 2448 3004 haec
2465 2955 2594 3005 Au-

1508 3027 1778 3093 gavinus,
1810 3025 2124 3094 Cyprianus
2151 3023 2312 3074 etiam
2355 3024 2421 3074 de
2460 3039 2596 3074 ora-

1510 3097 1660 3147 tione
1687 3096 1971 3147 Dominica
1994 3094 2142 3156 dicit,
2161 3096 2307 3161 quod
2333 3095 2596 3146 Christus

1511 3168 1571 3218 in
1626 3168 1730 3220 ista
1799 3168 2041 3219 oratione
2108 3167 2415 3234 magisterio
2485 3182 2594 3218 suo

1512 3255 1734 3291 omnem
1788 3255 2002 3306 precem
2070 3249 2309 3290 nostram
2365 3240 2592 3290 salutari

1512 3326 1756 3363 sermone
1775 3311 2051 3362 breviavit.
2074 3311 2250 3371 Quare
2268 3320 2447 3360 autem
2469 3309 2595 3362 haec

1511 3382 1680 3433 oratio
1708 3390 1816 3431 tam
1848 3381 2024 3431 brevis
2052 3391 2149 3442 est,
2190 3390 2244 3431 et
2274 3389 2383 3430 tam
2419 3395 2597 3446 pauca

1509 3452 1671 3504 verba
1682 3450 2071 3517 complectitur,
2085 3460 2310 3518 possunt
2326 3450 2595 3516 assignari

1511 3534 1716 3592 septem
1764 3523 1996 3574 rationes
2027 3540 2042 3575 ς
2075 3523 2267 3591 prima,
2309 3531 2371 3572 ut
2425 3522 2596 3573 citius

1510 3595 1847 3658 addiscatur3
1896 3594 2148 3656 secunda,
2178 3603 2240 3644 ut
2274 3592 2471 3643 melius
2499 3608 2595 3643 re-

1510 3666 1773 3728 tineatur;
1826 3664 2006 3726 tertia,
2058 3673 2121 3714 ut
2175 3664 2358 3715 nullus
2378 3662 2445 3712 de
2471 3663 2594 3727 ejus

1512 3733 1814 3802 ignorantia
1870 3744 2177 3797 excusetur3
2233 3742 2421 3799 quarta
2436 3770 2451 3796 ‚
2523 3740 2592 3780 ut

1512 3805 1846 3875 frequentius
1876 3806 2111 3870 dicatur3
2142 3804 2349 3871 quinta,
2383 3811 2445 3852 ut
2484 3809 2590 3850 ιω·

1508 3877 1662 3930 dium
1680 3877 1738 3929 in
1767 3877 1994 3930 dicendo
2019 3884 2386 3937 removeatur5
2415 3878 2586 3936 sexta,
