2784 4452
412 248 485 299 30
1083 247 1322 298 PRIMAE
1355 248 1606 299 PARTIS
1638 250 1872 323 CAPUT
1905 252 1990 303 111.

1364 364 1493 415 inus

1335 444 1492 485 tnon

421 382 604 417 romu.
638 394 699 402 —
745 363 932 414 Voluit
981 372 1161 414 autem
1223 365 1305 414 Do

426 447 655 486 matrem
680 449 834 484 suam
856 433 1052 483 habere
1078 434 1276 494 virum,

418 508 486 558 de
513 506 767 572 simplici,
803 505 895 554 sed
924 505 990 555 de
1019 505 1340 571 desponsata
1373 522 1495 557 con-

396 579 525 644 cipi
581 588 633 628 et
686 576 851 636 nasci,
904 577 1131 627 diversis
1174 593 1239 628 ex
1285 577 1490 642 causis3

421 664 650 715 quarum
719 647 967 712 quaedam
1031 647 1366 713 accipiuntur
1409 664 1495 699 ·ex

420 731 569 788 parte
596 720 766 786 pueri,
798 721 1042 786 quaedam
1088 737 1151 771 ex
1196 732 1343 787 parte
1387 736 1495 771 ma-

392 791 536 852 .tri5,
596 791 844 856 quaedam
911 806 974 840 ex
1040 800 1187 855 parte
1242 791 1491 842 aliorum.

419 861 505 912 Ex
562 871 710 926 parte
767 861 917 925 pueri
974 871 1269 911 sumuntur
1323 862 1495 912 ratio-

421 948 519 983 nes
593 931 854 997 quinque.
927 931 1124 995 Prima,
1196 932 1494 981 secundum

427 1002 854 1068 Hieronymum,
917 1012 1134 1066 propter
1177 1001 1495 1052 declaratio-

422 1087 550 1122 nem
592 1071 838 1136 originis,
873 1082 932 1121 ut
963 1087 1056 1136 per
1094 1071 1494 1137 generationem

422 1144 641 1209 Joseph,
682 1144 833 1209 'cujus
888 1145 1055 1194 Maria
1103 1153 1328 1210 cognata
1363 1153 1494 1204 erat,

425 1216 577 1282 origo
607 1217 788 1266 Mariae
821 1226 1226 1276 monstraretur,
1266 1227 1320 1266 et
1346 1214 1497 1265 more

425 1289 824 1353 Scripturarum
845 1288 1153 1354 genealogia
1175 1288 1379 1339 Christi
1403 1303 1498 1354 per

424 1359 603 1411 virum
647 1359 1378 1419 describeretur.—Secunda,
1406 1374 1498 1408 se-

424 1430 665 1481 cundum
723 1430 1082 1491 Ambrosium,
1141 1439 1358 1494 propter
1408 1444 1498 1479 re-

426 1501 725 1551 motionem
757 1501 1101 1566 suspicioniS,
1146 1517 1214 1551 ne
1242 1501 1445 1552 scilicet
1468 1516 1499 1551 a

426 1571 587 1636 Legis
645 1570 844 1636 injuria
893 1570 1158 1635 incepisse
1207 1570 1497 1632 videretur,

422 1656 549 1691 cum
593 1651 776 1706 partus
818 1641 1060 1705 innuptae
1103 1641 1243 1706 Lege
1270 1641 1499 1691 damna-

426 1722 590 1764 retur.
636 1741 696 1750 -—
742 1713 940 1772 Tertia,
991 1713 1291 1763 secundum
1340 1729 1499 1763 eum-

424 1785 571 1843 dem,
604 1792 823 1848 propter
851 1782 1206 1832 remotionem
1246 1782 1502 1849 suspicio·

429 1857 548 1917 nis,
596 1872 664 1906 ne
707 1855 909 1906 scilicet
960 1857 1199 1907 Herodes
1240 1866 1293 1907 et
1331 1857 1499 1907 Judaei

429 1926 710 1978 Christum
739 1926 893 1990 juste,
944 1927 1099 1991 quasi
1134 1927 1202 1976 de
1238 1926 1501 1977 adulterio

432 2007 639 2057 natum,
675 1996 921 2062 persequi
962 1997 1303 2060 viderentur3
1348 2008 1403 2047 et
1432 1998 1501 2047 ab

432 2071 744 2123 infidelibus
773 2081 1033 2137 tanquam
1063 2071 1382 2137 illegitimus
1415 2072 1504 2121 ab·

430 2144 702 2209 jiceretur.
725 2171 786 2181 —
808 2143 1024 2203 Quarta,
1057 2144 1354 2193 secundum
1383 2143 1503 2193 Ori-

430 2233 646 2285 genem,
652 2229 868 2284 propter
883 2219 1330 2270 sustentationem
1348 2218 1500 2285 pueri

430 2294 664 2345 maxime
704 2310 827 2344 cum
860 2294 1078 2344 deberet
1117 2295 1175 2343 in
1203 2295 1502 2359 AEgyptum

432 2370 654 2435 portari,
684 2379 745 2419 ut
788 2369 988 2420 scilicet
1027 2369 1228 2435 Joseph
1275 2368 1505 2419 nutriret

430 2459 591 2507 eum3
624 2445 768 2493 unde
798 2454 851 2493 et
890 2445 1089 2509 Joseph
1120 2444 1380 2496 nutritius
1405 2444 1507 2493 Do-

436 2519 576 2568 mini
607 2519 919 2583 appellatur.
954 2519 1174 2578 Quinta,
1207 2519 1503 2569 secundum

434 2587 756 2653 Origenem,
795 2586 1195 2654 Hierony-mum
1235 2598 1289 2637 et
1334 2588 1505 2638 Basi-

433 2656 581 2717 lium,
614 2666 831 2721 propter
860 2655 1270 2705 occultationem
1302 2657 1504 2707 nativi-

431 2726 560 2777 tatis
600 2726 837 2786 Christi,
895 2735 954 2775 ut
995 2726 1245 2777 videlicet
1297 2738 1505 2793 myste-

433 2796 581 2846 rium
621 2805 674 2844 et
728 2805 912 2860 partus
968 2795 1093 2845 Filii
1143 2795 1238 2846 Dei
1288 2796 1506 2847 diabolo

433 2866 711 2925 celaretur,
745 2866 876 2914 dum
907 2880 1032 2914 eum
1061 2875 1272 2929 putaret
1299 2882 1411 2916 non
1440 2867 1507 2917 de

437 2936 666 3001 virgine,
698 2935 790 2984 sed
819 2936 886 2984 de
918 2951 1084 2985 uxore
1109 2944 1442 3000 generatum.

499 3006 533 3055 8
582 3006 776 3056 CAUSAE
838 3022 906 3055 Ex
966 3022 1137 3055 PARTE
1187 3022 1401 3057 MATRIS.
1444 3033 1505 3045 -—-

438 3076 601 3135 Item,
652 3075 895 3141 quinque
937 3076 1171 3126 rationes
1215 3086 1508 3127 sumuntur

436 3161 502 3197 ex
546 3155 694 3210 parte
723 3145 927 3196 matriS.
982 3146 1176 3206 Prima,
1207 3147 1505 3197 secundum

435 3216 795 3277 Ambrosium,
853 3231 920 3266 ne
977 3216 1193 3281 gravida
1243 3232 1507 3282 apparens

436 3288 828 3339 infamaretur:
860 3299 913 3339 et
952 3288 1072 3340 ideo
1118 3289 1366 3355 permisit
1390 3290 1507 3340 Do-

436 3358 624 3410 minus
664 3359 808 3424 quod
861 3359 1042 3424 potius
1098 3360 1164 3410 de
1205 3375 1306 3410 suo
1349 3368 1473 3409 ortu
1492 3397 1505 3419 ,

436 3444 603 3496 quam
643 3430 709 3479 de
746 3430 933 3480 matris
976 3430 1179 3495 pudore
1227 3429 1507 3479 dubitare-

436 3511 545 3553 tur.
575 3529 636 3539 -
668 3502 929 3563 Secunda,
960 3502 1258 3551 secundum
1298 3500 1508 3551 Bedam

436 3581 494 3624 et
510 3572 927 3641 Hieronymum,
957 3572 1024 3622 ad
1047 3571 1363 3622 vitationem
1389 3586 1508 3636 poe-

439 3661 545 3708 nae,
575 3661 642 3697 ne
687 3647 887 3697 scilicet
928 3656 1185 3711 tanquam
1213 3645 1453 3695 adultera
1478 3659 1510 3694 a

442 3717 643 3769 Judaeis
696 3717 1131 3778 calumniaretur,
1157 3727 1210 3767 et
1236 3716 1316 3768 sic
1353 3715 1509 3782 quasi

443 3788 584 3853 juste
635 3790 976 3855 lapidaretur.
998 3816 1059 3826 -
1087 3788 1286 3849 Tertia,
1328 3802 1512 3838 secun-

448 3861 582 3913 dum
629 3863 1026 3929 Hieronymum
1085 3871 1138 3913 et
1188 3860 1508 3928 origenem,

1598 365 1665 416 ad
1708 369 2154 419 sustentationem
2191 370 2385 431 solatii,
2411 382 2472 422 ut
2506 372 2667 424 scili-

1598 450 1680 490 cet
1732 439 1834 490 viri
1884 440 2189 492 ministerio
2238 452 2290 493 et
2338 444 2560 506 solati0,
2614 456 2670 496 et

1599 509 1833 560 maxime
1878 510 1937 560 in
1980 511 2277 578 AEgyptum
2320 512 2563 579 fugienS‚
2615 526 2671 566 et

1600 583 1728 634 inde
1766 583 1997 645 rediens,
2042 585 2322 637 frueretur.
2353 616 2413 625 —
2442 587 2669 650 Quarta,

1601 657 1898 706 secundum
1940 658 2208 722 Glossam,
2248 661 2314 710 ad
2356 661 2671 712 roboratio-

1602 742 1728 776 nem
1753 725 1896 787 fidei,
1927 738 1988 777 ut
2016 729 2216 779 scilicet
2259 731 2441 781 Mariae
2481 732 2672 782 verbis

1604 801 1775 865 major
1833 799 1965 850 fides
2011 803 2385 868 adhiberetur3
2433 805 2673 871 innupta

1600 871 1748 921 enim
1788 887 2072 938 praegnans
2115 875 2332 924 mentiri
2374 875 2672 938 videretur,

1604 957 1701 993 nec
1728 943 1795 1004 ei,
1826 943 1873 994 si
1905 959 1964 993 se
1990 943 2259 1009 virginem
2289 962 2405 996 esse
2443 946 2671 1009 diceret,

1600 1015 1916 1065 crederetur.
1959 1043 2019 1052 ——
2058 1016 2290 1077 Quinta,
2335 1018 2400 1067 ad
2444 1019 2675 1083 partici-

1603 1084 1876 1149 pationem
1909 1095 2079 1136 status
2120 1087 2340 1152 singuli,
2382 1098 2444 1138 ut
2485 1088 2680 1140 videli-

1603 1166 1684 1206 cet
1723 1166 1895 1207 mater
1933 1158 2155 1208 Domini
2201 1159 2420 1210 haberet
2461 1160 2679 1227 aliquid

1603 1228 1891 1309 cuj-uslibet
1927 1239 2115 1290 status,
2148 1230 2403 1281 scilicet:
2445 1231 2677 1298 virgini-

1604 1297 1748 1359 tatiS,
1777 1299 2132 1361 matrimonii,
2161 1310 2211 1350 et
2233 1300 2529 1352 viduitatiS.

1665 1384 1699 1436 9
1733 1369 1926 1420 CAUSAE
1978 1387 2044 1420 Ex
2100 1388 2270 1420 PARTE
2317 1388 2576 1423 ALIORUM.
2616 1400 2680 1410 —

1604 1439 1769 1500 Item,
1815 1439 2059 1506 quinque
2102 1441 2336 1491 rationes
2379 1452 2683 1494 sumuntur

1602 1526 1669 1560 ex
1695 1511 2111 1594 parte0aliorum.
2146 1511 2342 1572 Prima,
2373 1513 2680 1563 secundum

1603 1584 1963 1646 Ambrosium,
2007 1584 2073 1633 ad
2120 1584 2476 1634 remotionem
2522 1600 2684 1636 excu-

1605 1652 1830 1703 sationis
1878 1654 2094 1719 peccati,
2134 1669 2201 1703 ne
2242 1654 2552 1719 virginibus
2577 1655 2684 1705 im-

1606 1725 1818 1791 pudicis
1844 1735 1897 1776 et
1926 1727 2064 1776 male
2097 1727 2403 1777 viventibus
2428 1728 2680 1779 velamen

1605 1797 1969 1847 excusationis
2025 1798 2378 1862 praeberetur,
2435 1815 2501 1848 ex
2565 1815 2683 1866 quo

1611 1877 1783 1918 mater
1824 1868 2044 1917 Domini
2081 1867 2336 1918 infamata
2382 1870 2681 1922 videretur.

1609 1966 1669 1975 —
1705 1937 1964 1998 Secunda,
2011 1939 2308 1988 secundum
2356 1939 2674 2004 origenem,

1606 2007 1673 2057 ad
1695 2005 2160 2057 confirmationem
2192 2007 2531 2058 matrimonii
2556 2025 2685 2060 con-

1606 2089 1688 2130 tra
1750 2077 1961 2129 futuros
2029 2079 2306 2129 haereticos
2329 2119 2341 2140 ,
2406 2080 2687 2131 matrimo-

1610 2149 1764 2199 nium
1785 2150 2040 2199 damnare
2067 2151 2333 2212 volentes3
2364 2151 2464 2211 vel,
2496 2160 2558 2200 ut
2585 2166 2688 2216 per

1608 2220 1713 2271 hoc
1738 2220 1884 2286 quod
1913 2221 1980 2270 de
2015 2220 2226 2287 virgine
2260 2232 2313 2271 et
2353 2221 2684 2287 desponsata

1610 2302 1931 2353 nasceretur,
1962 2303 2187 2359 uterque
2215 2302 2384 2343 status
2411 2304 2465 2343 et
2504 2294 2686 2360 virgi—

1611 2380 1745 2414 num
1799 2374 1853 2414 et
1912 2366 2317 2429 conjugatorum
2365 2366 2687 2430 approbare-

1608 2446 1714 2498 tur,
1759 2445 1943 2486 contra
1998 2436 2275 2486 haereticos
2332 2436 2482 2486 alteri
2539 2437 2683 2487 isto-

1610 2522 1733 2558 rum
1783 2506 2144 2557 detrahenteS.
2202 2535 2262 2544 —
2320 2506 2504 2557 Tertia
2528 2545 2542 2567 ,
2611 2508 2682 2557 ad

1610 2577 2035 2628 sublevationem
2064 2576 2359 2642 opprobrii,
2391 2586 2453 2626 ut
2479 2576 2686 2628 scilicet

1610 2650 1679 2699 ab
1708 2649 1859 2699 omni
1901 2649 2068 2714 gradu
2102 2648 2426 2698 feminarum
2460 2649 2687 2700 tollere-

1609 2730 1701 2771 tur
1741 2720 2113 2786 opprobrium,
2159 2721 2304 2786 quod
2350 2720 2406 2770 in
2452 2720 2560 2771 Eva
2602 2721 2688 2771 in-

1610 2800 1834 2841 currunt
1892 2805 2081 2840 omnes
2143 2789 2389 2853 feminae3
2454 2800 2506 2841 et
2568 2801 2687 2841 tam

1608 2861 1847 2927 virgines
1876 2876 2042 2927 quam
2067 2869 2268 2925 nuptae,
2300 2876 2464 2926 quam
2514 2861 2687 2912 etiam

1610 2934 1787 2985 viduae
1820 2950 1850 2984 a
1876 2935 2151 2984 communi
2192 2935 2499 3000 opprobrio,
2531 2937 2687 3000 quod

1611 3005 1670 3055 in
1724 3005 1834 3055 Eva
1880 3014 2271 3065 contraxerant,
2316 3004 2690 3055 eximerentur

1612 3076 1668 3126 in
1695 3091 1924 3142 persona
1952 3075 2153 3125 Mariae.
2178 3103 2237 3111 —
2272 3075 2472 3134 Quarta
2505 3084 2587 3125 est
2613 3077 2688 3125 ad

1610 3147 2132 3199 commendationem
2186 3147 2415 3213 exempli
2451 3142 2562 3198 {ut
2591 3146 2689 3198 Vi—

1610 3221 1807 3271 delicet
1847 3219 2167 3281 ostenderet,
2215 3220 2347 3271 facta
2384 3220 2687 3286 desponsa-

1610 3294 1775 3356 tione,
1815 3303 1936 3344 ante
1985 3295 2408 3357 conventionem,
2444 3294 2687 3345 liberum

1577 3365 1598 3387 ⁸
1613 3379 1731 3415 esse
1750 3364 1977 3414 transire
1996 3364 2060 3413 ad
2083 3364 2307 3414 meliora
2324 3373 2465 3428 vota,
2480 3378 2689 3429 sponso

1612 3434 1943 3500 irrequisit0‚
1988 3445 2052 3484 ut
2084 3445 2165 3484 est
2204 3433 2258 3483 in
2288 3433 2608 3500 religionis
2593 3449 2690 3485 m-

1613 3518 1819 3570 gressu,
1849 3503 1946 3554 ubi
1974 3504 2149 3554 anima
2167 3503 2521 3569 desponsatur
2539 3504 2684 3555 Deo
2670 3543 2688 3570 ,

1614 3574 1754 3626 sicut
1780 3574 1927 3626 fuit
1914 3591 1969 3624 in
2000 3576 2150 3626 beata
2179 3575 2419 3641 Virgine.
2430 3604 2492 3613 —
2513 3574 2692 3636 Quin-

1612 3656 1667 3697 ta
1719 3656 1819 3707 est,
1874 3647 2169 3697 secundum
2215 3646 2691 3715 Chrysostomum,

1612 3716 1680 3767 ad
1707 3716 2120 3767 declarationem
2150 3716 2411 3783 mysterii,
2440 3732 2554 3784 quo
2572 3717 2693 3769 sci-

1614 3788 1739 3843 licet
1766 3788 1872 3855 ipsi
1888 3789 2105 3840 Christo
2133 3790 2487 3855 desponsatur
2513 3789 2698 3841 Eccle-

1615 3860 1713 3924 sia,
1741 3876 1865 3927 quae
1884 3860 2036 3927 virgo
2065 3871 2146 3911 est
2167 3860 2509 3914 immaculata
2536 3876 2695 3914 sem·
