2784 4452
338 369 443 420 442

340 471 471 522 tiam
513 488 629 523 esse
671 473 898 526 videbat.
936 475 1040 527 Ubi
1066 476 1405 543 Chryso-rto-

341 560 460 595 mus
505 564 523 596 .·
566 566 594 592 (t
647 548 877 599 Attende
942 560 1121 600 autem
1197 550 1402 601 Christi

339 617 738 680 humilitatem,
781 633 1067 689 postquam
1109 623 1253 673 enim
1285 624 1405 672 col-

337 689 462 740 latis
502 706 532 740 a
572 707 629 742 se
661 692 859 743 talibus
887 692 1158 744 beneficiis
1182 693 1401 743 emitte-

338 761 469 812 bant
499 779 642 825 eum,
682 780 791 814 non
814 762 1009 823 obstat,
1031 766 1121 815 sed
1149 764 1400 828 discedit;

338 842 393 884 et
445 848 538 883 eos
585 835 681 900 qui
745 835 950 902 seipsos
992 835 1247 901 indignos
1303 851 1402 885 sua

338 905 579 957 doctrina
598 910 1081 974 promulgaverant,
1097 909 1401 975 dereliquit,

336 978 473 1029 dans
519 980 597 1030 eis
642 980 889 1031 doctores
929 981 1183 1031 liberatos
1221 997 1252 1032 a
1285 983 1403 1032 dae-

338 1051 612 1111 monibus,
637 1062 691 1102 et
712 1068 994 1117 porcorum
1016 1064 1269 1118 pastores.
1297 1072 1328 1101 n

401 1137 435 1187 7
463 1122 836 1184 Dmomactm,
892 1139 1052 1174 mma
1098 1140 1404 1175 »isernoros

337 1206 444 1241 icon
473 1207 740 1252 nummis,
774 1208 828 1242 ιιι
860 1208 962 1243 sua
989 1210 1182 1244 aarum
1208 1211 1402 1245 ruffini-

336 1277 510 1312 σηοω.
555 1278 850 1314 rernm-run.
878 1292 941 1303 -
965 1265 1200 1331 Cumque
1238 1267 1405 1316 Jesus

336 1348 527 1384 navem
564 1335 898 1399 ascenderet,
934 1338 1179 1402 rogabat
1219 1337 1399 1399 illum,

340 1420 407 1455 ex
432 1404 713 1456 devotione
736 1417 972 1468 sanatus,
1000 1414 1057 1458 ut
1074 1422 1190 1459 cum
1225 1424 1287 1459 eo
1310 1423 1402 1458 es-

338 1483 449 1539 set,
495 1477 623 1543 quia
653 1489 834 1544 gratus
887 1480 954 1531 de
994 1480 1251 1531 beneficio
1295 1480 1402 1531 sibi

338 1548 550 1609 collat0,
598 1564 722 1599 eum
773 1550 925 1617 sequi
965 1551 1192 1602 volebat.
1239 1553 1403 1602 Jesus

337 1624 515 1668 autem
547 1635 649 1670 non
676 1620 912 1683 admisit,
942 1619 996 1670 id
1020 1630 1100 1671 est
1131 1638 1240 1672 non
1268 1636 1405 1671 rece-

337 1687 420 1753 pit
457 1704 584 1737 eum
628 1691 694 1739 ad
740 1690 1139 1756 discipulatum,
1186 1701 1405 1757 propter

334 1761 685 1826 praecedentis
724 1762 984 1827 passionis
1015 1762 1324 1827 horrorem,
1350 1774 1406 1814 et

335 1845 404 1880 ne
430 1830 819 1881 adscriberetur
846 1832 1097 1893 daemoni,
1126 1835 1271 1900 quod
1301 1834 1404 1884 iste

332 1900 542 1966 faceret,
591 1902 636 1953 si
670 1904 966 1970 discipulus
998 1905 1200 1956 Christi
1241 1916 1397 1956 esset.

335 1973 416 2024 Ex
443 1974 547 2024 hoc
568 1975 685 2025 loco
718 1976 976 2042 accipitur
999 1988 1053 2028 et
1077 1990 1400 2029 consuetum

335 2056 416 2096 est
449 2045 508 2097 in
555 2049 816 2111 Ecclesia,
843 2052 990 2117 quod
1016 2051 1328 2102 daemoniaci
1349 2061 1403 2103 et

335 2117 524 2168 furiosi
558 2130 681 2184 post
702 2122 1031 2171 curationem
1055 2138 1162 2172 non
1188 2138 1401 2188 promo-

334 2201 530 2243 ventur
565 2193 630 2242 ad
656 2193 1011 2246 ecclesiastica
1047 2194 1263 2259 officia;
1303 2196 1398 2246 sed

335 2262 605 2314 Dominus
633 2280 758 2314 eum
795 2281 955 2332 quem
998 2277 1266 2318 curaverat
1306 2283 1402 2317 se-

336 2350 462 2386 cum
511 2338 700 2388 ducere
761 2340 968 2400 noluit,
1024 2349 1085 2390 ut
1141 2341 1402 2406 jactantiae

334 2420 548 2458 causam
600 2408 770 2459 vitare
817 2410 1060 2474 doceret;
1093 2421 1146 2461 et
1184 2419 1401 2476 propter

334 2478 567 2531 fructum
623 2482 1019 2546 praedicationis
1081 2482 1257 2550 ipsum
1329 2485 1398 2533 ad

333 2564 464 2600 suos
490 2552 716 2611 remisit,
747 2560 806 2602 ut
837 2567 930 2617 per
954 2568 1079 2603 eum
1106 2554 1228 2604 aliis
1266 2570 1403 2620 pro-

334 2633 608 2672 curaretur
632 2624 796 2684 saluS,
824 2634 877 2673 et
912 2623 1224 2675 infidelibus
1260 2635 1401 2676 esset

335 2694 582 2758 exemplo
624 2692 739 2758 ipse
774 2704 1011 2745 sanatus.
1041 2695 1198 2746 Unde
1219 2710 1345 2745 eum
1367 2711 1403 2745 a

290 2763 301 2772 ⁹
334 2778 434 2814 sua
458 2765 680 2829 sequela
703 2763 1022 2829 simpliciter
1039 2782 1149 2816 non
1169 2766 1397 2831 repellit,

333 2835 429 2886 sed
444 2835 620 2900 ipsum
646 2836 1046 2901 praedicatorem
1065 2839 1397 2904 magnalium

333 2907 644 2958 divinorum
671 2907 969 2969 constituit,
1001 2909 1180 2959 dicens
1210 2926 1225 2958 ε
1253 2911 1401 2960 Vade

336 2978 392 3029 in
414 2977 628 3028 domum
656 2983 824 3040 tuam,
858 2981 924 3029 ad
952 2989 1075 3030 tuos
1107 2980 1307 3046 quibus
1335 2996 1402 3030 ex

336 3048 516 3100 officio
544 3047 779 3099 caritatis
816 3052 937 3114 plus
960 3051 1186 3110 teneris,
1216 3057 1267 3101 et
1293 3065 1403 3101 an-

335 3121 525 3172 nuntia
546 3120 659 3170 illis
684 3127 882 3185 quanta
906 3121 1002 3172 tibi
1027 3122 1290 3172 Dominus
1300 3122 1401 3188 se-
1432 3117 1435 3120 ’

338 3192 432 3254 cit,
463 3202 516 3242 et
544 3192 623 3242 tui
655 3192 908 3243 misertus
935 3193 1022 3253 sit,
1054 3209 1250 3244 sanans
1276 3204 1326 3245 te
1345 3194 1402 3243 in

338 3263 519 3315 anima
541 3272 594 3313 et
619 3263 673 3312 in
701 3279 935 3329 corpore.
957 3265 1106 3314 Unde
1136 3265 1403 3331 Theophi-

340 3335 430 3387 lus
448 3352 468 3386 :
491 3353 519 3381 ιι
541 3335 678 3386 Vide
706 3336 991 3386 Salvatoris
1011 3336 1403 3399 humilitatem;

335 3423 447 3458 non
499 3407 637 3457 dixit
679 3424 695 3456 ε
740 3408 1007 3459 Denuntia
1058 3410 1244 3460 omnia
1280 3425 1403 3471 quae

339 3480 440 3531 feci
469 3479 591 3543 tibi,
628 3480 755 3529 sed:
783 3480 976 3532 Omnia
1010 3495 1131 3545 quae
1146 3481 1286 3547 fecit
1308 3481 1405 3532 tibi

337 3555 635 3616 Dominus;
673 3554 754 3604 sic
786 3563 846 3604 tu
888 3571 1010 3605 cum
1049 3556 1254 3605 bonum
1301 3556 1405 3605 ali-

340 3627 488 3693 quod
533 3626 800 3692 operaris,
847 3643 955 3676 non
1002 3626 1130 3686 tibi,
1172 3626 1266 3676 sed
1288 3627 1404 3676 Deo

337 3698 614 3747 attribuas.
633 3717 661 3744 n
683 3699 837 3749 Unde
864 3709 918 3748 et
944 3697 1366 3762 Chrysostomus
1383 3714 1403 3748 .·

342 3785 371 3814 α
395 3767 541 3817 Licet
562 3778 741 3818 autem
770 3768 893 3818 aliis
918 3768 1113 3819 sanatis
1153 3766 1405 3833 precepit

340 3836 548 3888 nemini
577 3837 769 3899 dicere,
815 3838 1191 3887 convenienter
1220 3847 1401 3886 tamen

342 3905 473 3954 huic
499 3907 746 3971 praecepit
774 3908 918 3973 quod
942 3907 1241 3966 annuntiet,
1271 3921 1404 3973 quo-

346 3974 494 4024 niam
532 3977 710 4026 omnis
755 3977 901 4042 regio
933 3975 1274 4028 daemonibus
1299 3978 1403 4028 de-

942 358 1182 410 PRIMA-2
1215 359 1461 412 PARTIS
1493 361 1727 414 CAPUT
1755 363 1965 414 XLVII.

1514 486 1660 529 tenta
1702 477 1825 529 sine
1872 479 1987 530 Deo
2025 481 2286 531 manebat.
2330 500 2357 529 »
2417 481 2574 532 Unde

1508 548 1667 599 etiam
1709 552 2087 617 Augustinus,-
2111 568 2137 597 «
2179 551 2338 611 Quod
2386 561 2572 602 autem

1509 620 1601 671 ille
1639 630 1853 671 sanatus
1912 621 2062 687 cupit
2120 622 2224 686 jam
2277 637 2393 672 esse
2449 638 2575 673 cum

1509 690 1743 751 Christo,
1775 702 1831 742 et
1854 691 2050 742 dicitur
2067 692 2118 742 ei
2146 709 2164 742 ι
2200 693 2346 743 Vade
2376 694 2433 742 in
2474 694 2581 744 do-

1509 779 1647 813 mum
1668 770 1827 827 tuam,
1848 770 1900 814 et
1919 779 2090 815 narra
2105 764 2424 830 quand-tibi
2433 765 2581 830 fecit

1506 836 1655 886 Deus
1671 873 1691 899 ,
1731 835 1808 886 sic
1846 836 2193 902 intelligitur,
2232 846 2294 887 ut
2336 837 2575 902 quisque

1507 906 1767 973 intelligat
1806 917 1929 973 post
1962 908 2339 958 remissionem
2378 922 2570 972 pecca-

1506 991 1686 1030 torum
1714 980 2044 1030 redeundum
2078 979 2184 1029 sibi
2212 995 2327 1030 esse
2354 980 2411 1029 in
2439 995 2575 1030 con-

1507 1049 1781 1100 scientiam
1807 1050 2037 1114 bonam,
2069 1050 2208 1100 sicut
2235 1050 2294 1100 in
2322 1051 2573 1113 domum,

1506 1129 1560 1170 et
1607 1120 1949 1170 serviendum
2010 1120 2296 1186 Evangelio
2354 1130 2579 1187 propter

1506 1191 1755 1245 aliorum.
1777 1191 2003 1242 salutem
2025 1230 2043 1251 ,
2096 1201 2157 1242 ut
2203 1191 2397 1242 deinde
2449 1207 2575 1242 cum

1508 1261 1724 1313 Christo
1772 1263 2087 1328 requiescat.
2136 1262 2217 1312 Ne
2252 1262 2384 1312 dum
2430 1278 2574 1328 prae-

1507 1351 1731 1402 propere
1758 1337 1874 1386 vult
1903 1337 2010 1401 jam
2039 1351 2155 1386 esse
2180 1351 2301 1385 cum
2330 1335 2575 1400 Christo,

1507 1407 1741 1473 negligat
1779 1407 2168 1472 praedicationis
2215 1407 2538 1473 mysterium
2558 1446 2578 1466 ,

1508 1477 1753 1529 fraternae
1794 1476 2156 1543 redemptioni
2194 1478 2576 1528 accommoda-

1508 1560 1645 1600 tum.
1680 1568 1707 1597 ν
1731 1550 1797 1600 Et
1826 1549 2129 1615 Gregorius
2161 1566 2181 1600 .·
2208 1569 2238 1596 ι
2257 1550 2396 1600 Cum
2426 1549 2573 1600 enim

1509 1619 1904 1686 quantumlibet
1938 1635 2127 1685 pamm
2155 1619 2223 1670 de
2261 1619 2447 1670 divina
2482 1635 2576 1669 co-

1507 1690 1765 1756 gitatione
1801 1690 2210 1756 perceperimuS,
2252 1691 2430 1741 redire
2466 1691 2575 1755 jam

1506 1764 1574 1813 ad
1604 1763 1841 1815 humana
1870 1763 2150 1822 nolumus,
2180 1762 2419 1829 quietem
2456 1778 2579 1813 con-

1507 1835 1874 1901 templationis
1934 1845 2263 1902 quaerentes3
2318 1837 2413 1886 sed
2461 1835 2577 1886 Do-

1508 1909 1694 1958 minus
1719 1907 1968 1974 praecepit
1994 1917 2057 1958 ut
2078 1924 2232 1958 mens
2254 1908 2405 1973 prius
2425 1922 2580 1958 exsu-

1505 1982 1597 2035 det
1635 1979 1697 2030 in
1728 1994 1917 2045 opere,
1953 1988 2008 2029 et
2035 1981 2388 2045 postmodum
2425 1978 2574 2029 refici

1506 2052 1692 2103 debeat
1725 2067 1821 2118 per
1863 2051 2389 2117 contemplationem.
2420 2070 2450 2098 n
2495 2051 2577 2101 Et

1504 2124 1655 2186 abiit,
1680 2138 1786 2173 non
1809 2132 2004 2183 mente,
2047 2124 2138 2173 sed
2171 2138 2390 2188 corpore
2430 2138 2578 2188 sepa-

1504 2207 1651 2248 ratus
1674 2211 1706 2248 a
1730 2195 1986 2259 Domin0,
2016 2202 2069 2247 et
2087 2197 2246 2262 coepit
2258 2196 2576 2262 praedicare

1504 2270 1559 2320 in
1580 2267 1856 2332 Decapoli‚
1877 2266 1931 2316 id
1956 2277 2040 2317 est
2055 2267 2112 2317 in
2137 2266 2355 2332 regione
2381 2268 2568 2317 decem

1503 2338 1798 2400 civitatum,
1825 2348 2025 2403 quanta
2053 2336 2157 2387 sibi
2182 2337 2392 2387 fecisset
2411 2338 2575 2388 Jesus

1503 2409 1798 2475 magnalia;
1838 2417 1891 2459 et
1911 2424 2103 2459 omnes
2126 2408 2484 2472 mirabantur,
2518 2419 2574 2459 et

1503 2496 1596 2546 per
1637 2478 1761 2530 eum
1816 2481 1881 2529 ad
1926 2479 2087 2529 fidem
2147 2478 2574 2530 aedificabantur.

1501 2552 1646 2602 Ecce
1663 2551 1885 2602 mutatio
1905 2551 2149 2601 dexter-ce
2166 2550 2417 2613 Excelsi,
2439 2551 2573 2617 quia

1502 2640 1566 2674 ex
1606 2622 1810 2673 infideli
1853 2631 1905 2673 et
1928 2621 2258 2672 daemoniaco
2287 2619 2462 2671 factus
2488 2632 2574 2673 est

1504 2693 1825 2759 praedicatorss
1844 2691 2020 2743 fidelis
2055 2701 2107 2742 et
2149 2692 2389 2750 devotuS‚
2431 2707 2570 2757 ope-

1501 2773 1650 2813 rante
1671 2762 1941 2824 Domino;
1976 2772 2029 2812 et
2065 2776 2188 2811 vere
2214 2761 2408 2819 fidelis,
2435 2761 2569 2828 quia

1501 2834 1566 2883 ad
1624 2833 1848 2900 gloriam
1901 2832 1997 2882 Dei
2067 2841 2119 2882 et
2161 2832 2228 2881 ad
2282 2831 2572 2882 utilitatem

1503 2904 1734 2970 proximi
1757 2903 1973 2955 effectus
1995 2912 2076 2953 est
2104 2902 2243 2952 talis.
2265 2902 2427 2961 Quod
2443 2918 2572 2952 vero

1505 2976 1598 3026 hic
1635 2975 1833 3025 dicitur
1871 2975 1937 3025 ‹le
1974 2989 2113 3032 un0‚
2157 2972 2573 3050 intelligendum

1505 3057 1585 3097 est
1610 3046 1772 3097 etiam
1813 3046 1880 3095 de
1918 3045 2024 3096 alio
2064 3044 2158 3111 qui
2191 3055 2302 3094 erat
2328 3059 2457 3093 cum
2485 3057 2574 3101 ec,

1504 3119 1636 3185 quia
1665 3117 1826 3168 ambo
1860 3117 2102 3167 volentes
2144 3114 2429 3166 Christum
2472 3128 2565 3164 se-

1505 3193 1599 3260 qui
1640 3193 1707 3243 ad
1749 3207 1877 3242 suos
1921 3188 2072 3240 missi
2114 3198 2265 3247 sunt,
2314 3198 2368 3238 et
2410 3187 2577 3238 ambo

1505 3265 1731 3314 salutem
1760 3262 1867 3313 sibi
1898 3261 2087 3312 factam
2112 3270 2165 3310 et
2183 3258 2450 3325 magnalia
2468 3258 2576 3308 Dei

1506 3335 1958 3401 praedicavemnt5
2000 3332 2105 3382 hoc
2145 3346 2362 3397 quoque
2385 3346 2579 3381 aem-

1506 3407 1597 3472 p10
1618 3407 1837 3456 docetur
1857 3418 2186 3471 quemquam
2202 3417 2302 3452 suo
2320 3401 2575 3468 proximo

1506 3479 1734 3528 salutem
1760 3476 1864 3526 sibi
1897 3474 2088 3525 factam
2114 3473 2421 3539 praedicare,
2456 3482 2512 3522 et
2540 3487 2575 3521 a

1506 3549 1720 3599 diabolo
1763 3562 1822 3597 se
1857 3547 2142 3597 liberatum
2171 3560 2288 3595 esse
2307 3543 2490 3594 verbis
2520 3552 2575 3592 et

1506 3618 1760 3684 operibus
1786 3616 1941 3667 bonis
1960 3617 2342 3674 demonstrare,
2362 3623 2415 3663 et
2434 3612 2579 3663 alios

1505 3691 1573 3740 ad
1612 3689 1857 3740 eamdem
1896 3690 2123 3739 salutem
2172 3686 2574 3755 percipiendam

1503 3776 1708 3812 vocare.
1749 3761 2072 3811 Studeamus
2105 3775 2235 3827 ergo
2271 3768 2324 3809 et
2360 3772 2479 3821 nos,
2523 3756 2584 3806 si·

1509 3833 1755 3885 nondum
1783 3831 1991 3882 liberati
2031 3847 2221 3882 sumus
2265 3846 2297 3880 a
2330 3827 2572 3884 diabolo,

1508 3902 1743 3966 liberari,
1772 3912 1826 3953 et
1846 3902 1889 3952 si
1923 3903 2028 3967 jam
2049 3918 2148 3952 nos
2179 3902 2432 3952 liberatos
2454 3913 2573 3948 esse

1510 3976 1914 4042 cognoscimus,-
1944 3974 2169 4025 salutern
2211 3973 2332 4024 aliis
2370 3969 2574 4039 praedi-
