2784 4452
322 284 429 351 428

324 400 522 450 mortui
571 399 793 465 sepelire
841 408 1084 450 mortuos
1128 406 1380 463 possunt,

324 470 430 520 nisi
475 471 746 536 geminam
796 470 886 522 hic
927 468 1193 534 intelligas
1229 482 1381 517 mor-

322 553 432 594 tem
454 560 648 595 :unam
678 554 900 604 naturae,
931 545 1150 594 alteram
1173 538 1383 606 culpae?

325 618 420 668 Est
480 618 639 668 etiam
702 632 849 667 mors
901 615 1056 667 tertia
1080 654 1096 676 ,
1158 615 1215 664 in
1276 628 1385 680 qua

325 698 535 755 peccato
599 688 891 748 morimur,
946 687 1058 737 Deo
1111 686 1382 750 vivimus;

325 774 437 809 non
474 775 600 824 ergo
636 758 839 824 paterni
869 756 1072 807 funeris
1113 757 1386 822 sepultura

323 832 657 898 prohibetur,
695 831 787 881 sed
825 829 1203 881 necessitudini
1238 845 1387 895 gene-

323 902 401 952 ris
451 902 645 952 divinae
699 899 975 966 religionis
1019 899 1185 965 pietas
1230 909 1384 950 ante-

324 975 509 1027 fertur.
531 977 665 1026 Illud
684 973 1022 1025 consortibus
1043 973 1385 1038 relinquitur,

328 1048 431 1100 hoc
476 1049 760 1097 mandatur
806 1044 1004 1096 electis.
1055 1065 1082 1093 ³)
1129 1045 1282 1096 Unde
1336 1054 1386 1095 et

330 1120 747 1187 chrysostomus
820 1134 837 1169 e
908 1134 936 1163 ι(
1002 1117 1387 1167 inconveniens

329 1193 476 1243 enim
512 1202 651 1252 erat,
692 1202 752 1242 ut
778 1192 872 1258 qui
908 1191 1073 1242 semel
1110 1190 1250 1240 Filio
1287 1190 1386 1239 Dei

329 1267 570 1326 credens,
599 1266 781 1316 vivum
819 1276 874 1316 et
911 1266 1177 1316 coelestem
1215 1265 1387 1315 Deum

329 1347 535 1404 patrem
565 1337 760 1387 habere
786 1337 892 1402 jam
919 1346 1165 1402 coeperat‚
1197 1336 1261 1385 de
1289 1350 1388 1400 pa-

329 1416 411 1458 tre
441 1417 655 1458 mortuo
684 1407 962 1474 cogitaret;
995 1418 1046 1458 et
1073 1407 1192 1457 ideo
1211 1405 1391 1456 Domi·

332 1495 437 1529 nus
450 1479 684 1529 ostendit
706 1478 1086 1544 praeferendam
1099 1494 1213 1530 esse
1229 1478 1390 1528 fidem

333 1562 386 1604 et
423 1553 783 1618 cognitionem
833 1552 1033 1602 Christi
1078 1551 1389 1617 hujusmodi

334 1624 546 1690 pietatis
589 1624 798 1688 officiis,
842 1634 1056 1690 propter
1094 1639 1257 1690 quem
1304 1623 1392 1673 vi-

331 1706 515 1746 ventes
535 1706 779 1761 parentes
798 1695 1046 1760 jubemur
1064 1696 1388 1762 relinquere.

333 1770 488 1821 Jesus
523 1784 648 1834 ergo
687 1769 965 1834 prohibuit
1003 1782 1128 1818 eum
1170 1785 1278 1820 non
1311 1770 1397 1835 ju-

339 1841 474 1890 bens
507 1848 845 1890 contemnere
879 1839 1160 1901 honorem,
1192 1839 1285 1907 qui
1317 1849 1399 1890 est

337 1914 403 1963 ad
433 1929 526 1964 eos
550 1914 643 1980 qui
673 1922 1084 1979 progenuerunt,
1113 1913 1206 1963 sed
1238 1928 1399 1962 mon-

340 1993 512 2034 strans
576 1984 833 2050 quoniam
894 1983 1033 2034 nihil
1095 1985 1400 2035 coelestibus

343 2054 575 2121 negotiis
623 2054 796 2120 magis
843 2055 1001 2105 nobis
1044 2055 1399 2106 necessarium

341 2140 458 2175 esse
492 2135 726 2190 oportet;
775 2135 828 2175 et
860 2125 1120 2191 quoniam
1161 2141 1284 2176 curn
1316 2124 1401 2174 fa-

341 2196 505 2248 stidio
533 2196 907 2248 universorum
937 2197 1025 2248 his
1061 2196 1208 2264 jungi
1236 2212 1403 2263 opor-

343 2278 450 2328 tet,
492 2278 545 2319 et
585 2283 757 2335 neque
796 2284 987 2333 parum
1028 2269 1259 2327 tardare,
1300 2268 1402 2318 etsi

343 2341 496 2392 valde
529 2338 859 2389 inevitabilia
882 2349 934 2389 et
966 2338 1246 2389 incitantia
1279 2338 1402 2389 fue-

344 2410 455 2461 rint
494 2425 612 2475 quae
651 2410 937 2460 attrahunt.
986 2409 1199 2460 Etenim
1233 2411 1405 2459 multo

346 2482 544 2532 melius
599 2491 679 2531 est
731 2496 954 2547 regnum
1009 2481 1309 2547 divulgare,
1353 2491 1407 2531 et

345 2554 482 2604 alios
497 2554 718 2603 evellere
737 2569 766 2603 a
787 2564 974 2614 morte,
989 2569 1094 2619 qua
1109 2564 1405 2614 mortuum,

344 2624 440 2692 qui
488 2624 544 2674 in
590 2625 745 2675 nullo
792 2624 919 2675 inde
966 2625 1252 2676 utilitatem
1304 2626 1408 2676 ha-

347 2697 462 2756 bet,
498 2697 740 2763 sepelire,
789 2707 843 2749 et
877 2698 1108 2748 maxime
1138 2713 1260 2749 cum
1298 2698 1408 2749 fue-

348 2766 461 2817 rint
506 2767 600 2833 qui
658 2767 769 2817 haec
820 2768 1071 2818 universa
1119 2769 1407 2834 complent.

350 2836 503 2888 Nihil
556 2837 721 2903 igitur
772 2839 917 2889 aliud
969 2838 1057 2889 hic
1109 2838 1409 2904 discimus,

350 2923 516 2975 quam
565 2909 819 2975 quoniam
874 2926 1049 2977 neque
1096 2911 1413 2977 contingens

349 2991 566 3047 tempus
594 2982 813 3047 perdere
835 2994 1059 3049 oportet,
1094 2984 1193 3035 etsi
1227 2985 1411 3036 decem

350 3053 522 3104 millia
545 3068 666 3119 quae
684 3065 975 3118 provocant
1000 3055 1217 3116 fuerint,
1252 3066 1414 3123 atque

351 3123 611 3175 omnibus
667 3133 736 3192 et
801 3124 1031 3176 maxime
1100 3126 1413 3177 necessariis

349 3197 484 3263 ipsis
572 3197 868 3263 spiritualia
943 3215 1249 3265 praeponere
1309 3217 1324 3250 ι
1381 3219 1411 3249 n

350 3268 466 3319 haec
494 3268 933 3336 chrysostomus,
965 3271 1233 3321 Moraliter
1262 3288 1411 3322 mor-

350 3339 433 3391 tui
458 3339 725 3405 sepeliunt
756 3350 1015 3402 mortuos,
1036 3344 1252 3408 quando
1282 3359 1412 3411 pec-

351 3420 554 3462 catores
627 3412 685 3461 in
746 3413 970 3479 peccatis
1037 3414 1151 3465 suis
1222 3426 1412 3466 mutuo

352 3481 584 3533 fovendo
624 3484 813 3547 celant,
848 3496 900 3535 et
928 3486 1172 3551 operiunt
1215 3497 1414 3537 semet-

352 3556 518 3623 ipsos·
545 3556 714 3617 Unde,
748 3559 1042 3609 secundum
1066 3559 1410 3626 Gregorium,

351 3643 449 3695 per
477 3637 719 3677 mortuos
743 3627 969 3696 intelligi
994 3640 1218 3695 possunt
1240 3629 1418 3679 adula-

350 3708 493 3750 tores
510 3736 524 3757 ,
590 3699 684 3764 qui
757 3709 1052 3763 peccatores
1115 3700 1293 3752 fovent
1360 3699 1417 3749 in

352 3771 599 3835 peccatis,
640 3786 838 3835 eosque
881 3773 1114 3838 amplius
1150 3771 1417 3839 sepeliunt

355 3843 653 3908 promendo
685 3854 898 3904 terram,
930 3854 982 3895 et
1008 3857 1273 3897 terrenam
1293 3845 1417 3895 adu-

355 3913 613 3963 lationem
650 3930 812 3981 super
856 3929 1012 3983 caput
1055 3918 1321 3984 ipsorum,
1357 3929 1419 3970 ut

934 283 1172 334 PRIMAE
1207 280 1455 333 PARTIS
1485 281 1722 335 CAPUT
1751 285 1911 337 XLV.

1487 408 1825 449 exerceantur
1852 399 1909 451 in
1937 401 2105 465 vitiis,
2152 402 2352 454 institis
2379 404 2556 470 ligan-

1488 477 1568 519 tes
1602 471 1762 535 pedes
1803 485 2022 533 eorum,
2069 489 2137 523 ne
2180 473 2239 523 in
2288 474 2394 525 viis
2453 475 2553 526 Dei

1487 542 1781 593 ambulent.

1555 613 1583 664 5
1623 614 1704 663 Dr:
1739 630 1930 666 ranno
1966 632 2289 668 annuarum
2328 634 2413 669 ms
2458 633 2560 676 Qut

1488 701 1618 735 nom
1701 700 1873 735 eamr
1939 696 2195 751 vonum-11,
2266 703 2560 746 immotum

1492 757 1767 807 Cuatsrmt
1809 771 2118 818 sewum,
2161 775 2230 808 ει·
2265 774 2422 809 cums
2471 774 2558 810 srr

1492 829 1725 881 rreum?
1752 858 1813 870 -—
1831 832 1911 883 Et
1931 832 2013 882 ait
2038 833 2193 897 alter,
2223 834 2290 883 ad
2319 834 2505 884 Jesum
2540 849 2557 882 ε

1492 903 1702 968 Sequar
1750 907 1832 966 te,
1883 904 2110 954 Domine
2118 922 2141 968 ,-
2187 905 2281 955 sed
2316 905 2560 970 primum

1487 975 1737 1041 permitte
1766 989 1848 1026 me
1874 975 2183 1026 renuntiare
2202 975 2286 1026 his
2310 991 2431 1042 quae
2453 977 2567 1043 ‹io-2

1494 1049 1567 1098 mi
1588 1054 1711 1098 sunt
1726 1064 1748 1110 ;
1786 1048 1994 1098 volebat
2023 1049 2325 1098 renuntiare
2356 1064 2562 1115 paren-

1495 1119 1657 1178 tibus,
1699 1134 1765 1169 ne
1798 1118 1933 1169 forte
1960 1119 2233 1186 quomodo
2265 1118 2381 1170 fieri
2419 1119 2567 1170 solet

1496 1202 1792 1258 quaererent
1828 1208 1991 1252 eum,
2031 1191 2352 1242 licentiando
2391 1207 2450 1242 se
2491 1192 2563 1243 ab

1497 1265 1593 1325 eiS,
1623 1275 1676 1316 et
1697 1265 1940 1316 dicturus
1962 1266 2149 1325 valete,
2178 1281 2237 1316 ac
2258 1265 2565 1330 dispositu-

1496 1352 1588 1386 rus
1618 1335 1853 1386 familiae.
1890 1336 1977 1385 Sic
2013 1335 2236 1386 Elisaeus
2265 1334 2567 1401 requisitus

1497 1408 1669 1458 Eliam
1703 1407 1853 1474 sequi
1892 1407 2031 1458 dixit
2062 1425 2077 1458 ι
2114 1408 2224 1457 Oro
2253 1414 2303 1456 te
2332 1413 2389 1457 ut
2415 1420 2568 1457 oscu-

1498 1479 1579 1529 ler
1595 1479 1830 1546 primum
1838 1485 2049 1545 patrem
2063 1492 2248 1540 meum,
2267 1484 2320 1528 et
2338 1483 2567 1528 matrem

1496 1563 1683 1613 meam,
1701 1555 1753 1600 et
1765 1549 1844 1601 sic
1857 1563 2050 1615 sequar
2061 1556 2129 1611 te;
2143 1550 2220 1599 sic
2233 1548 2397 1598 hodie
2406 1547 2569 1597 multi

1500 1623 1703 1675 faciunt
1724 1622 1818 1689 qui
1835 1622 2096 1672 inutiliter
2121 1623 2424 1688 ingressum
2447 1620 2573 1671 reli·

1500 1694 1695 1761 gionis,
1711 1694 1793 1744 vel
1813 1692 2176 1743 executionem
2192 1691 2430 1743 melioris
2441 1691 2570 1742 vitae

1500 1766 1754 1816 differunt
1782 1776 1834 1816 et
1856 1766 2061 1826 dicunt,
2091 1765 2374 1831 disponam
2414 1764 2572 1830 prius

1503 1839 1570 1888 de
1615 1837 1822 1897 amicis,
1880 1838 1958 1888 vel
1998 1839 2063 1887 de
2102 1838 2261 1888 rebus
2301 1837 2467 1895 meis,
2513 1847 2573 1886 et

1504 1917 1682 1974 postea
1696 1907 2010 1973 religionem
2030 1907 2255 1966 intrab0,
2283 1922 2377 1956 seu
2397 1907 2569 1956 vitam

1505 1980 1818 2031 emendabo·
1859 1980 2015 2040 Quod
2047 1980 2420 2046 Hieronymus
2448 1978 2572 2028 dis-

1505 2050 1674 2102 suasit
1697 2051 1929 2110 cuidam,
1959 2064 2193 2115 eumque
2217 2050 2285 2099 ab
2309 2049 2407 2099 hac
2434 2048 2573 2114 peri-

1505 2125 1685 2174 culosa
1726 2122 1982 2173 dilatione
2025 2123 2303 2181 revocavit,
2342 2121 2527 2171 dicens
2555 2138 2571 2171 ε

1509 2216 1537 2245 (ι
1572 2197 1837 2248 Naviculae
1864 2196 2116 2247 haerentis
2146 2195 2205 2246 in
2235 2196 2348 2247 salo
2381 2195 2573 2248 funem

1509 2268 1686 2335 potius
1742 2268 2033 2335 praescinde
2055 2307 2068 2328 ,
2126 2283 2290 2333 quam
2344 2270 2510 2319 solve.
2543 2289 2574 2315 ‚a

1492 2341 1664 2391 ,Unde
1712 2352 1764 2391 et
1804 2340 2225 2403 chrysostomus
2250 2357 2269 2390 .-
2303 2357 2331 2386 α
2368 2340 2448 2389 Ne
2481 2339 2576 2388 di-

1509 2428 1623 2462 cam
1664 2410 1952 2461 dissolvam
1996 2411 2208 2476 negotia
2259 2425 2409 2470 mea,
2454 2409 2577 2475 pri-

1511 2498 1663 2534 mum
1693 2480 2020 2548 principium
2063 2481 2280 2532 desidiae
2313 2482 2424 2531 haec
2462 2492 2580 2532 tar-

1511 2556 1655 2606 datio
1725 2565 1822 2605 est.
1885 2552 2155 2615 Quoniam
2229 2553 2582 2605 vehementer

1514 2628 1677 2677 instat
1733 2626 1978 2676 diabolus
2041 2624 2342 2706 ingressum
2407 2639 2580 2690 quem

1512 2700 1655 2750 Deus
1684 2699 1870 2748 volens
1906 2696 2164 2762 accipere,
2192 2706 2245 2746 et
2277 2696 2324 2745 si
2358 2710 2584 2761 parvam

1513 2769 1844 2820 vocationem
1888 2777 1942 2817 et
1981 2766 2334 2817 tardationem
2379 2778 2584 2831 appre-

1517 2840 1782 2903 henderit,
1823 2855 2070 2905 magnam
2113 2848 2362 2904 operatur
2401 2835 2583 2902 pigri-

1514 2912 1796 2962 tationem·
1784 2947 1798 2972 ,
1829 2919 2045 2975 propter
2069 2910 2172 2959 hoc
2194 2908 2446 2958 admonet
2463 2906 2583 2972 qui-

1514 2983 1673 3033 dam:
1695 2983 1772 3032 Et
1792 2996 1854 3031 ne
1867 2979 2028 3049 differ
2029 2994 2094 3030 as
2117 2980 2182 3030 de
2200 2978 2359 3029 diem
2384 2977 2578 3027 diem.»

1518 3055 1677 3116 Quod
1714 3055 1873 3105 etiam
1906 3062 2211 3103 romovetur
2238 3048 2582 3101 convenienti

1516 3128 1779 3191 exemp10,
1809 3140 1932 3175 curn
1959 3122 2255 3173 subditur.
2287 3121 2400 3183 Ait,
2431 3119 2588 3169 enim

1517 3199 1596 3248 illi
1648 3201 1810 3250 Jesus
1849 3214 1866 3247 .·
1906 3197 2080 3247 Nemo
2120 3194 2328 3244 mittens
2369 3206 2587 3241 manum

1518 3285 1669 3321 suam
1697 3269 1771 3320 ad
1793 3274 2055 3329 aratrum,
2086 3264 2288 3316 scilicet
2323 3261 2589 3328 poeniten-

1518 3342 1607 3392 tiae
1639 3356 1746 3406 qua
1767 3354 1857 3389 cor
1892 3337 2164 3401 evertitur,
2197 3345 2256 3386 ut
2286 3333 2587 3385 virtutibus

1517 3415 1827 3472 seminetur,
1855 3413 2092 3472 mittens,
2124 3411 2362 3476 inquam,
2402 3406 2588 3474 poeni-

1518 3490 1698 3549 tend0,
1720 3497 1771 3539 et
1797 3488 2075 3538 Christum
2104 3485 2257 3551 sequi
2288 3497 2590 3550 proponen-

1519 3563 1620 3625 do;
1672 3568 1725 3612 et
1769 3560 2059 3627 respiciens
2103 3563 2282 3619 retr0‚
2319 3555 2454 3604 facto
2499 3553 2589 3603 vel

1517 3633 1824 3702 proposito,
1852 3632 1917 3682 ad
1945 3640 2141 3681 statum
2175 3626 2463 3694 pristinum
2495 3638 2588 3674 re—

1522 3705 1752 3764 deund0,
1790 3708 1950 3768 aptus
1972 3707 2054 3753 est
2081 3713 2251 3767 regno
2288 3698 2408 3760 Dei,
2445 3710 2589 3745 con-

1524 3776 1799 3843 sequendo
1863 3776 1946 3826 vel
2010 3771 2366 3851 praedicando.
2428 3766 2590 3818 Unde

1525 3849 1739 3907 PauluS,
1795 3861 2018 3913 regnum
2065 3842 2161 3894 Dei
2202 3840 2484 3891 habiturus
2532 3849 2592 3888 et

1526 3918 1706 3984 ipsum
1720 3919 1840 3972 aliis
1868 3917 2266 3985 praedicaturus,
2296 3913 2416 3965 ait·
2450 3913 2591 3974 Quoe
