2784 4452
916 906 1620 1036 VITAE

1000 1318 1239 1367 DOMINI
1286 1319 1528 1368 NOSTRI

176 1646 874 1821 JESU
1080 1646 2372 1825 CHRISTI

797 2116 1158 2204 PARS
1255 2118 1719 2206 PRIMA

1045 2454 1380 2527 CAPUT
1430 2455 1464 2524 Ῑ

407 2680 513 2747 De
553 2677 797 2748 divina
848 2688 915 2746 et
973 2676 1266 2748 aeterna'
1302 2677 1585 2748 Christi
1619 2676 2099 2768 generatione.

958 2876 992 2937 J
998 2875 1226 2939 oannis
1261 2896 1400 2959 cap.
1454 2897 1478 2939 1
1494 2925 1508 2939 .

210 3131 230 3166 1
265 3116 555 3169 Evam-:Lu
612 3117 666 3168 S.
718 3116 936 3169 Jomms
987 3132 1196 3169 scopus.
1304 3132 1421 3169 esse
1460 3134 1476 3169 a
1516 3127 1569 3169 et
1612 3133 1719 3185 per·
1755 3133 2113 3185 consequens,
2160 3127 2375 3185 propter

152 3214 204 3225 -
230 3187 307 3239 De
330 3187 661 3255 plenitudine
697 3187 875 3255 itaque
899 3188 1195 3256 Evangelii,
1302 3189 1654 3255 temporalem
1701 3190 2047 3256 nativitatem,
2087 3206 2183 3241 nec
2228 3205 2374 3241 sem-

151 3259 246 3311 vini
297 3261 500 3312 scilicet
554 3260 702 3326 boni,
741 3263 885 3327 quod
923 3278 1096 3330 usque
1129 3263 1194 3314 ad
1299 3275 1424 3326 per,
1472 3275 1570 3312 nec
1630 3271 1750 3312 ante
1795 3261 2016 3312 Mariam
2069 3261 2252 3312 fuisse.
2305 3261 2375 3312 Et

151 3329 238 3381 hoc
272 3341 483 3399 tempus
524 3332 705 3400 gratiae
740 3332 1004 3385 Dominus
1040 3334 1195 3386 Jesus
1298 3330 1422 3383 ideo
1478 3333 1544 3383 de
1598 3333 1888 3385 aeternitate
1942 3333 2106 3384 Verbi
2163 3331 2367 3397 incipit,

151 3402 385 3468 servavit,
441 3404 704 3471 quasdam
756 3412 929 3471 guttas
982 3404 1195 3456 haurire
1298 3405 1585 3455 ostendens
1610 3403 1845 3455 divinam
1880 3403 2082 3454 Christi
2109 3413 2370 3466 naturam,

150 3475 421 3540 cupientes,
468 3491 749 3526 sumamus
793 3475 1003 3526 initium
1041 3492 1071 3527 a
1108 3476 1193 3528 di·
1294 3472 1356 3524 in
1410 3491 1519 3541 qua
1577 3476 1893 3526 aeternaliter
1939 3474 2208 3542 praecessit
2255 3473 2369 3523 Ma-

144 3543 257 3593 vina
279 3546 387 3611 ejus
414 3547 772 3614 generatione,
801 3546 868 3596 de
894 3561 1001 3612 qua
1019 3547 1194 3597 Evan-
1296 3547 1451 3599 riam.
1483 3549 1555 3600 Et
1592 3548 1745 3615 ponit
1782 3548 2024 3617 quinque
2068 3550 2135 3599 de
2176 3545 2370 3597 divinis

141 3614 311 3680 gelista
362 3617 594 3669 Joannes
644 3616 943 3683 specialiter
1011 3617 1193 3685 loqui-
1295 3620 1555 3686 personiS‚
1584 3636 1709 3687 quae
1738 3637 1833 3688 per
1859 3621 2103 3672 ordinem
2137 3628 2367 3685 tangun-

138 3693 219 3736 tur
243 3702 257 3736 :
288 3688 412 3754 quia
437 3689 620 3740 omnia
645 3690 709 3739 ad
736 3688 843 3738 hoc
881 3687 1101 3753 inducit,
1131 3697 1192 3740 ut
1294 3699 1383 3742 tur
1415 3691 1472 3741 in
1500 3692 1834 3758 subscriptis.

136 3757 368 3812 divinitas
395 3761 558 3813 Verbi
592 3760 973 3826 manifestetur,
1000 3771 1051 3813 et
1080 3777 1191 3814 ma·
1358 3777 1388 3811 2
1425 3762 1673 3813 AETmA
1722 3764 1895 3814 Vnam
1944 3775 2259 3814 omenti-rm.
2306 3789 2366 3800 -

136 3829 265 3883 xime
317 3842 506 3884 contra
555 3834 820 3901 quosdam
876 3833 1184 3899 haereticos,
1292 3835 1478 3888 Primo
1519 3837 1750 3888 declarat
1777 3836 1902 3887 Filii
1948 3850 1978 3887 a
2023 3835 2179 3885 Patre
2208 3844 2366 3886 aeter-

134 3899 354 3956 dicentes
381 3903 659 3957 Christum
682 3921 880 3972 purum
906 3905 1186 3958 hominem
1286 3924 1416 3961 nam
1482 3910 1879 3978 generationem
1898 3946 1914 3974 ,
1984 3907 2170 3960 dicens
2226 3923 2240 3959 ε
2300 3908 2365 3960 In
