2784 4452
526 245 622 296 DE
653 245 932 297 OFFlCIO
965 245 1058 296 ET
1085 245 1256 298 VITA
1284 245 1580 297 JOANNIS
1610 245 1991 298 BAPTISTAE.

134 378 191 418 et
235 379 421 432 aspera
460 361 691 429 injungit
728 363 812 413 vel
858 362 1108 428 praedicat
1150 371 1203 412 et

133 435 378 503 corripit,
418 434 660 483 habitum
695 432 1024 498 poenitentiae
1060 447 1201 497 prae-

65 563 68 568 ,
137 508 336 566 tendat,
361 519 547 571 aspera
568 513 713 554 veste
731 512 958 568 tegatur,
979 512 1032 552 et
1050 518 1202 567 parce

137 579 423 636 reficiatur,
463 584 521 625 ut
554 574 611 625 in
651 590 714 624 eo
742 573 919 624 vilitas
949 574 1114 625 vestis
1151 583 1203 623 et

137 649 243 699 cibi
274 648 542 706 laudetur,
588 660 820 711 quorum
858 660 992 695 usus
1030 644 1087 693 in
1117 643 1201 693 di-

137 720 240 769 vite
275 717 539 784 arguitur.
576 715 874 766 Austeritas
902 716 1050 765 enim
1081 715 1201 766 vitae

135 788 433 855 requiritur
456 786 512 835 in
534 785 809 852 Evangelii
826 785 1197 852 praedicatore3

129 861 254 911 ideo
282 858 416 909 dicit
450 857 740 923 Apostolus
766 872 779 905 ι
819 856 1047 922 Castigo
1075 871 1201 908 cor-

128 946 235 998 pus
263 944 456 992 meum,
489 935 541 980 et
569 929 622 979 in
650 928 956 978 servitutem
984 928 1197 994 redige,

137 1018 196 1054 ne
215 1003 363 1060 forte
377 1016 495 1052 cum
514 1000 1064 1067 aliispraedicaverim
1088 1000 1203 1066 ipse

135 1076 396 1143 reprobus
441 1074 683 1132 efficiars
711 1074 865 1124 Unde
911 1074 1199 1139 Hierony-

135 1161 298 1197 mus:
345 1165 370 1191 α
400 1144 579 1195 Vestis
617 1144 818 1211 quippe
862 1155 914 1195 et
955 1144 1108 1195 cibus
1150 1154 1203 1194 et

136 1230 291 1302 potus
325 1228 495 1268 totam
518 1228 789 1286 austeram
818 1217 984 1267 vitam
1015 1217 1203 1284 praedi·

137 1292 370 1343 cantium
394 1289 782 1340 ostendebat.»
814 1289 917 1339 Ubi
948 1298 999 1340 et
1025 1288 1201 1355 Chry-

137 1373 446 1418 sostomus:
480 1385 503 1410 ι
546 1364 733 1415 Talem
771 1378 887 1414 esse
926 1364 1201 1430 oportebat

137 1440 525 1489 Praecursorem
546 1435 770 1485 Domini
799 1435 1118 1501 Prophetam
1148 1444 1200 1485 et

134 1508 455 1574 Apostolum
506 1505 728 1565 Christi,
778 1504 873 1571 qui
920 1514 1095 1554 totum
1142 1520 1199 1555 se

136 1578 331 1629 coelesti
354 1578 485 1637 De0,
511 1575 832 1642 contemptis
856 1575 1018 1625 rebus
1039 1591 1198 1625 mun-

135 1652 202 1716 di,
232 1660 524 1718 praestaret.
556 1650 709 1700 Unde
736 1665 847 1699 non
870 1648 1143 1698 immerito
1168 1664 1198 1699 a

133 1725 363 1775 Domino
387 1723 547 1773 etiam
572 1722 811 1788 Angelus
836 1730 1194 1786 nuncupatur,

130 1794 258 1862 quia
290 1795 349 1845 in
383 1793 486 1843 hoc
538 1793 743 1842 mundo
788 1791 996 1858 positus
1043 1807 1197 1841 mun-

132 1868 259 1917 dum
325 1866 508 1931 ipsum
563 1863 797 1929 angelica
851 1863 961 1914 vita
1021 1865 1195 1913 calca-

132 1938 233 1988 bat.
294 1936 351 1986 Si
398 1945 575 1985 autem
627 1934 717 1984 ille
762 1933 856 2000 qui
912 1949 1076 1999 purus
1124 1933 1196 1984 ita

130 2018 238 2059 erat
281 2018 334 2058 et
374 2007 507 2058 coelo
551 2005 772 2066 clarior,
812 2014 863 2055 et
918 2004 1197 2070 Prophetis

128 2078 350 2139 celsior,
404 2086 456 2127 et
509 2093 618 2143 quo
668 2076 853 2126 nullus
904 2074 1193 2126 hominum

129 2147 300 2215 major
317 2145 456 2211 suit,
478 2147 681 2213 quique
704 2156 847 2196 tanta
864 2144 1005 2211 apud
1021 2145 1193 2196 Deum

129 2219 488 2271 familiaritate
519 2218 810 2300 gaudebat,
842 2217 914 2269 ita
957 2216 1192 2284 seipsum

129 2292 190 2342 ad
218 2305 443 2341 omnem
471 2289 780 2357 patientiam
805 2290 1027 2341 durabat
1049 2289 1194 2339 labo·-

128 2381 267 2426 rum,
300 2364 446 2414 fluxa
476 2363 789 2414 deliciarum
823 2378 945 2413 cum
987 2362 1192 2413 divitiis

127 2404 450 2501 despiciens,
479 2444 640 2500 atque
658 2434 722 2483 ad
744 2448 957 2483 omnem
987 2449 1045 2484 se
1067 2433 1190 2484 vitae

125 2508 357 2574 rigorem
384 2517 685 2574 coarctans;
715 2521 879 2572 quam
908 2522 1008 2556 nos
1033 2506 1192 2556 habe-

126 2579 306 2630 bimus
355 2577 768 2638 excusationem,
821 2577 915 2644 qui
960 2588 1080 2644 post
1111 2588 1202 2637 tot⁴

126 2649 326 2701 Christi
353 2647 622 2711 beneficia,
659 2658 779 2715 post
812 2657 955 2699 tanta
983 2659 1034 2699 et
1064 2648 1187 2699 infi-

126 2720 236 2771 nita
265 2734 427 2770 onera
470 2728 828 2784 peccatorum,
868 2733 1042 2785 neque
1080 2718 1189 2768 mi-

125 2794 329 2843 nimam
361 2792 674 2858 particulam
703 2792 852 2841 illius
880 2792 1189 2858 castigatio-

125 2864 209 2915 nis
222 2865 529 2926 imitamur;
547 2863 639 2912 sed
655 2863 1192 2913 commessationibus

125 2945 172 2985 et
203 2933 556 2985 ebrietatibus
587 2933 772 2995 dediti,
799 2948 859 2984 ac
909 2934 1190 2998 peregrino

124 3008 289 3058 odore
321 3006 635 3072 fragranteS,
668 3007 751 3057 vel
789 3004 969 3072 potius
996 3005 1191 3056 foeten-

124 3088 218 3139 teS,
271 3095 330 3130 ac
374 3079 615 3143 undique
648 3077 1010 3143 nosmetipsos
1048 3079 1189 3128 rela-

120 3162 306 3203 xantes
342 3162 396 3202 et
442 3150 816 3203 mollificantes
856 3151 912 3201 in
955 3152 1188 3217 praedam

121 3223 320 3274 diaboli
345 3239 728 3290 praeparamur,
755 3218 807 3274 et'
830 3223 879 3274 ei
905 3224 1191 3289 captabiles

124 3309 223 3344 nos
251 3293 520 3345 facimus?
551 3313 579 3341 n
606 3294 721 3345 haec
746 3294 1186 3361 chrysostomus,

183 3381 217 3432 9
260 3366 572 3416 Concunsus
602 3381 794 3416 popum
821 3382 889 3415 An
930 3366 1187 3416 somam«.

123 3462 182 3474 -
223 3437 398 3496 Tunc,
429 3436 610 3487 audita
633 3436 858 3487 Joannis
895 3435 1055 3499 fama,
1082 3450 1190 3486 ex-

125 3505 233 3555 ibat
250 3507 326 3556 ad
337 3522 454 3557 eum
469 3506 642 3557 omnis
653 3507 1191 3573 ,lerosolyma‚quan-

122 3588 241 3628 tum
262 3580 330 3629 ad
355 3579 662 3630 habitantes
681 3580 739 3630 in
767 3580 977 3630 civitate
995 3580 1108 3644 illa,
1140 3586 1190 3630 et

125 3650 295 3700 omnis
322 3651 536 3713 Judaea‚
570 3661 832 3717 quantum
862 3650 927 3700 ad
953 3651 1188 3702 circum-

117 3717 356 3781 jacentes
385 3719 441 3769 in
472 3735 550 3780 ea,
576 3725 629 3771 ec
654 3721 826 3771 omnis
858 3720 1013 3786 regio
1043 3720 1188 3771 circa

119 3787 434 3852 ,lor-danem,
465 3799 730 3856 quantum
759 3789 824 3840 ad
849 3790 982 3839 duas
1015 3789 1189 3841 tribus

115 3867 173 3908 et
219 3858 525 3923 dimidiam,
579 3860 768 3924 omniS,
828 3858 1071 3925 inquam,
1133 3859 1188 3912 id

2276 246 2372 316 173

1308 370 1389 412 est
1413 361 1569 412 multi
1597 362 1665 412 de
1692 361 1966 422 omnibus,
1993 372 2053 412 ut
2091 362 2161 413 sit
2186 364 2378 431 hyper·

1311 434 1502 495 bolica,
1553 433 1608 484 id
1654 444 1751 495 est,
1790 436 2024 485 multum
2071 437 2375 501 expressiva

1306 504 1542 566 locuti0,
1595 515 1647 555 et
1699 506 1917 571 ponitur
1963 504 2038 556 ibi
2090 507 2374 559 continens

1306 593 1405 643 pro
1444 587 1690 628 contento
1724 596 1737 628 :
1768 586 1819 629 et
1865 579 2274 646 baptizabantur
2306 583 2375 632 ab

1308 661 1369 698 eo
1414 647 1468 698 in
1506 649 1748 699 Jordane
1789 650 2056 715 baptismo
2086 664 2204 708 su0,
2245 664 2373 702 con-

1293 720 1517 785 fitentes
1538 728 1764 787 peccata
1803 736 1921 782 sua,
1954 731 2007 772 et
2041 738 2098 773 se
2130 732 2373 787 aptantes

1309 794 1587 859 Baptismo
1625 795 1826 845 Christi
1869 795 2225 861 suscipienda
2269 798 2374 847 Ba-

1307 866 1540 932 ptismus
1577 867 1719 917 enim
1762 868 1986 919 Joannis
2017 870 2081 919 ad
2126 870 2229 920 hoc
2262 878 2373 920 erat

1308 937 1605 999 ordinatus,
1638 940 1790 1005 quasi
1821 940 2067 1005 quaedam
2099 956 2372 1007 praepara-

1308 1008 1383 1058 tio
1417 1019 1469 1059 et
1500 1009 1858 1076 praefiguratio
1896 1011 2155 1078 Baptismi
2201 1012 2372 1078 ipsius

1308 1078 1509 1129 Christi
1541 1080 1605 1129 de
1634 1080 1880 1146 proximo
1907 1082 2138 1142 venturi,
2176 1092 2226 1132 et
2250 1083 2370 1133 ideo

1305 1149 1536 1200 ,loannes
1565 1167 1675 1202 non
1704 1152 1881 1204 solum
1909 1153 2245 1219 praedicabat‚
2275 1155 2370 1205 sed

1305 1223 1471 1274 etiam
1519 1224 1847 1290 baptizabat3
1900 1225 2027 1291 quia
2081 1227 2219 1277 sicut
2274 1243 2371 1279 sua

1308 1296 1686 1362 praedicatione
1705 1297 1985 1348 nuntiabat
2009 1298 2285 1350 Christum
2303 1301 2370 1351 de

1308 1368 1555 1432 proximo
1594 1376 1898 1427 venturum,
1940 1368 2017 1418 sic
2050 1384 2150 1419 suo
2194 1369 2370 1436 bapti-

1307 1454 1427 1488 smo
1468 1438 1850 1489 assuefaciebat
1896 1438 2146 1500 homines
2187 1439 2253 1489 ad
2300 1440 2370 1489 li-

1306 1509 1525 1559 bentius
1562 1509 1960 1575 suscipiendum
2003 1509 2206 1560 Christi
2260 1511 2369 1560 Ba-

1304 1579 1587 1645 ptismum.
1624 1579 1778 1630 Unde
1813 1580 2113 1646 baptismus
2145 1579 2368 1631 Joannis

1304 1663 1417 1703 erat
1439 1652 1684 1719 quaedam
1702 1652 2010 1718 protestatio
2037 1654 2285 1703 credendi
2312 1654 2369 1703 in

1304 1726 1582 1777 Christum
1640 1737 1928 1777 venturum
1948 1765 1960 1787 ,
2031 1736 2084 1777 et
2140 1726 2366 1777 faciendi

1303 1811 1464 1861 opera
1492 1796 1831 1863 poenitentiae,
1864 1807 1924 1848 ut
1952 1797 2197 1848 devotius
2226 1797 2367 1847 acci-

1304 1876 1489 1931 perent
1524 1867 1721 1933 ipsum.
1764 1868 1830 1917 Et
1865 1867 1967 1917 hoc
2002 1877 2083 1917 est
2121 1868 2264 1934 quod
2311 1867 2365 1919 in

1300 1940 1523 1991 Actibus
1560 1940 1772 2001 dicitur,
1807 1942 1951 2007 quod
1997 1942 2232 1991 ,Ioannes
2266 1941 2365 1990 ba-

1297 2010 1532 2077 ptizavit
1560 2010 1821 2076 baptismo
1842 2010 2170 2075 poenitentiae
2185 2025 2363 2075 popu-

1309 2079 1434 2142 lum,
1468 2080 1649 2131 dicens
1674 2099 1691 2131 .-
1734 2080 1798 2130 In
1831 2095 1947 2131 eum
1981 2081 2073 2146 qui
2110 2087 2363 2131 venturus

1301 2157 1443 2201 esset
1466 2157 1591 2217 post
1617 2151 1807 2217 ipsum,
1849 2158 1906 2201 ut
1945 2151 2234 2212 crederent,
2265 2151 2365 2202 hoc

1301 2226 1382 2272 est
1422 2221 1475 2272 in
1518 2221 1720 2284 Jesum‚
1765 2231 1817 2272 et
1856 2221 1977 2272 ideo
2016 2220 2211 2271 dicitur
2252 2220 2360 2282 hic,

1302 2292 1607 2359 confitentes
1654 2298 1880 2356 peccata
1940 2306 2038 2341 sua
2053 2329 2071 2354 ‚
2138 2291 2364 2342 delenda

1297 2362 1500 2412 scilicet
1552 2376 1646 2426 per
1700 2361 1978 2411 Christum
2033 2371 2317 2411 venturum
2343 2377 2359 2424 ;

1298 2435 1428 2502 quia
1458 2451 1567 2485 non
1595 2444 1800 2501 poterat
1837 2435 1941 2484 hoc
1990 2434 2158 2485 facere
2193 2435 2362 2485 Joan-

1299 2521 1411 2566 nes,
1447 2507 1539 2555 sed
1568 2505 1917 2555 denuntiabat
1942 2505 2044 2555 hoc
2078 2520 2171 2571 per
2198 2505 2362 2556 Chri-

1297 2586 1443 2627 stum
1472 2575 1729 2627 fiendum.

1365 2665 1428 2699 10
1463 2647 1728 2709 Quouono
1766 2648 1997 2698 Jomnss
2023 2663 2129 2698 cmi
2161 2649 2364 2698 Pffluu-

1295 2736 1419 2771 saels
1442 2736 1508 2769 ET
1533 2720 1808 2769 Sannaus
1830 2717 2054 2768 noenu?
2078 2746 2138 2755 —
2166 2719 2361 2769 Videtis

1297 2797 1475 2841 autem
1504 2789 1700 2840 multos
1737 2790 2137 2840 Pharisaeorum
2167 2795 2219 2840 et
2246 2789 2360 2839 Sa-

1297 2862 1618 2924 ducaeorum‚
1662 2877 1771 2910 non
1804 2859 2117 2911 confitentes
2154 2869 2362 2925 peccata

1297 2950 1412 2995 sua,
1438 2935 1718 2998 veniente8‚
1746 2950 1868 2984 cum
1888 2934 2061 2984 turbis
2087 2933 2162 2983 ad
2181 2933 2358 2999 bapti-

1296 3023 1483 3069 smum,
1533 3025 1639 3058 non
1682 3023 1745 3057 ex
1777 3022 1899 3058 vera
1943 3007 2218 3073 religione,
2265 3007 2360 3057 sed

1297 3080 1481 3146 populi
1509 3079 1721 3139 timore,
1751 3094 1810 3129 ac
1841 3077 1959 3129 ficte
1988 3087 2040 3129 et
2081 3079 2357 3140 insidiose,

1295 3149 1431 3200 dixit
1459 3148 1571 3211 eis:
1604 3149 1903 3212 Genimina‚
1946 3165 2042 3200 seu
2063 3150 2359 3215 progenies

1298 3225 1622 3289 viperarum,
1667 3222 1720 3273 id
1760 3233 1855 3285 est,
1894 3224 2142 3274 venenati
2181 3233 2232 3273 et
2260 3239 2357 3273 ve-

1298 3304 1618 3345 nenatorum
1645 3292 1763 3353 filii,
1792 3294 1911 3359 quis
1936 3294 2167 3345 ostendit
2190 3293 2356 3354 vobis,

1297 3381 1404 3415 non
1424 3363 1829 3430 poenitentibuS,
1853 3362 2052 3430 fugere
2073 3379 2107 3413 a
2137 3368 2357 3413 ventura

1296 3437 1402 3495 ira,
1456 3446 1508 3485 et
1556 3435 1776 3485 evadere
1803 3435 2138 3485 severitatem
2187 3432 2356 3482 futuri

1295 3508 1517 3574 judicii?
1554 3508 1719 3568 Quasi
1746 3509 1921 3559 dicat:
1954 3507 2163 3566 NulluS,
2194 3505 2299 3555 nisi
2329 3521 2361 3556 a

1296 3577 1499 3628 malitia
1522 3588 1696 3628 vestra
1723 3577 1996 3636 recedatiS,
2017 3587 2067 3627 et
2097 3575 2364 3642 poeniten·

1297 3649 1429 3699 tiam
1485 3648 1708 3699 faciatis.
1757 3649 1907 3698 Licet
1954 3647 2101 3697 enim
2151 3646 2358 3696 falsitas

1294 3729 1470 3771 vestra
1519 3720 1673 3769 lateat
1719 3718 1775 3768 in
1822 3728 2103 3784 conspectu
2151 3716 2361 3782 populi,

1295 3805 1406 3840 non
1439 3799 1616 3840 tamen
1653 3791 1817 3839 latere
1851 3788 2044 3855 poterit
2068 3789 2124 3838 in
2158 3787 2356 3853 judicio

1295 3860 1413 3923 Dei,
1434 3860 1562 3927 quia
1590 3870 1717 3912 tunc
1742 3869 1899 3912 erunt
1927 3858 2207 3911 manifesta
2229 3858 2358 3909 abs-
