2784 4452
603 295 698 344 DE
730 291 1131 345 ELECTIONE
1161 290 1533 342 DUODECIM
1562 289 2116 342 APOSTOLORUM.

250 423 316 464 tu
351 410 410 462 in
437 420 751 477 tempestate
780 412 971 471 noctis,
1017 411 1213 479 purior
1232 419 1314 459 est

248 494 379 536 tunc
403 482 661 547 temporis
689 483 888 544 anima,
920 483 1050 550 ipsoe
1078 481 1312 533 tenebrae

250 552 532 606 silentium
588 553 824 603 nimium
876 564 1111 619 possunt
1154 551 1313 603 sufli-

250 625 451 677 cienter
489 623 555 673 ad
609 624 1084 689 compunctionem
1126 622 1315 690 perdu-

251 710 386 747 cere.
417 694 577 743 Tunc
601 708 713 742 non
734 703 889 743 vexat
916 693 1096 743 inanis
1123 691 1313 758 gloria,

252 784 364 819 non
411 764 612 815 accidia
660 774 713 815 et
749 765 1031 815 concitatio
1062 772 1312 829 occupat3

252 854 364 890 non
392 836 472 886 sic
496 835 642 901 ignis
669 836 797 888 ferri
831 843 1131 902 sequestrat
1158 834 1318 885 rubi-
1352 883 1365 897 ‚

252 909 438 976 ginern
452 944 466 966 ,
491 907 639 956 velut
667 917 931 957 nocturna
967 906 1144 958 oratio
1168 921 1313 956 aeru-

253 980 442 1046 ginem
486 987 838 1043 peccatorum.
893 979 1029 1039 Quae
1089 976 1156 1026 de
1231 976 1319 1025 ciie

252 1051 393 1103 solis
439 1060 599 1100 aestus
651 1050 931 1115 percussit,
969 1058 1126 1099 nocte
1159 1047 1318 1097 refri-

254 1132 540 1190 gerentum
577 1122 876 1187 quemlibet
925 1136 1104 1171 rorem
1155 1135 1317 1186 supe-

254 1204 379 1252 rant
413 1202 702 1243 nocturnae
734 1193 1010 1259 iacrymae,
1056 1201 1112 1242 et
1135 1201 1319 1241 contra

254 1264 746 1332 concupiscentiam
773 1266 977 1325 valent,
1014 1273 1067 1314 et
1083 1263 1319 1329 quemli-

255 1337 346 1388 bet
372 1346 662 1387 tumorem.
680 1335 740 1384 Si·
767 1350 894 1384 vero
924 1334 1176 1399 praedicto
1200 1349 1319 1383 rore

255 1425 364 1459 non
392 1408 636 1458 foveatur
657 1408 844 1467 homo,
870 1406 1059 1457 arescit
1087 1407 1190 1456 sub
1213 1405 1317 1457 die.

256 1481 604 1545 Quapropter
626 1494 745 1528 ores
777 1488 958 1543 noctu,
985 1487 1038 1528 et
1067 1478 1321 1528 ostendas

253 1552 404 1618 quod
451 1565 563 1599 non
618 1551 797 1599 solum
852 1550 917 1599 ad
965 1564 1161 1615 corpus
1212 1564 1320 1598 nox

256 1621 519 1689 pertinet,
567 1621 657 1671 sed
700 1620 862 1670 etiam
891 1620 958 1671 ad
990 1618 1260 1670 animam!
1290 1638 1318 1666 n

256 1692 377 1743 haec
392 1691 834 1759 Chrysostomm.
857 1690 967 1751 Qui
992 1706 1120 1757 ergo
1145 1690 1320 1740 Deum

256 1762 466 1812 orando
484 1759 697 1827 quaerit,
724 1770 1097 1826 exsurgentem
1122 1759 1321 1825 strepi-

257 1844 378 1885 tum
404 1832 666 1883 vitiorum
686 1848 933 1900 premens
953 1834 1019 1883 ad
1048 1832 1323 1899 superiora

258 1906 646 1972 progrediatur,
677 1915 728 1955 et
765 1906 832 1955 ad
869 1905 1121 1956 verticem
1148 1905 1321 1956 subli-

186 2008 190 2012 ·
256 1976 452 2027 mioris
479 1976 642 2026 curiae
674 1976 940 2038 ascendat,
973 1985 1036 2026 ut
1072 1975 1321 2026 exteriori

257 2057 499 2099 cessante
523 2050 780 2109 tumultu,
810 2048 867 2097 'm
891 2049 1127 2114 quodam
1160 2063 1321 2098 men-

256 2122 329 2172 tis
381 2131 583 2171 secreto
632 2137 728 2187 per
796 2121 1008 2173 interna
1060 2120 1323 2171 desideria

257 2193 481 2244 silenter
506 2208 631 2243 cum
655 2192 892 2244 Domino
920 2194 1188 2260 loquatur.
1222 2193 1324 2247 Cu-

257 2264 428 2331 pienti
473 2263 623 2314 enim
683 2280 806 2314 cum
872 2265 984 2314 Deo
1030 2263 1210 2330 loqui,
1272 2273 1325 2314 et

257 2333 683 2386 consolationem
743 2333 984 2384 divinam
1029 2334 1322 2399 promereri

259 2405 476 2471 expedit
542 2403 896 2455 solitudinem
976 2420 1217 2471 quaerere
1273 2415 1326 2455 et

261 2476 678 2528 consolationem
695 2475 986 2525 humanam
1004 2475 1324 2542 relinquere.

262 2547 430 2615 Cujus
447 2546 752 2610 exemplum
774 2545 1037 2595 habemus
1050 2544 1110 2595 in
1122 2546 1326 2595 Joanne

262 2616 628 2684 Evangelista3
659 2617 754 2684 qui
784 2626 1046 2682 quantu-m
1092 2617 1152 2666 in
1189 2616 1325 2668 soli-

230 2732 236 2741 .
263 2690 453 2741 tudine
469 2688 749 2754 profecerit
763 2699 817 2739 et
834 2689 1068 2739 lucratus
1086 2688 1173 2749 sit,
1196 2704 1329 2755 pene

264 2761 522 2811 omnibus
569 2770 758 2809 notum
800 2770 899 2810 est.
965 2762 1024 2810 In
1071 2761 1330 2811 Pathmos

264 2833 500 2883 insulam
520 2831 714 2882 exsilio
740 2832 1000 2898 relegatus
1028 2842 1086 2883 et
1107 2848 1331 2883 consor-

267 2903 346 2954 tio
369 2902 666 2953 hominum
687 2902 993 2964 destitutus,
1018 2904 1333 2954 consolatio-

269 2989 396 3024 nem
416 2974 744 3038 Angelorum
774 2972 1087 3040 promeruit,
1108 2983 1161 3023 et
1181 2975 1333 3039 Apo-

269 3044 526 3111 calypsim
579 3060 773 3111 quam·
813 3043 861 3095 ei
920 3043 1187 3094 Dominus
1235 3059 1333 3109 pro

270 3124 412 3166 statu
442 3115 691 3165 Ecclesiae
720 3114 1019 3181 praesentiS‚
1056 3114 1260 3164 scilicet
1285 3124 1338 3165 et

270 3187 491 3246 futurae,
533 3188 764 3237 revelare
789 3189 1040 3254 dignatus
1064 3196 1170 3247 est,
1209 3202 1337 3254 pro-

272 3260 389 3326 pria
434 3274 594 3308 manu
642 3259 873 3326 scripsit.
930 3259 1084 3310 Unde
1130 3260 1283 3311 Beda
1318 3278 1338 3310 .·

273 3348 305 3378 α
324 3330 561 3380 Historia
592 3341 717 3381 nota
743 3342 823 3381 est
854 3333 1111 3382 Joannem
1156 3348 1186 3383 a
1225 3332 1338 3383 Do-

273 3399 501 3450 mitiano
518 3401 726 3450 Caesare
754 3412 966 3468 propter
989 3401 1339 3468 Evangelium

273 3472 332 3523 in
362 3471 596 3522 insulam
627 3474 937 3539 relegatum,
969 3473 1199 3524 cuitunc
1219 3490 1341 3525 con-

273 3559 407 3613 grue
438 3554 635 3595 secreta
672 3545 857 3596 datum
896 3556 976 3597 est
1017 3545 1132 3598 coeli
1169 3551 1339 3613 pene-

273 3624 412 3666 trare
436 3654 450 3676 ‚
501 3618 625 3665 cum
671 3627 812 3668 certa
862 3628 1125 3668 terrarum
1168 3617 1340 3684 spatia

274 3686 572 3752 negabatur
604 3689 871 3739 excedere.
902 3688 976 3739 Et
1017 3687 1219 3739 similia
1250 3688 1341 3738 ress·

271 3755 559 3822 periuntur
606 3759 672 3807 de
726 3758 978 3824 pluribus·
1017 3757 1138 3808 aliis
1164 3797 1180 3818 ‚
1244 3757 1339 3825 qui

271 3827 488 3877 modico
527 3836 771 3896 ternpore
822 3831 943 3896 plus
985 3829 1172 3879 lucrati
1213 3837 1342 3879 sunt

278 3896 384 3948 soli
430 3911 597 3963 quam
651 3910 763 3951 toto
811 3911 1049 3966 ternpore
1103 3914 1204 3951 suo
1251 3899 1343 3951 lu—

2376 283 2476 341 303

1421 406 1550 457 crati
1578 404 1781 456 fuerint
1807 407 2082 457 comitatu.
2123 406 2350 467 Quando
2379 421 2489 456 au·-

1421 488 1529 530 tem
1594 478 1846 529 Christus
1918 488 2035 529 orat
2059 518 2080 539 ,
2151 479 2477 542 theoricam;

1421 547 1640 614 quando
1675 549 1845 609 docet,
1879 548 2166 616 practicam
2192 548 2359 599 vitam
2381 549 2481 598 in-

1420 622 1634 681 format,
1676 637 1745 672 ne
1790 622 1915 688 quis
1957 637 2054 687 pro
2100 637 2224 672 cura
2246 622 2478 687 proximi

1421 707 1451 742 a
1480 692 1945 758 contemplationis
1991 692 2170 742 studio
2201 702 2480 758 torpescat,

1421 763 1507 812 vel
1535 779 1637 829 pro
1680 762 1859 814 studio
1905 764 2101 814 divinae
2145 764 2491 827 contempla-

1420 834 1611 893 tionis,
1636 835 1884 900 quamvis
1934 835 2177 901 superior
2229 835 2318 895 sit,
2355 851 2493 905 pro--

1424 904 1557 954 ximi
1577 920 1760 954 curam
1779 904 2031 970 negligat.
2057 924 2079 950 υ
2103 906 2259 956 Unde
2277 904 2479 956 Ansel-

1424 991 1544 1027 mres
1589 994 1606 1028 τ
1652 997 1675 1023 α
1711 978 1961 1044 Regnum
2007 977 2104 1027 Dei
2152 978 2495 1043 praedicando

1425 1048 1617 1098 diebus
1642 1063 1766 1099 cum
1796 1050 1998 1115 populo
2027 1061 2407 1108 commoratur,
2430 1059 2483 1100 et

1426 1121 1759 1172 confluentes
1788 1122 1972 1172 turbas
2002 1122 2276 1172 miraculis
2300 1132 2352 1172 et
2379 1137 2493 1173 ver·

1426 1192 1513 1243 bis
1535 1192 1788 1257 aedificat;
1830 1193 2079 1244 noctibus
2113 1203 2353 1243 montem
2373 1192 2488 1243 fre-

1425 1274 1712 1334 quentanS,
1730 1266 2066 1317 orationibus
2092 1276 2260 1326 vacat,
2294 1266 2493 1316 admo-⁷

1428 1354 1564 1388 nens
1582 1354 1677 1403 pro
1705 1338 2055 1404 congruentia
2068 1338 2329 1404 temporis
2344 1353 2488 1388 nunc

1425 1407 1689 1475 proximis
1709 1408 1851 1459 inter
1875 1423 2015 1475 quos
2037 1408 2289 1468 vivimuS,
2312 1408 2490 1459 verbis

1427 1488 1484 1529 et
1503 1477 1764 1544 exemplis
1792 1493 1891 1543 pro
1915 1479 2137 1528 modulo
2158 1488 2339 1527 nostro
2367 1478 2491 1527 vitae

1423 1550 1571 1601 viam
1606 1550 1974 1599 demonstrare
1995 1587 2009 1612 ,
2056 1564 2199 1599 nunc
2252 1548 2494 1598 solitudi-

1428 1636 1553 1671 nem
1582 1618 1781 1669 mentis
1812 1619 2067 1669 adeuntes
2087 1657 2103 1679 ,
2141 1630 2196 1670 et
2222 1619 2488 1669 virtutum

1427 1700 1670 1741 montem
1699 1690 2043 1740 ascendentes
2083 1688 2353 1740 dulcedini
2394 1704 2496 1739 su-

1429 1778 1607 1828 pernae
1652 1758 2122 1826 contemplationis
2166 1759 2394 1820 inhiare,
2441 1768 2494 1808 et

1429 1834 1787 1885 intentionem
1858 1842 2097 1890 nostram
2168 1831 2493 1897 infatigabili

1427 1906 1619 1957 affectu
1661 1905 1729 1955 ad
1758 1919 1992 1972 superna
2013 1903 2264 1969 dirigere.
2294 1923 2323 1951 ιι
2350 1902 2490 1953 Huic

1430 1977 1566 2028 illud
1592 1976 1867 2026 Ber-nardi
1892 1984 2168 2036 consonat,
2201 1991 2313 2041 quo
2335 1976 2403 2024 de
2435 1989 2494 2025 se

1429 2059 1483 2100 et
1511 2049 1617 2100 sibi
1646 2048 1751 2115 ipsi
1779 2048 1995 2098 dicebat
2011 2064 2032 2097 :-
2067 2048 2269 2111 Venite,
2299 2062 2495 2099 ascen-

1429 2122 1622 2172 damus
1663 2121 1741 2171 ad
1777 2125 2001 2170 montem
2046 2119 2282 2183 Domini,
2327 2125 2383 2170 et
2423 2119 2503 2170 ad·

1431 2193 1645 2244 domum
1679 2190 1787 2244 Dei
1823 2190 2022 2254 Jacob,
2073 2197 2127 2242 et
2161 2190 2370 2242 docebit
2394 2204 2501 2244 nos

1429 2264 1549 2315 vias
1571 2277 1705 2314 suas
1721 2280 1739 2313 .·
1759 2261 2104 2322 intentioneS‚
2127 2260 2503 2326 cogitationes,

1429 2336 1730 2386 voluntates
1744 2344 1796 2385 et
1807 2333 2129 2395 affectiones,
2152 2344 2204 2383 et
2219 2333 2403 2383 omnia
2423 2333 2499 2383 in-

1430 2405 1624 2456 teriora
1642 2420 1796 2468 mea3
1839 2404 2024 2466 venite,
2045 2405 2404 2454 *ascendamus
2438 2404 2495 2454 in

1432 2482 1657 2527 montem
1669 2475 1902 2538 Domini,
1922 2474 1977 2524 in
2008 2474 2186 2525 locum
2210 2474 2303 2524 uhi
2320 2473 2500 2524 Domi-

1435 2562 1539 2598 nus
1560 2545 1705 2597 videt
1728 2547 1810 2596 vel
1833 2545 2062 2596 videtur.
2090 2545 2265 2605 Curae,
2289 2544 2506 2594 sollici--

1431 2617 1662 2678 tudines,
1674 2612 1980 2677 anxietates,
1998 2631 2188 2682 poenae3
2203 2625 2500 2681 exspectate

1437 2690 1532 2741 hic
1554 2705 1681 2741 cum
1708 2688 1861 2738 asino
1889 2702 2113 2754 corpore
2150 2687 2254 2737 isto
2273 2725 2287 2745 ,
2330 2687 2499 2737 donec

1437 2778 1536 2829 ego
1570 2778 1695 2811 cum
1718 2775 1902 2828 puem,
1932 2759 1988 2809 id
2020 2769 2100 2810 est
2128 2759 2500 2824 intelligentia,

1437 2849 1615 2900 usque
1644 2833 1771 2882 illue
1797 2840 2142 2898 properantes
2172 2839 2502 2881 revertamur

1439 2908 1505 2958 ad
1536 2923 1652 2958 vos.
1677 2907 2025 2955 Revertemur
2044 2903 2192 2953 en‘rm
2221 2903 2287 2955 ad
2312 2918 2430 2965 vos,
2450 2912 2502 2953 et

1438 2979 1582 3030 heu!
1609 2987 1937 3029 revertemur
1960 2991 2123 3042 quarn
2157 2977 2283 3027 cito·

1507 3067 1538 3101 z
1584 3052 1743 3101 MANE
1794 3063 1959 3098 nero
2009 3064 2276 3099 nuonncm
2322 3058 2509 3099 smair

1444 3123 1772 3172 Arosronos.
1801 3146 1861 3157 —
1903 3119 1981 3168 Et
2002 3134 2116 3170 cum
2141 3119 2335 3185 sactus
2354 3123 2495 3168 esset

1445 3192 1578 3253 dies,
1603 3188 1815 3240 vocavit
1858 3189 2120 3239 Dominus
2155 3188 2230 3238 ad
2251 3202 2308 3238 se
2337 3186 2505 3237 disci-

1438 3261 1603 3328 pulos
1629 3272 1772 3320 ειιοε,
1802 3257 1936 3309 forte
1962 3258 2136 3308 adhuc
2158 3256 2501 3315 dormientes,

1446 3338 1501 3383 et
1521 3330 1687 3396 elegit
1733 3343 1806 3380 ex
1825 3328 1963 3394 ipsis
1994 3345 2087 3392 xn,
2125 3342 2219 3377 seu
2248 3325 2373 3377 fecit
2406 3336 2505 3376 sta-

1445 3402 1645 3453 tuendo
1669 3410 1731 3451 ut
1758 3410 1932 3451 essent
1952 3416 2046 3459 111,
2062 3414 2184 3448 cum
2213 3397 2308 3447 illo
2333 3396 2513 3462 magis.

1448 3471 1800 3540 principales,
1845 3483 1978 3536 quos
2021 3475 2075 3518 et
2100 3467 2413 3534 Apost0105‚
2447 3467 2505 3516 id

1449 3553 1528 3595 est
1545 3543 1741 3593 missos
1760 3558 1774 3591 ε
1793 3541 1995 3592 scilicet
2019 3540 2085 3589 ad
2103 3539 2506 3605 praedicandum

1447 3633 1675 3684 regnum
1703 3615 1821 3676 Dei,
1846 3613 2151 3676 nominarit,
2183 3613 2333 3679 prius
2377 3611 2509 3678 qui-

1448 3689 1573 3738 dem
1617 3686 1825 3738 vocavit
1858 3700 1950 3735 eos
1998 3684 2064 3734 ad
2109 3683 2506 3750 discipulatum,

1451 3758 1542 3810 sed
1579 3758 1742 3809 modo
1771 3756 1838 3807 ad
1888 3755 2276 3822 Apostolatum.
2325 3754 2513 3806 Consi-

1451 3830 1577 3880 dera
1611 3829 1718 3888 hic,
1757 3826 1904 3893 quod
1945 3826 2194 3877 Christus
2220 3826 2509 3892 Apostolos

1452 3900 1717 3952 electurus
1750 3897 1935 3949 orabat
1959 3897 2188 3962 prolixe,
2232 3895 2363 3964 quia
2402 3904 2513 3947 erat
