<?xml version="1.0" encoding="UTF-8"?>
<!DOCTYPE html PUBLIC "-//W3C//DTD XHTML 1.0 Transitional//EN"
    "http://www.w3.org/TR/xhtml1/DTD/xhtml1-transitional.dtd">
<html xmlns="http://www.w3.org/1999/xhtml" xml:lang="en" lang="en">
 <head>
  <title>
</title>
<meta http-equiv="Content-Type" content="text/html;charset=utf-8" />
  <meta name='ocr-system' content='tesseract 3.04.00' />
  <meta name='ocr-capabilities' content='ocr_page ocr_carea ocr_par ocr_line ocrx_word'/>
</head>
<body>
  <div class='ocr_page' id='page_1' title='image "./vitajesuchristi00sachgoog/vitajesuchristi00sachgoog_0124.png"; bbox 0 0 2784 4452; ppageno 0'>
   <div class='ocr_carea' id='block_1_1' title="bbox 331 371 431 422">
    <p class='ocr_par' dir='ltr' id='par_1_1' title="bbox 331 371 431 422">
     <span class='ocr_line' id='line_1_1' title="bbox 331 371 431 422; baseline 0 0"><span class='ocrx_word' id='word_1_1' title='bbox 331 371 431 422; x_wconf 84' lang='lat'>108</span> 
     </span>
    </p>
   </div>
   <div class='ocr_carea' id='block_1_2' title="bbox 314 480 1398 4042">
    <p class='ocr_par' dir='ltr' id='par_1_2' title="bbox 314 480 1398 3613">
     <span class='ocr_line' id='line_1_2' title="bbox 324 480 1392 557; baseline -0.012 -16"><span class='ocrx_word' id='word_1_2' title='bbox 324 490 454 557; x_wconf 89' lang='lat' dir='ltr'>quia</span> <span class='ocrx_word' id='word_1_3' title='bbox 495 488 764 540; x_wconf 87' lang='lat' dir='ltr'>coelestem</span> <span class='ocrx_word' id='word_1_4' title='bbox 828 497 1009 550; x_wconf 89' lang='lat' dir='ltr'>regem</span> <span class='ocrx_word' id='word_1_5' title='bbox 1047 480 1359 548; x_wconf 75' lang='lat' dir='ltr'><strong>quaerebant</strong></span> <span class='ocrx_word' id='word_1_6' title='bbox 1376 517 1392 538; x_wconf 94' lang='lat'>‚</span> 
     </span>
     <span class='ocr_line' id='line_1_3' title="bbox 324 553 1391 626; baseline -0.013 -10"><span class='ocrx_word' id='word_1_7' title='bbox 324 563 424 616; x_wconf 90' lang='lat' dir='ltr'>etsi</span> <span class='ocrx_word' id='word_1_8' title='bbox 470 562 612 614; x_wconf 82' lang='lat' dir='ltr'><strong>nihil</strong></span> <span class='ocrx_word' id='word_1_9' title='bbox 676 559 851 626; x_wconf 90' lang='lat' dir='ltr'>regale</span> <span class='ocrx_word' id='word_1_10' title='bbox 900 556 1154 609; x_wconf 87' lang='lat' dir='ltr'>videbant</span> <span class='ocrx_word' id='word_1_11' title='bbox 1180 589 1183 594; x_wconf 83' lang='lat'><em>·</em></span> <span class='ocrx_word' id='word_1_12' title='bbox 1205 553 1262 604; x_wconf 93' lang='lat' dir='ltr'>in</span> <span class='ocrx_word' id='word_1_13' title='bbox 1308 569 1391 613; x_wconf 93' lang='lat' dir='ltr'>eo,</span> 
     </span>
     <span class='ocr_line' id='line_1_4' title="bbox 324 624 1395 695; baseline -0.01 -9"><span class='ocrx_word' id='word_1_14' title='bbox 324 645 505 686; x_wconf 88' lang='lat' dir='ltr'>tamen</span> <span class='ocrx_word' id='word_1_15' title='bbox 528 671 544 695; x_wconf 90' lang='lat'>,</span> <span class='ocrx_word' id='word_1_16' title='bbox 600 631 771 684; x_wconf 88' lang='lat' dir='ltr'>solius</span> <span class='ocrx_word' id='word_1_17' title='bbox 833 628 1004 680; x_wconf 84' lang='lat' dir='ltr'>stellae</span> <span class='ocrx_word' id='word_1_18' title='bbox 1067 624 1395 677; x_wconf 78' lang='lat' dir='ltr'>testimonio</span> 
     </span>
     <span class='ocr_line' id='line_1_5' title="bbox 324 699 1390 771; baseline -0.01 -13"><span class='ocrx_word' id='word_1_19' title='bbox 324 706 594 768; x_wconf 88' lang='lat' dir='ltr'>contenti,</span> <span class='ocrx_word' id='word_1_20' title='bbox 653 703 954 771; x_wconf 87' lang='lat' dir='ltr'>gaudebant</span> <span class='ocrx_word' id='word_1_21' title='bbox 1004 699 1145 750; x_wconf 90' lang='lat' dir='ltr'>oculi</span> <span class='ocrx_word' id='word_1_22' title='bbox 1203 713 1390 749; x_wconf 89' lang='lat' dir='ltr'>eorum</span> 
     </span>
     <span class='ocr_line' id='line_1_6' title="bbox 324 770 1392 842; baseline -0.01 -13"><span class='ocrx_word' id='word_1_23' title='bbox 324 775 788 842; x_wconf 86' lang='lat' dir='ltr'>contemptibilem</span> <span class='ocrx_word' id='word_1_24' title='bbox 844 774 1078 824; x_wconf 86' lang='lat' dir='ltr'>Puerum</span> <span class='ocrx_word' id='word_1_25' title='bbox 1128 770 1392 835; x_wconf 83' lang='lat' dir='ltr'>aspicere,</span> 
     </span>
     <span class='ocr_line' id='line_1_7' title="bbox 321 843 1397 915; baseline -0.01 -16"><span class='ocrx_word' id='word_1_26' title='bbox 321 849 451 915; x_wconf 92' lang='lat' dir='ltr'>quia</span> <span class='ocrx_word' id='word_1_27' title='bbox 491 846 716 912; x_wconf 89' lang='lat' dir='ltr'>spiritus</span> <span class='ocrx_word' id='word_1_28' title='bbox 761 843 820 893; x_wconf 92' lang='lat' dir='ltr'>in</span> <span class='ocrx_word' id='word_1_29' title='bbox 861 843 1020 893; x_wconf 90' lang='lat' dir='ltr'>corde</span> <span class='ocrx_word' id='word_1_30' title='bbox 1058 856 1246 892; x_wconf 89' lang='lat' dir='ltr'>eorum</span> <span class='ocrx_word' id='word_1_31' title='bbox 1280 848 1397 889; x_wconf 87' lang='lat' dir='ltr'>ter-</span> 
     </span>
     <span class='ocr_line' id='line_1_8' title="bbox 321 909 1395 970; baseline -0.011 0"><span class='ocrx_word' id='word_1_32' title='bbox 321 919 539 970; x_wconf 87' lang='lat' dir='ltr'>ribilem</span> <span class='ocrx_word' id='word_1_33' title='bbox 592 931 717 966; x_wconf 91' lang='lat' dir='ltr'>eum</span> <span class='ocrx_word' id='word_1_34' title='bbox 778 912 1130 968; x_wconf 85' lang='lat' dir='ltr'><strong>monstrabat.</strong></span> <span class='ocrx_word' id='word_1_35' title='bbox 1160 930 1190 958; x_wconf 68' lang='lat' dir='ltr'>n</span> <span class='ocrx_word' id='word_1_36' title='bbox 1235 909 1395 960; x_wconf 83' lang='lat' dir='ltr'>Unde</span> 
     </span>
     <span class='ocr_line' id='line_1_9' title="bbox 322 981 1390 1052; baseline -0.011 -12"><span class='ocrx_word' id='word_1_37' title='bbox 322 1000 374 1040; x_wconf 91' lang='lat' dir='ltr'>et</span> <span class='ocrx_word' id='word_1_38' title='bbox 398 990 508 1039; x_wconf 84' lang='lat' dir='ltr'>Leo</span> <span class='ocrx_word' id='word_1_39' title='bbox 533 989 709 1052; x_wconf 82' lang='lat' dir='ltr'>Papa:</span> <span class='ocrx_word' id='word_1_40' title='bbox 735 1003 763 1032; x_wconf 87' lang='lat'>«</span> <span class='ocrx_word' id='word_1_41' title='bbox 796 985 905 1036; x_wconf 89' lang='lat' dir='ltr'>Nec</span> <span class='ocrx_word' id='word_1_42' title='bbox 952 981 1228 1034; x_wconf 91' lang='lat' dir='ltr'>immerito</span> <span class='ocrx_word' id='word_1_43' title='bbox 1267 995 1390 1030; x_wconf 90' lang='lat' dir='ltr'>cum</span> 
     </span>
     <span class='ocr_line' id='line_1_10' title="bbox 321 1050 1394 1111; baseline -0.011 0"><span class='ocrx_word' id='word_1_44' title='bbox 321 1071 430 1111; x_wconf 92' lang='lat' dir='ltr'>tres</span> <span class='ocrx_word' id='word_1_45' title='bbox 478 1059 544 1109; x_wconf 87' lang='lat' dir='ltr'>ad</span> <span class='ocrx_word' id='word_1_46' title='bbox 595 1055 927 1107; x_wconf 90' lang='lat' dir='ltr'>adorandum</span> <span class='ocrx_word' id='word_1_47' title='bbox 981 1054 1217 1103; x_wconf 89' lang='lat' dir='ltr'>Puerum</span> <span class='ocrx_word' id='word_1_48' title='bbox 1266 1050 1394 1100; x_wconf 81' lang='lat' dir='ltr'>novi</span> 
     </span>
     <span class='ocr_line' id='line_1_11' title="bbox 324 1125 1391 1183; baseline -0.01 -1"><span class='ocrx_word' id='word_1_49' title='bbox 324 1129 517 1182; x_wconf 91' lang='lat' dir='ltr'>sideris</span> <span class='ocrx_word' id='word_1_50' title='bbox 587 1128 799 1178; x_wconf 79' lang='lat' dir='ltr'>claritas</span> <span class='ocrx_word' id='word_1_51' title='bbox 869 1125 1210 1183; x_wconf 85' lang='lat' dir='ltr'>deduxisset,</span> <span class='ocrx_word' id='word_1_52' title='bbox 1284 1137 1391 1171; x_wconf 91' lang='lat' dir='ltr'>non</span> 
     </span>
     <span class='ocr_line' id='line_1_12' title="bbox 323 1194 1392 1265; baseline -0.01 -12"><span class='ocrx_word' id='word_1_53' title='bbox 323 1218 450 1254; x_wconf 88' lang='lat' dir='ltr'>eum</span> <span class='ocrx_word' id='word_1_54' title='bbox 489 1201 846 1265; x_wconf 88' lang='lat' dir='ltr'>imperantem</span> <span class='ocrx_word' id='word_1_55' title='bbox 881 1194 1244 1258; x_wconf 78' lang='lat' dir='ltr'>daemonibuS,</span> <span class='ocrx_word' id='word_1_56' title='bbox 1280 1208 1392 1242; x_wconf 90' lang='lat' dir='ltr'>non</span> 
     </span>
     <span class='ocr_line' id='line_1_13' title="bbox 322 1263 1396 1326; baseline -0.009 -3"><span class='ocrx_word' id='word_1_57' title='bbox 322 1282 568 1323; x_wconf 84' lang='lat' dir='ltr'>mortuos</span> <span class='ocrx_word' id='word_1_58' title='bbox 647 1269 992 1321; x_wconf 90' lang='lat' dir='ltr'>suscitantem</span> <span class='ocrx_word' id='word_1_59' title='bbox 1010 1306 1025 1326; x_wconf 90' lang='lat'>,</span> <span class='ocrx_word' id='word_1_60' title='bbox 1081 1282 1190 1316; x_wconf 92' lang='lat' dir='ltr'>non</span> <span class='ocrx_word' id='word_1_61' title='bbox 1240 1263 1396 1315; x_wconf 81' lang='lat' dir='ltr'>caecis</span> 
     </span>
     <span class='ocr_line' id='line_1_14' title="bbox 320 1340 1395 1407; baseline -0.009 -13"><span class='ocrx_word' id='word_1_62' title='bbox 320 1344 521 1407; x_wconf 80' lang='lat' dir='ltr'>visum,</span> <span class='ocrx_word' id='word_1_63' title='bbox 572 1352 666 1393; x_wconf 91' lang='lat' dir='ltr'>aut</span> <span class='ocrx_word' id='word_1_64' title='bbox 736 1340 941 1392; x_wconf 88' lang='lat' dir='ltr'>claudis</span> <span class='ocrx_word' id='word_1_65' title='bbox 986 1353 1253 1405; x_wconf 85' lang='lat' dir='ltr'>gressum,</span> <span class='ocrx_word' id='word_1_66' title='bbox 1302 1345 1395 1385; x_wconf 91' lang='lat' dir='ltr'>aut</span> 
     </span>
     <span class='ocr_line' id='line_1_15' title="bbox 323 1409 1394 1481; baseline -0.009 -14"><span class='ocrx_word' id='word_1_67' title='bbox 323 1416 491 1466; x_wconf 91' lang='lat' dir='ltr'>mutis</span> <span class='ocrx_word' id='word_1_68' title='bbox 532 1414 812 1481; x_wconf 90' lang='lat' dir='ltr'>eloquium</span> <span class='ocrx_word' id='word_1_69' title='bbox 869 1412 1271 1469; x_wconf 87' lang='lat' dir='ltr'>reformantem,</span> <span class='ocrx_word' id='word_1_70' title='bbox 1307 1409 1394 1458; x_wconf 84' lang='lat' dir='ltr'>vel</span> 
     </span>
     <span class='ocr_line' id='line_1_16' title="bbox 323 1480 1383 1552; baseline -0.009 -15"><span class='ocrx_word' id='word_1_71' title='bbox 323 1488 381 1537; x_wconf 90' lang='lat' dir='ltr'>in</span> <span class='ocrx_word' id='word_1_72' title='bbox 457 1485 638 1552; x_wconf 91' lang='lat' dir='ltr'>aliqua</span> <span class='ocrx_word' id='word_1_73' title='bbox 718 1484 1027 1534; x_wconf 85' lang='lat' dir='ltr'>divinarum</span> <span class='ocrx_word' id='word_1_74' title='bbox 1120 1480 1383 1530; x_wconf 83' lang='lat' dir='ltr'>virtutum</span> 
     </span>
     <span class='ocr_line' id='line_1_17' title="bbox 321 1553 1395 1618; baseline -0.009 -7"><span class='ocrx_word' id='word_1_75' title='bbox 321 1559 532 1611; x_wconf 91' lang='lat' dir='ltr'>actione</span> <span class='ocrx_word' id='word_1_76' title='bbox 556 1559 829 1618; x_wconf 85' lang='lat' dir='ltr'>viderunt,</span> <span class='ocrx_word' id='word_1_77' title='bbox 853 1557 947 1607; x_wconf 91' lang='lat' dir='ltr'>sed</span> <span class='ocrx_word' id='word_1_78' title='bbox 976 1556 1208 1605; x_wconf 89' lang='lat' dir='ltr'>Puerum</span> <span class='ocrx_word' id='word_1_79' title='bbox 1236 1553 1395 1603; x_wconf 91' lang='lat' dir='ltr'>silen-</span> 
     </span>
     <span class='ocr_line' id='line_1_18' title="bbox 323 1624 1397 1697; baseline -0.008 -15"><span class='ocrx_word' id='word_1_80' title='bbox 323 1641 465 1695; x_wconf 89' lang='lat' dir='ltr'>tem,</span> <span class='ocrx_word' id='word_1_81' title='bbox 520 1630 766 1697; x_wconf 90' lang='lat' dir='ltr'>quietum</span> <span class='ocrx_word' id='word_1_82' title='bbox 792 1667 806 1689; x_wconf 93' lang='lat'><strong>‚</strong></span> <span class='ocrx_word' id='word_1_83' title='bbox 866 1627 971 1678; x_wconf 91' lang='lat' dir='ltr'>sub</span> <span class='ocrx_word' id='word_1_84' title='bbox 1030 1625 1222 1676; x_wconf 91' lang='lat' dir='ltr'>Matris</span> <span class='ocrx_word' id='word_1_85' title='bbox 1278 1624 1397 1674; x_wconf 90' lang='lat' dir='ltr'>sol-</span> 
     </span>
     <span class='ocr_line' id='line_1_19' title="bbox 321 1697 1395 1762; baseline -0.01 -8"><span class='ocrx_word' id='word_1_86' title='bbox 321 1702 599 1754; x_wconf 88' lang='lat' dir='ltr'>licitudine</span> <span class='ocrx_word' id='word_1_87' title='bbox 684 1699 1057 1750; x_wconf 88' lang='lat' dir='ltr'>constitutum.</span> <span class='ocrx_word' id='word_1_88' title='bbox 1144 1697 1205 1746; x_wconf 93' lang='lat' dir='ltr'>In</span> <span class='ocrx_word' id='word_1_89' title='bbox 1282 1710 1395 1762; x_wconf 92' lang='lat' dir='ltr'>quo</span> 
     </span>
     <span class='ocr_line' id='line_1_20' title="bbox 324 1767 1392 1837; baseline -0.007 -14"><span class='ocrx_word' id='word_1_90' title='bbox 324 1774 536 1823; x_wconf 90' lang='lat' dir='ltr'>nullum</span> <span class='ocrx_word' id='word_1_91' title='bbox 582 1770 805 1837; x_wconf 90' lang='lat' dir='ltr'>quidem</span> <span class='ocrx_word' id='word_1_92' title='bbox 848 1777 1065 1835; x_wconf 90' lang='lat' dir='ltr'>apparet</span> <span class='ocrx_word' id='word_1_93' title='bbox 1118 1767 1185 1816; x_wconf 92' lang='lat' dir='ltr'>de</span> <span class='ocrx_word' id='word_1_94' title='bbox 1234 1775 1392 1832; x_wconf 90' lang='lat' dir='ltr'>pote-</span> 
     </span>
     <span class='ocr_line' id='line_1_21' title="bbox 323 1842 1392 1908; baseline -0.007 -14"><span class='ocrx_word' id='word_1_95' title='bbox 323 1853 459 1894; x_wconf 87' lang='lat' dir='ltr'>state</span> <span class='ocrx_word' id='word_1_96' title='bbox 499 1842 747 1908; x_wconf 88' lang='lat' dir='ltr'>signum,</span> <span class='ocrx_word' id='word_1_97' title='bbox 795 1842 889 1893; x_wconf 91' lang='lat' dir='ltr'>sed</span> <span class='ocrx_word' id='word_1_98' title='bbox 942 1855 1201 1907; x_wconf 87' lang='lat' dir='ltr'>magnum</span> <span class='ocrx_word' id='word_1_99' title='bbox 1250 1852 1392 1904; x_wconf 85' lang='lat' dir='ltr'>prae-</span> 
     </span>
     <span class='ocr_line' id='line_1_22' title="bbox 324 1909 1390 1965; baseline -0.005 0"><span class='ocrx_word' id='word_1_100' title='bbox 324 1915 480 1965; x_wconf 90' lang='lat' dir='ltr'>betur</span> <span class='ocrx_word' id='word_1_101' title='bbox 543 1916 611 1964; x_wconf 93' lang='lat' dir='ltr'>de</span> <span class='ocrx_word' id='word_1_102' title='bbox 687 1912 993 1964; x_wconf 85' lang='lat' dir='ltr'>humilitate</span> <span class='ocrx_word' id='word_1_103' title='bbox 1049 1909 1390 1960; x_wconf 86' lang='lat' dir='ltr'>miraculum.</span> 
     </span>
     <span class='ocr_line' id='line_1_23' title="bbox 323 1981 1395 2047; baseline -0.006 -11"><span class='ocrx_word' id='word_1_104' title='bbox 323 1987 461 2036; x_wconf 87' lang='lat' dir='ltr'>Tota</span> <span class='ocrx_word' id='word_1_105' title='bbox 501 1986 645 2036; x_wconf 88' lang='lat' dir='ltr'>enim</span> <span class='ocrx_word' id='word_1_106' title='bbox 673 1986 782 2036; x_wconf 82' lang='lat' dir='ltr'>vita</span> <span class='ocrx_word' id='word_1_107' title='bbox 815 1981 1134 2042; x_wconf 88' lang='lat' dir='ltr'>Salvatoris,</span> <span class='ocrx_word' id='word_1_108' title='bbox 1181 1996 1303 2047; x_wconf 88' lang='lat' dir='ltr'>quae</span> <span class='ocrx_word' id='word_1_109' title='bbox 1341 1991 1395 2031; x_wconf 90' lang='lat' dir='ltr'>et</span> 
     </span>
     <span class='ocr_line' id='line_1_24' title="bbox 321 2054 1391 2122; baseline -0.004 -17"><span class='ocrx_word' id='word_1_110' title='bbox 321 2056 601 2107; x_wconf 88' lang='lat' dir='ltr'>diabolum</span> <span class='ocrx_word' id='word_1_111' title='bbox 653 2055 925 2122; x_wconf 88' lang='lat' dir='ltr'>superavit</span> <span class='ocrx_word' id='word_1_112' title='bbox 983 2063 1036 2104; x_wconf 89' lang='lat' dir='ltr'>et</span> <span class='ocrx_word' id='word_1_113' title='bbox 1104 2054 1391 2112; x_wconf 88' lang='lat' dir='ltr'>mundum,</span> 
     </span>
     <span class='ocr_line' id='line_1_25' title="bbox 323 2123 1396 2191; baseline -0.004 -15"><span class='ocrx_word' id='word_1_114' title='bbox 323 2125 632 2177; x_wconf 89' lang='lat' dir='ltr'>humilitate</span> <span class='ocrx_word' id='word_1_115' title='bbox 671 2137 753 2178; x_wconf 89' lang='lat' dir='ltr'>est</span> <span class='ocrx_word' id='word_1_116' title='bbox 782 2134 1062 2191; x_wconf 77' lang='lat' dir='ltr'>-concepta,</span> <span class='ocrx_word' id='word_1_117' title='bbox 1086 2123 1396 2174; x_wconf 89' lang='lat' dir='ltr'>humilitate</span> 
     </span>
     <span class='ocr_line' id='line_1_26' title="bbox 322 2192 1395 2264; baseline -0.004 -16"><span class='ocrx_word' id='word_1_118' title='bbox 322 2206 405 2248; x_wconf 86' lang='lat' dir='ltr'>est</span> <span class='ocrx_word' id='word_1_119' title='bbox 447 2196 702 2249; x_wconf 88' lang='lat' dir='ltr'>confecta.</span> <span class='ocrx_word' id='word_1_120' title='bbox 767 2195 1073 2264; x_wconf 90' lang='lat' dir='ltr'>Dispositos</span> <span class='ocrx_word' id='word_1_121' title='bbox 1115 2192 1232 2244; x_wconf 90' lang='lat' dir='ltr'>dies</span> <span class='ocrx_word' id='word_1_122' title='bbox 1291 2193 1395 2245; x_wconf 91' lang='lat' dir='ltr'>sub</span> 
     </span>
     <span class='ocr_line' id='line_1_27' title="bbox 322 2267 1398 2335; baseline -0.005 -16"><span class='ocrx_word' id='word_1_123' title='bbox 322 2268 697 2335; x_wconf 86' lang='lat' dir='ltr'>persecutione</span> <span class='ocrx_word' id='word_1_124' title='bbox 721 2268 915 2319; x_wconf 89' lang='lat' dir='ltr'>finivit.</span> <span class='ocrx_word' id='word_1_125' title='bbox 959 2268 1067 2318; x_wconf 93' lang='lat' dir='ltr'>Nec</span> <span class='ocrx_word' id='word_1_126' title='bbox 1115 2267 1286 2317; x_wconf 89' lang='lat' dir='ltr'>Puero</span> <span class='ocrx_word' id='word_1_127' title='bbox 1320 2274 1398 2315; x_wconf 87' lang='lat' dir='ltr'>to-</span> 
     </span>
     <span class='ocr_line' id='line_1_28' title="bbox 323 2338 1395 2404; baseline -0.005 -15"><span class='ocrx_word' id='word_1_128' title='bbox 323 2339 547 2389; x_wconf 87' lang='lat' dir='ltr'>lerantia</span> <span class='ocrx_word' id='word_1_129' title='bbox 619 2338 919 2404; x_wconf 88' lang='lat' dir='ltr'>passionis,</span> <span class='ocrx_word' id='word_1_130' title='bbox 1001 2353 1098 2388; x_wconf 89' lang='lat' dir='ltr'>nec</span> <span class='ocrx_word' id='word_1_131' title='bbox 1168 2351 1395 2402; x_wconf 89' lang='lat' dir='ltr'>passuro</span> 
     </span>
     <span class='ocr_line' id='line_1_29' title="bbox 323 2407 1395 2476; baseline -0.003 -15"><span class='ocrx_word' id='word_1_132' title='bbox 323 2410 497 2461; x_wconf 89' lang='lat' dir='ltr'>defuit</span> <span class='ocrx_word' id='word_1_133' title='bbox 549 2411 909 2460; x_wconf 89' lang='lat' dir='ltr'>mansuetudo</span> <span class='ocrx_word' id='word_1_134' title='bbox 951 2409 1176 2476; x_wconf 89' lang='lat' dir='ltr'>puerilis</span> <span class='ocrx_word' id='word_1_135' title='bbox 1204 2426 1220 2459; x_wconf 89' lang='lat'>:</span> <span class='ocrx_word' id='word_1_136' title='bbox 1248 2407 1395 2458; x_wconf 89' lang='lat' dir='ltr'>unde</span> 
     </span>
     <span class='ocr_line' id='line_1_30' title="bbox 323 2479 1394 2547; baseline -0.006 -14"><span class='ocrx_word' id='word_1_137' title='bbox 323 2492 434 2532; x_wconf 91' lang='lat' dir='ltr'>tota</span> <span class='ocrx_word' id='word_1_138' title='bbox 487 2481 815 2533; x_wconf 79' lang='lat' dir='ltr'>Christiana:</span> <span class='ocrx_word' id='word_1_139' title='bbox 869 2481 1150 2547; x_wconf 78' lang='lat' dir='ltr'>sapientiae</span> <span class='ocrx_word' id='word_1_140' title='bbox 1229 2479 1394 2528; x_wconf 90' lang='lat' dir='ltr'>disci-</span> 
     </span>
     <span class='ocr_line' id='line_1_31' title="bbox 321 2549 1390 2617; baseline -0.003 -16"><span class='ocrx_word' id='word_1_141' title='bbox 321 2551 505 2617; x_wconf 88' lang='lat' dir='ltr'>plina,</span> <span class='ocrx_word' id='word_1_142' title='bbox 570 2567 678 2600; x_wconf 89' lang='lat' dir='ltr'>non</span> <span class='ocrx_word' id='word_1_143' title='bbox 742 2551 800 2602; x_wconf 88' lang='lat' dir='ltr'>in</span> <span class='ocrx_word' id='word_1_144' title='bbox 852 2551 1179 2601; x_wconf 91' lang='lat' dir='ltr'>abundantia</span> <span class='ocrx_word' id='word_1_145' title='bbox 1219 2549 1390 2613; x_wconf 88' lang='lat' dir='ltr'>verbi,</span> 
     </span>
     <span class='ocr_line' id='line_1_32' title="bbox 319 2620 1392 2686; baseline -0.001 -16"><span class='ocrx_word' id='word_1_146' title='bbox 319 2636 430 2671; x_wconf 89' lang='lat' dir='ltr'>non</span> <span class='ocrx_word' id='word_1_147' title='bbox 485 2621 543 2671; x_wconf 91' lang='lat' dir='ltr'>in</span> <span class='ocrx_word' id='word_1_148' title='bbox 592 2621 789 2672; x_wconf 89' lang='lat' dir='ltr'>astutia</span> <span class='ocrx_word' id='word_1_149' title='bbox 833 2620 1162 2686; x_wconf 88' lang='lat' dir='ltr'>disputandi,</span> <span class='ocrx_word' id='word_1_150' title='bbox 1216 2634 1392 2685; x_wconf 92' lang='lat' dir='ltr'>neque</span> 
     </span>
     <span class='ocr_line' id='line_1_33' title="bbox 320 2690 1390 2757; baseline -0.002 -15"><span class='ocrx_word' id='word_1_151' title='bbox 320 2692 377 2742; x_wconf 91' lang='lat' dir='ltr'>in</span> <span class='ocrx_word' id='word_1_152' title='bbox 420 2692 661 2757; x_wconf 91' lang='lat' dir='ltr'>appetitu</span> <span class='ocrx_word' id='word_1_153' title='bbox 722 2692 898 2742; x_wconf 91' lang='lat' dir='ltr'>laudis</span> <span class='ocrx_word' id='word_1_154' title='bbox 938 2701 991 2742; x_wconf 88' lang='lat' dir='ltr'>et</span> <span class='ocrx_word' id='word_1_155' title='bbox 1035 2690 1221 2757; x_wconf 85' lang='lat' dir='ltr'>gloriae</span> <span class='ocrx_word' id='word_1_156' title='bbox 1246 2729 1261 2749; x_wconf 94' lang='lat'>,</span> <span class='ocrx_word' id='word_1_157' title='bbox 1297 2691 1390 2740; x_wconf 91' lang='lat' dir='ltr'>sed</span> 
     </span>
     <span class='ocr_line' id='line_1_34' title="bbox 320 2762 1392 2816; baseline -0.003 -1"><span class='ocrx_word' id='word_1_158' title='bbox 320 2764 379 2815; x_wconf 89' lang='lat' dir='ltr'>in</span> <span class='ocrx_word' id='word_1_159' title='bbox 429 2780 553 2816; x_wconf 84' lang='lat' dir='ltr'>vera</span> <span class='ocrx_word' id='word_1_160' title='bbox 605 2775 659 2816; x_wconf 92' lang='lat' dir='ltr'>et</span> <span class='ocrx_word' id='word_1_161' title='bbox 713 2764 1016 2816; x_wconf 84' lang='lat' dir='ltr'>voluntaria</span> <span class='ocrx_word' id='word_1_162' title='bbox 1085 2762 1392 2814; x_wconf 89' lang='lat' dir='ltr'>humilitate</span> 
     </span>
     <span class='ocr_line' id='line_1_35' title="bbox 317 2834 1391 2902; baseline -0.001 -18"><span class='ocrx_word' id='word_1_163' title='bbox 317 2835 600 2897; x_wconf 88' lang='lat' dir='ltr'>consistit,</span> <span class='ocrx_word' id='word_1_164' title='bbox 630 2848 793 2902; x_wconf 91' lang='lat' dir='ltr'>quam</span> <span class='ocrx_word' id='word_1_165' title='bbox 827 2835 1098 2886; x_wconf 88' lang='lat' dir='ltr'>Dominus</span> <span class='ocrx_word' id='word_1_166' title='bbox 1133 2834 1286 2885; x_wconf 89' lang='lat' dir='ltr'>Jesus</span> <span class='ocrx_word' id='word_1_167' title='bbox 1323 2834 1391 2884; x_wconf 91' lang='lat' dir='ltr'>ab</span> 
     </span>
     <span class='ocr_line' id='line_1_36' title="bbox 318 2905 1390 2972; baseline 0 -17"><span class='ocrx_word' id='word_1_168' title='bbox 318 2915 472 2956; x_wconf 90' lang='lat' dir='ltr'>utero</span> <span class='ocrx_word' id='word_1_169' title='bbox 535 2906 722 2957; x_wconf 86' lang='lat' dir='ltr'>Matris</span> <span class='ocrx_word' id='word_1_170' title='bbox 743 2944 757 2967; x_wconf 93' lang='lat'>,</span> <span class='ocrx_word' id='word_1_171' title='bbox 813 2922 986 2972; x_wconf 90' lang='lat' dir='ltr'>usque</span> <span class='ocrx_word' id='word_1_172' title='bbox 1052 2906 1118 2956; x_wconf 95' lang='lat' dir='ltr'>ad</span> <span class='ocrx_word' id='word_1_173' title='bbox 1174 2905 1390 2970; x_wconf 85' lang='lat' dir='ltr'>suppli-</span> 
     </span>
     <span class='ocr_line' id='line_1_37' title="bbox 318 2975 1389 3043; baseline 0 -17"><span class='ocrx_word' id='word_1_174' title='bbox 318 2975 464 3026; x_wconf 91' lang='lat' dir='ltr'>cium</span> <span class='ocrx_word' id='word_1_175' title='bbox 506 2976 678 3027; x_wconf 91' lang='lat' dir='ltr'>crucis</span> <span class='ocrx_word' id='word_1_176' title='bbox 720 2993 818 3043; x_wconf 91' lang='lat' dir='ltr'>pro</span> <span class='ocrx_word' id='word_1_177' title='bbox 865 2977 1012 3028; x_wconf 88' lang='lat' dir='ltr'>omni</span> <span class='ocrx_word' id='word_1_178' title='bbox 1057 2976 1389 3035; x_wconf 89' lang='lat' dir='ltr'>fortitudine,</span> 
     </span>
     <span class='ocr_line' id='line_1_38' title="bbox 318 3046 1388 3113; baseline 0.002 -17"><span class='ocrx_word' id='word_1_179' title='bbox 318 3056 371 3096; x_wconf 91' lang='lat' dir='ltr'>et</span> <span class='ocrx_word' id='word_1_180' title='bbox 393 3046 553 3112; x_wconf 87' lang='lat' dir='ltr'>elegit</span> <span class='ocrx_word' id='word_1_181' title='bbox 578 3056 632 3096; x_wconf 90' lang='lat' dir='ltr'>et</span> <span class='ocrx_word' id='word_1_182' title='bbox 654 3047 836 3099; x_wconf 91' lang='lat' dir='ltr'>docuit</span> <span class='ocrx_word' id='word_1_183' title='bbox 866 3064 880 3097; x_wconf 75' lang='grc' dir='ltr'><strong>ε</strong></span> <span class='ocrx_word' id='word_1_184' title='bbox 910 3067 937 3096; x_wconf 84' lang='lat'>»</span> <span class='ocrx_word' id='word_1_185' title='bbox 959 3048 1075 3100; x_wconf 86' lang='lat' dir='ltr'>haec</span> <span class='ocrx_word' id='word_1_186' title='bbox 1092 3049 1201 3098; x_wconf 89' lang='lat' dir='ltr'>Leo</span> <span class='ocrx_word' id='word_1_187' title='bbox 1232 3047 1388 3113; x_wconf 89' lang='lat' dir='ltr'>Papa.</span> 
     </span>
     <span class='ocr_line' id='line_1_39' title="bbox 320 3117 1392 3184; baseline 0.001 -15"><span class='ocrx_word' id='word_1_188' title='bbox 320 3117 396 3169; x_wconf 92' lang='lat' dir='ltr'>Ut</span> <span class='ocrx_word' id='word_1_189' title='bbox 423 3133 549 3184; x_wconf 87' lang='lat' dir='ltr'>ergo</span> <span class='ocrx_word' id='word_1_190' title='bbox 597 3119 773 3184; x_wconf 91' lang='lat' dir='ltr'>possis</span> <span class='ocrx_word' id='word_1_191' title='bbox 840 3130 891 3171; x_wconf 91' lang='lat' dir='ltr'>et</span> <span class='ocrx_word' id='word_1_192' title='bbox 933 3130 993 3170; x_wconf 89' lang='lat' dir='ltr'>tu</span> <span class='ocrx_word' id='word_1_193' title='bbox 1023 3119 1301 3170; x_wconf 89' lang='lat' dir='ltr'>diabolum</span> <span class='ocrx_word' id='word_1_194' title='bbox 1338 3130 1392 3170; x_wconf 90' lang='lat' dir='ltr'>et</span> 
     </span>
     <span class='ocr_line' id='line_1_40' title="bbox 318 3190 1389 3257; baseline 0.001 -17"><span class='ocrx_word' id='word_1_195' title='bbox 318 3191 590 3240; x_wconf 87' lang='lat' dir='ltr'>mundum</span> <span class='ocrx_word' id='word_1_196' title='bbox 634 3190 865 3251; x_wconf 83' lang='lat' dir='ltr'>vincere,</span> <span class='ocrx_word' id='word_1_197' title='bbox 908 3191 1136 3251; x_wconf 86' lang='lat' dir='ltr'>coneris,</span> <span class='ocrx_word' id='word_1_198' title='bbox 1163 3206 1261 3257; x_wconf 89' lang='lat' dir='ltr'>pro</span> <span class='ocrx_word' id='word_1_199' title='bbox 1300 3190 1389 3241; x_wconf 84' lang='lat' dir='ltr'>vi-</span> 
     </span>
     <span class='ocr_line' id='line_1_41' title="bbox 315 3261 1388 3330; baseline 0.001 -18"><span class='ocrx_word' id='word_1_200' title='bbox 315 3261 489 3323; x_wconf 91' lang='lat' dir='ltr'>ribus,</span> <span class='ocrx_word' id='word_1_201' title='bbox 524 3262 850 3314; x_wconf 86' lang='lat' dir='ltr'>humilitatis</span> <span class='ocrx_word' id='word_1_202' title='bbox 885 3279 946 3315; x_wconf 90' lang='lat' dir='ltr'>ac</span> <span class='ocrx_word' id='word_1_203' title='bbox 974 3265 1245 3330; x_wconf 80' lang='lat' dir='ltr'>patientiae</span> <span class='ocrx_word' id='word_1_204' title='bbox 1274 3264 1388 3315; x_wconf 87' lang='lat' dir='ltr'>vir-</span> 
     </span>
     <span class='ocr_line' id='line_1_42' title="bbox 316 3333 1389 3401; baseline 0.001 -17"><span class='ocrx_word' id='word_1_205' title='bbox 316 3342 457 3385; x_wconf 87' lang='lat' dir='ltr'>tutes</span> <span class='ocrx_word' id='word_1_206' title='bbox 482 3335 729 3399; x_wconf 87' lang='lat' dir='ltr'>exemplo</span> <span class='ocrx_word' id='word_1_207' title='bbox 762 3333 966 3385; x_wconf 88' lang='lat' dir='ltr'>Christi</span> <span class='ocrx_word' id='word_1_208' title='bbox 1003 3349 1231 3397; x_wconf 79' lang='lat' dir='ltr'>servare,</span> <span class='ocrx_word' id='word_1_209' title='bbox 1260 3335 1389 3401; x_wconf 91' lang='lat' dir='ltr'>quia</span> 
     </span>
     <span class='ocr_line' id='line_1_43' title="bbox 314 3403 1388 3470; baseline 0 -16"><span class='ocrx_word' id='word_1_210' title='bbox 314 3403 406 3455; x_wconf 88' lang='lat' dir='ltr'>his</span> <span class='ocrx_word' id='word_1_211' title='bbox 447 3406 691 3456; x_wconf 90' lang='lat' dir='ltr'>munitus</span> <span class='ocrx_word' id='word_1_212' title='bbox 726 3404 927 3470; x_wconf 83' lang='lat' dir='ltr'>poteris</span> <span class='ocrx_word' id='word_1_213' title='bbox 950 3404 1176 3456; x_wconf 87' lang='lat' dir='ltr'>faciliter</span> <span class='ocrx_word' id='word_1_214' title='bbox 1196 3407 1388 3456; x_wconf 85' lang='lat' dir='ltr'>adver-</span> 
     </span>
     <span class='ocr_line' id='line_1_44' title="bbox 315 3474 1385 3535; baseline -0.001 -9"><span class='ocrx_word' id='word_1_215' title='bbox 315 3475 487 3526; x_wconf 85' lang='lat' dir='ltr'>sarios</span> <span class='ocrx_word' id='word_1_216' title='bbox 545 3485 598 3526; x_wconf 92' lang='lat' dir='ltr'>et</span> <span class='ocrx_word' id='word_1_217' title='bbox 642 3475 897 3526; x_wconf 88' lang='lat' dir='ltr'>inimicos</span> <span class='ocrx_word' id='word_1_218' title='bbox 956 3485 1067 3525; x_wconf 89' lang='lat' dir='ltr'>tam</span> <span class='ocrx_word' id='word_1_219' title='bbox 1124 3474 1385 3535; x_wconf 84' lang='lat' dir='ltr'>visibiles,</span> 
     </span>
     <span class='ocr_line' id='line_1_45' title="bbox 317 3547 1171 3613; baseline 0 -16"><span class='ocrx_word' id='word_1_220' title='bbox 317 3562 482 3613; x_wconf 87' lang='lat' dir='ltr'>quam</span> <span class='ocrx_word' id='word_1_221' title='bbox 523 3547 845 3607; x_wconf 84' lang='lat' dir='ltr'>invisibiles,</span> <span class='ocrx_word' id='word_1_222' title='bbox 902 3561 1171 3613; x_wconf 85' lang='lat' dir='ltr'>superare.</span> 
     </span>
    </p>

    <p class='ocr_par' dir='ltr' id='par_1_3' title="bbox 316 3621 1389 4042">
     <span class='ocr_line' id='line_1_46' title="bbox 338 3621 1387 3680; baseline 0 -10"><span class='ocrx_word' id='word_1_223' title='bbox 338 3652 341 3655; x_wconf 32' lang='grc' dir='ltr'><strong><em>ι</em></strong></span> <span class='ocrx_word' id='word_1_224' title='bbox 389 3636 451 3670; x_wconf 86' lang='lat'>12</span> <span class='ocrx_word' id='word_1_225' title='bbox 521 3621 657 3680; x_wconf 59' lang='lat' dir='ltr'>Qua-2</span> <span class='ocrx_word' id='word_1_226' title='bbox 698 3636 917 3670; x_wconf 64' lang='lat' dir='ltr'>nuni-nu</span> <span class='ocrx_word' id='word_1_227' title='bbox 973 3634 1270 3670; x_wconf 53' lang='lat' dir='ltr'>orl-‘anunm</span> <span class='ocrx_word' id='word_1_228' title='bbox 1325 3648 1387 3659; x_wconf 94' lang='lat'>—</span> 
     </span>
     <span class='ocr_line' id='line_1_47' title="bbox 316 3689 1386 3757; baseline 0.001 -17"><span class='ocrx_word' id='word_1_229' title='bbox 316 3689 389 3741; x_wconf 84' lang='lat' dir='ltr'>Et</span> <span class='ocrx_word' id='word_1_230' title='bbox 438 3691 599 3757; x_wconf 87' lang='lat' dir='ltr'>Magi,</span> <span class='ocrx_word' id='word_1_231' title='bbox 647 3691 867 3742; x_wconf 81' lang='lat' dir='ltr'>invento</span> <span class='ocrx_word' id='word_1_232' title='bbox 924 3691 1386 3756; x_wconf 83' lang='lat' dir='ltr'>Puer0,.aperue-</span> 
     </span>
     <span class='ocr_line' id='line_1_48' title="bbox 318 3760 1389 3828; baseline -0.001 -17"><span class='ocrx_word' id='word_1_233' title='bbox 318 3772 447 3813; x_wconf 89' lang='lat' dir='ltr'>runt</span> <span class='ocrx_word' id='word_1_234' title='bbox 494 3765 775 3814; x_wconf 85' lang='lat' dir='ltr'>thesauros</span> <span class='ocrx_word' id='word_1_235' title='bbox 821 3776 968 3821; x_wconf 83' lang='lat' dir='ltr'>suos,</span> <span class='ocrx_word' id='word_1_236' title='bbox 1022 3760 1080 3812; x_wconf 88' lang='lat' dir='ltr'>in</span> <span class='ocrx_word' id='word_1_237' title='bbox 1131 3776 1241 3828; x_wconf 92' lang='lat' dir='ltr'>quo</span> <span class='ocrx_word' id='word_1_238' title='bbox 1278 3777 1389 3810; x_wconf 89' lang='lat' dir='ltr'>mo-</span> 
     </span>
     <span class='ocr_line' id='line_1_49' title="bbox 318 3832 1386 3897; baseline 0 -15"><span class='ocrx_word' id='word_1_239' title='bbox 318 3832 501 3883; x_wconf 89' lang='lat' dir='ltr'>raliter</span> <span class='ocrx_word' id='word_1_240' title='bbox 547 3832 906 3885; x_wconf 88' lang='lat' dir='ltr'>informamur</span> <span class='ocrx_word' id='word_1_241' title='bbox 927 3870 946 3897; x_wconf 89' lang='lat'>,</span> <span class='ocrx_word' id='word_1_242' title='bbox 1005 3842 1065 3883; x_wconf 91' lang='lat' dir='ltr'>ut</span> <span class='ocrx_word' id='word_1_243' title='bbox 1105 3832 1386 3882; x_wconf 89' lang='lat' dir='ltr'>thesauros</span> 
     </span>
     <span class='ocr_line' id='line_1_50' title="bbox 317 3904 1388 3971; baseline 0.003 -20"><span class='ocrx_word' id='word_1_244' title='bbox 317 3913 528 3954; x_wconf 89' lang='lat' dir='ltr'>nostros</span> <span class='ocrx_word' id='word_1_245' title='bbox 568 3904 624 3953; x_wconf 89' lang='lat' dir='ltr'>in</span> <span class='ocrx_word' id='word_1_246' title='bbox 661 3904 748 3955; x_wconf 90' lang='lat' dir='ltr'>via</span> <span class='ocrx_word' id='word_1_247' title='bbox 777 3921 884 3956; x_wconf 92' lang='lat' dir='ltr'>non</span> <span class='ocrx_word' id='word_1_248' title='bbox 924 3905 1257 3971; x_wconf 87' lang='lat' dir='ltr'>pandamus,</span> <span class='ocrx_word' id='word_1_249' title='bbox 1282 3905 1388 3954; x_wconf 92' lang='lat' dir='ltr'>do-</span> 
     </span>
     <span class='ocr_line' id='line_1_51' title="bbox 318 3977 1388 4042; baseline 0.003 -17"><span class='ocrx_word' id='word_1_250' title='bbox 318 3990 416 4026; x_wconf 90' lang='lat' dir='ltr'>nec</span> <span class='ocrx_word' id='word_1_251' title='bbox 468 3977 750 4042; x_wconf 86' lang='lat' dir='ltr'>praeteritis</span> <span class='ocrx_word' id='word_1_252' title='bbox 814 3978 1065 4031; x_wconf 87' lang='lat' dir='ltr'>hostibus</span> <span class='ocrx_word' id='word_1_253' title='bbox 1112 3978 1216 4030; x_wconf 89' lang='lat' dir='ltr'>soli</span> <span class='ocrx_word' id='word_1_254' title='bbox 1275 3978 1388 4029; x_wconf 91' lang='lat' dir='ltr'>Deo</span> 
     </span>
    </p>
   </div>
   <div class='ocr_carea' id='block_1_3' title="bbox 998 359 1917 415">
    <p class='ocr_par' dir='ltr' id='par_1_4' title="bbox 998 359 1917 415">
     <span class='ocr_line' id='line_1_52' title="bbox 998 359 1917 415; baseline -0.004 0"><span class='ocrx_word' id='word_1_255' title='bbox 998 363 1240 415; x_wconf 81' lang='lat' dir='ltr'>PRIMAE</span> <span class='ocrx_word' id='word_1_256' title='bbox 1276 359 1531 411; x_wconf 86' lang='lat' dir='ltr'>PARTIS</span> <span class='ocrx_word' id='word_1_257' title='bbox 1563 359 1797 411; x_wconf 82' lang='lat' dir='ltr'>CAPUT</span> <span class='ocrx_word' id='word_1_258' title='bbox 1827 360 1917 411; x_wconf 90' lang='lat' dir='ltr'>XI.</span> 
     </span>
    </p>
   </div>
   <div class='ocr_carea' id='block_1_4' title="bbox 1499 476 2592 1910">
    <p class='ocr_par' dir='ltr' id='par_1_5' title="bbox 1499 476 2592 1910">
     <span class='ocr_line' id='line_1_53' title="bbox 1504 476 2576 530; baseline 0.002 -2"><span class='ocrx_word' id='word_1_259' title='bbox 1504 492 1570 528; x_wconf 87' lang='lat' dir='ltr'>ex</span> <span class='ocrx_word' id='word_1_260' title='bbox 1614 477 1839 529; x_wconf 91' lang='lat' dir='ltr'>occultis</span> <span class='ocrx_word' id='word_1_261' title='bbox 1888 476 2132 528; x_wconf 88' lang='lat' dir='ltr'>cordium</span> <span class='ocrx_word' id='word_1_262' title='bbox 2171 476 2477 529; x_wconf 79' lang='lat' dir='ltr'>offeramus,</span> <span class='ocrx_word' id='word_1_263' title='bbox 2500 478 2576 530; x_wconf 79' lang='lat' dir='ltr'>Et</span> 
     </span>
     <span class='ocr_line' id='line_1_54' title="bbox 1505 549 2574 616; baseline -0.001 -15"><span class='ocrx_word' id='word_1_264' title='bbox 1505 550 1807 601; x_wconf 78' lang='lat' dir='ltr'>obtulerunt</span> <span class='ocrx_word' id='word_1_265' title='bbox 1840 549 2041 616; x_wconf 86' lang='lat' dir='ltr'>singuli</span> <span class='ocrx_word' id='word_1_266' title='bbox 2084 564 2247 615; x_wconf 91' lang='lat' dir='ltr'>puero</span> <span class='ocrx_word' id='word_1_267' title='bbox 2294 549 2438 613; x_wconf 89' lang='lat' dir='ltr'>Jesu,</span> <span class='ocrx_word' id='word_1_268' title='bbox 2466 565 2574 600; x_wconf 82' lang='lat' dir='ltr'>au-</span> 
     </span>
     <span class='ocr_line' id='line_1_55' title="bbox 1504 622 2575 690; baseline 0 -17"><span class='ocrx_word' id='word_1_269' title='bbox 1504 639 1643 685; x_wconf 81' lang='lat' dir='ltr'>rum,</span> <span class='ocrx_word' id='word_1_270' title='bbox 1686 622 1807 673; x_wconf 80' lang='lat' dir='ltr'>thus</span> <span class='ocrx_word' id='word_1_271' title='bbox 1866 628 1918 673; x_wconf 87' lang='lat' dir='ltr'>et</span> <span class='ocrx_word' id='word_1_272' title='bbox 1957 622 2258 690; x_wconf 74' lang='lat' dir='ltr'>myrrham.</span> <span class='ocrx_word' id='word_1_273' title='bbox 2327 622 2575 673; x_wconf 88' lang='lat' dir='ltr'>Traditio</span> 
     </span>
     <span class='ocr_line' id='line_1_56' title="bbox 1504 695 2571 763; baseline 0 -17"><span class='ocrx_word' id='word_1_274' title='bbox 1504 695 1608 746; x_wconf 90' lang='lat' dir='ltr'>fuit</span> <span class='ocrx_word' id='word_1_275' title='bbox 1684 695 2033 763; x_wconf 87' lang='lat' dir='ltr'>antiquorum</span> <span class='ocrx_word' id='word_1_276' title='bbox 2054 734 2068 756; x_wconf 95' lang='lat'>,</span> <span class='ocrx_word' id='word_1_277' title='bbox 2134 705 2196 746; x_wconf 89' lang='lat' dir='ltr'>ut</span> <span class='ocrx_word' id='word_1_278' title='bbox 2273 696 2455 746; x_wconf 93' lang='lat' dir='ltr'>nullus</span> <span class='ocrx_word' id='word_1_279' title='bbox 2503 697 2571 746; x_wconf 90' lang='lat' dir='ltr'>ad</span> 
     </span>
     <span class='ocr_line' id='line_1_57' title="bbox 1505 770 2576 836; baseline -0.001 -15"><span class='ocrx_word' id='word_1_280' title='bbox 1505 770 1700 832; x_wconf 90' lang='lat' dir='ltr'>Deum,</span> <span class='ocrx_word' id='word_1_281' title='bbox 1739 770 1824 821; x_wconf 80' lang='lat' dir='ltr'>vel</span> <span class='ocrx_word' id='word_1_282' title='bbox 1876 770 1941 821; x_wconf 88' lang='lat' dir='ltr'>ad</span> <span class='ocrx_word' id='word_1_283' title='bbox 1989 785 2190 836; x_wconf 90' lang='lat' dir='ltr'>regem,</span> <span class='ocrx_word' id='word_1_284' title='bbox 2235 770 2438 820; x_wconf 75' lang='lat' dir='ltr'>veniret</span> <span class='ocrx_word' id='word_1_285' title='bbox 2477 786 2576 820; x_wconf 83' lang='lat' dir='ltr'>va-</span> 
     </span>
     <span class='ocr_line' id='line_1_58' title="bbox 1502 839 2576 904; baseline -0.001 -13"><span class='ocrx_word' id='word_1_286' title='bbox 1502 856 1637 891; x_wconf 90' lang='lat' dir='ltr'>cuus</span> <span class='ocrx_word' id='word_1_287' title='bbox 1659 878 1676 904; x_wconf 91' lang='lat'>,</span> <span class='ocrx_word' id='word_1_288' title='bbox 1726 849 1780 891; x_wconf 92' lang='lat' dir='ltr'>et</span> <span class='ocrx_word' id='word_1_289' title='bbox 1818 840 1938 891; x_wconf 88' lang='lat' dir='ltr'>sine</span> <span class='ocrx_word' id='word_1_290' title='bbox 1979 839 2316 892; x_wconf 87' lang='lat' dir='ltr'>muneribus.</span> <span class='ocrx_word' id='word_1_291' title='bbox 2372 840 2576 891; x_wconf 80' lang='lat' dir='ltr'>Arabes</span> 
     </span>
     <span class='ocr_line' id='line_1_59' title="bbox 1503 912 2575 979; baseline 0 -16"><span class='ocrx_word' id='word_1_292' title='bbox 1503 922 1681 963; x_wconf 89' lang='lat' dir='ltr'>autem</span> <span class='ocrx_word' id='word_1_293' title='bbox 1733 927 1864 963; x_wconf 90' lang='lat' dir='ltr'>auro</span> <span class='ocrx_word' id='word_1_294' title='bbox 1909 922 1962 963; x_wconf 91' lang='lat' dir='ltr'>et</span> <span class='ocrx_word' id='word_1_295' title='bbox 2001 912 2226 963; x_wconf 79' lang='lat' dir='ltr'>diversis</span> <span class='ocrx_word' id='word_1_296' title='bbox 2281 912 2575 979; x_wconf 90' lang='lat' dir='ltr'>generibus</span> 
     </span>
     <span class='ocr_line' id='line_1_60' title="bbox 1502 983 2574 1043; baseline 0 -10"><span class='ocrx_word' id='word_1_297' title='bbox 1502 994 1803 1035; x_wconf 88' lang='lat' dir='ltr'>aromatum</span> <span class='ocrx_word' id='word_1_298' title='bbox 1845 984 2140 1043; x_wconf 87' lang='lat' dir='ltr'>abundant,</span> <span class='ocrx_word' id='word_1_299' title='bbox 2187 993 2240 1033; x_wconf 92' lang='lat' dir='ltr'>et</span> <span class='ocrx_word' id='word_1_300' title='bbox 2286 983 2412 1034; x_wconf 91' lang='lat' dir='ltr'>talia</span> <span class='ocrx_word' id='word_1_301' title='bbox 2443 999 2574 1033; x_wconf 89' lang='lat' dir='ltr'>mu·-</span> 
     </span>
     <span class='ocr_line' id='line_1_61' title="bbox 1504 1055 2574 1115; baseline -0.001 -9"><span class='ocrx_word' id='word_1_302' title='bbox 1504 1071 1631 1107; x_wconf 90' lang='lat' dir='ltr'>nera</span> <span class='ocrx_word' id='word_1_303' title='bbox 1669 1055 1860 1108; x_wconf 77' lang='lat' dir='ltr'>offerre</span> <span class='ocrx_word' id='word_1_304' title='bbox 1906 1067 2315 1115; x_wconf 85' lang='lat' dir='ltr'>consueverunt,</span> <span class='ocrx_word' id='word_1_305' title='bbox 2356 1066 2409 1106; x_wconf 92' lang='lat' dir='ltr'>et</span> <span class='ocrx_word' id='word_1_306' title='bbox 2451 1055 2574 1106; x_wconf 90' lang='lat' dir='ltr'>ideo</span> 
     </span>
     <span class='ocr_line' id='line_1_62' title="bbox 1506 1126 2577 1193; baseline -0.001 -16"><span class='ocrx_word' id='word_1_307' title='bbox 1506 1127 1648 1193; x_wconf 87' lang='lat' dir='ltr'>Magi</span> <span class='ocrx_word' id='word_1_308' title='bbox 1688 1126 1789 1178; x_wconf 88' lang='lat' dir='ltr'>ista</span> <span class='ocrx_word' id='word_1_309' title='bbox 1821 1126 2149 1178; x_wconf 89' lang='lat' dir='ltr'>obtulerunt.</span> <span class='ocrx_word' id='word_1_310' title='bbox 2177 1127 2249 1177; x_wconf 91' lang='lat' dir='ltr'>Et</span> <span class='ocrx_word' id='word_1_311' title='bbox 2298 1126 2419 1177; x_wconf 91' lang='lat' dir='ltr'>licet</span> <span class='ocrx_word' id='word_1_312' title='bbox 2448 1141 2577 1176; x_wconf 91' lang='lat' dir='ltr'>mo-</span> 
     </span>
     <span class='ocr_line' id='line_1_63' title="bbox 1504 1195 2577 1264; baseline -0.002 -17"><span class='ocrx_word' id='word_1_313' title='bbox 1504 1212 1618 1247; x_wconf 89' lang='lat' dir='ltr'>rem</span> <span class='ocrx_word' id='word_1_314' title='bbox 1660 1212 1774 1248; x_wconf 88' lang='lat' dir='ltr'>suae</span> <span class='ocrx_word' id='word_1_315' title='bbox 1814 1197 1986 1264; x_wconf 88' lang='lat' dir='ltr'>gentis</span> <span class='ocrx_word' id='word_1_316' title='bbox 2033 1196 2091 1247; x_wconf 94' lang='lat' dir='ltr'>in</span> <span class='ocrx_word' id='word_1_317' title='bbox 2138 1197 2299 1247; x_wconf 89' lang='lat' dir='ltr'>donis</span> <span class='ocrx_word' id='word_1_318' title='bbox 2340 1195 2577 1247; x_wconf 82' lang='lat' dir='ltr'>offeren-</span> 
     </span>
     <span class='ocr_line' id='line_1_64' title="bbox 1500 1269 2576 1338; baseline 0.002 -19"><span class='ocrx_word' id='word_1_319' title='bbox 1500 1269 1587 1320; x_wconf 91' lang='lat' dir='ltr'>dis</span> <span class='ocrx_word' id='word_1_320' title='bbox 1639 1282 2008 1338; x_wconf 88' lang='lat' dir='ltr'>sequerentur,</span> <span class='ocrx_word' id='word_1_321' title='bbox 2046 1271 2152 1321; x_wconf 90' lang='lat' dir='ltr'>hoc</span> <span class='ocrx_word' id='word_1_322' title='bbox 2184 1280 2362 1322; x_wconf 91' lang='lat' dir='ltr'>tamen</span> <span class='ocrx_word' id='word_1_323' title='bbox 2389 1269 2576 1321; x_wconf 89' lang='lat' dir='ltr'>divina</span> 
     </span>
     <span class='ocr_line' id='line_1_65' title="bbox 1503 1339 2573 1407; baseline 0.001 -18"><span class='ocrx_word' id='word_1_324' title='bbox 1503 1339 1851 1406; x_wconf 89' lang='lat' dir='ltr'>inspiratione</span> <span class='ocrx_word' id='word_1_325' title='bbox 1887 1353 1966 1393; x_wconf 88' lang='lat' dir='ltr'>est</span> <span class='ocrx_word' id='word_1_326' title='bbox 1998 1342 2213 1405; x_wconf 89' lang='lat' dir='ltr'>factum,</span> <span class='ocrx_word' id='word_1_327' title='bbox 2263 1351 2324 1392; x_wconf 92' lang='lat' dir='ltr'>ut</span> <span class='ocrx_word' id='word_1_328' title='bbox 2364 1341 2573 1407; x_wconf 89' lang='lat' dir='ltr'>aliquid</span> 
     </span>
     <span class='ocr_line' id='line_1_66' title="bbox 1501 1414 2572 1479; baseline 0.001 -17"><span class='ocrx_word' id='word_1_329' title='bbox 1501 1414 1742 1479; x_wconf 89' lang='lat' dir='ltr'>mysterii</span> <span class='ocrx_word' id='word_1_330' title='bbox 1771 1414 2088 1466; x_wconf 90' lang='lat' dir='ltr'>muneribus</span> <span class='ocrx_word' id='word_1_331' title='bbox 2124 1414 2572 1472; x_wconf 88' lang='lat' dir='ltr'>demonstrarent,</span> 
     </span>
     <span class='ocr_line' id='line_1_67' title="bbox 1501 1484 2574 1552; baseline 0 -18"><span class='ocrx_word' id='word_1_332' title='bbox 1501 1494 1554 1534; x_wconf 94' lang='lat' dir='ltr'>et</span> <span class='ocrx_word' id='word_1_333' title='bbox 1593 1484 1755 1535; x_wconf 87' lang='lat' dir='ltr'>fidem</span> <span class='ocrx_word' id='word_1_334' title='bbox 1801 1500 1954 1537; x_wconf 89' lang='lat' dir='ltr'>suam</span> <span class='ocrx_word' id='word_1_335' title='bbox 1991 1486 2233 1552; x_wconf 83' lang='lat' dir='ltr'>mysticis</span> <span class='ocrx_word' id='word_1_336' title='bbox 2257 1484 2416 1535; x_wconf 93' lang='lat' dir='ltr'>rebus</span> <span class='ocrx_word' id='word_1_337' title='bbox 2439 1500 2574 1550; x_wconf 89' lang='lat' dir='ltr'>pro-</span> 
     </span>
     <span class='ocr_line' id='line_1_68' title="bbox 1505 1554 2592 1622; baseline -0.001 -16"><span class='ocrx_word' id='word_1_338' title='bbox 1505 1555 1782 1610; x_wconf 87' lang='lat' dir='ltr'>fiterentur</span> <span class='ocrx_word' id='word_1_339' title='bbox 1822 1574 1837 1607; x_wconf 70' lang='grc' dir='ltr'><strong><em>ε</em></strong></span> <span class='ocrx_word' id='word_1_340' title='bbox 1877 1566 1994 1608; x_wconf 91' lang='lat' dir='ltr'>tum</span> <span class='ocrx_word' id='word_1_341' title='bbox 2042 1556 2242 1607; x_wconf 89' lang='lat' dir='ltr'>scilicet</span> <span class='ocrx_word' id='word_1_342' title='bbox 2288 1554 2592 1622; x_wconf 50' lang='lat' dir='ltr'>Trinitatis¹</span> 
     </span>
     <span class='ocr_line' id='line_1_69' title="bbox 1506 1623 2576 1697; baseline 0 -18"><span class='ocrx_word' id='word_1_343' title='bbox 1506 1628 1668 1680; x_wconf 89' lang='lat' dir='ltr'>fidem</span> <span class='ocrx_word' id='word_1_344' title='bbox 1704 1623 1758 1680; x_wconf 90' lang='lat' dir='ltr'>et</span> <span class='ocrx_word' id='word_1_345' title='bbox 1796 1629 2132 1697; x_wconf 83' lang='lat' dir='ltr'>mysterium·</span> <span class='ocrx_word' id='word_1_346' title='bbox 2159 1630 2467 1689; x_wconf 82' lang='lat' dir='ltr'>revelantes,</span> <span class='ocrx_word' id='word_1_347' title='bbox 2521 1639 2576 1679; x_wconf 91' lang='lat' dir='ltr'>et</span> 
     </span>
     <span class='ocr_line' id='line_1_70' title="bbox 1503 1699 2572 1762; baseline -0.002 -12"><span class='ocrx_word' id='word_1_348' title='bbox 1503 1699 1560 1750; x_wconf 89' lang='lat' dir='ltr'>in</span> <span class='ocrx_word' id='word_1_349' title='bbox 1617 1699 1836 1751; x_wconf 91' lang='lat' dir='ltr'>Christo</span> <span class='ocrx_word' id='word_1_350' title='bbox 1890 1700 2211 1751; x_wconf 90' lang='lat' dir='ltr'>Trinitatem</span> <span class='ocrx_word' id='word_1_351' title='bbox 2259 1700 2572 1762; x_wconf 89' lang='lat' dir='ltr'>adorantes;</span> 
     </span>
     <span class='ocr_line' id='line_1_71' title="bbox 1499 1770 2571 1837; baseline -0.001 -17"><span class='ocrx_word' id='word_1_352' title='bbox 1499 1780 1617 1821; x_wconf 90' lang='lat' dir='ltr'>tum</span> <span class='ocrx_word' id='word_1_353' title='bbox 1637 1785 1763 1821; x_wconf 90' lang='lat' dir='ltr'>eum</span> <span class='ocrx_word' id='word_1_354' title='bbox 1779 1771 1981 1837; x_wconf 87' lang='lat' dir='ltr'>Regem</span> <span class='ocrx_word' id='word_1_355' title='bbox 2002 1780 2053 1821; x_wconf 93' lang='lat' dir='ltr'>et</span> <span class='ocrx_word' id='word_1_356' title='bbox 2067 1770 2361 1820; x_wconf 89' lang='lat' dir='ltr'>Dominum</span> <span class='ocrx_word' id='word_1_357' title='bbox 2374 1771 2571 1829; x_wconf 88' lang='lat' dir='ltr'>Deum,</span> 
     </span>
     <span class='ocr_line' id='line_1_72' title="bbox 1502 1842 2579 1910; baseline 0.001 -18"><span class='ocrx_word' id='word_1_358' title='bbox 1502 1842 1594 1893; x_wconf 91' lang='lat' dir='ltr'>sed</span> <span class='ocrx_word' id='word_1_359' title='bbox 1684 1843 1964 1893; x_wconf 87' lang='lat' dir='ltr'>mortalem</span> <span class='ocrx_word' id='word_1_360' title='bbox 2054 1843 2447 1910; x_wconf 86' lang='lat' dir='ltr'>significantes;</span> <span class='ocrx_word' id='word_1_361' title='bbox 2523 1852 2579 1893; x_wconf 92' lang='lat' dir='ltr'>et</span> 
     </span>
    </p>
   </div>
   <div class='ocr_carea' id='block_1_5' title="bbox 1505 1913 2659 1980">
    <p class='ocr_par' dir='ltr' id='par_1_6' title="bbox 1505 1913 2659 1980">
     <span class='ocr_line' id='line_1_73' title="bbox 1505 1913 2659 1980; baseline -0.001 -16"><span class='ocrx_word' id='word_1_362' title='bbox 1505 1913 1707 1965; x_wconf 89' lang='lat' dir='ltr'>Christi</span> <span class='ocrx_word' id='word_1_363' title='bbox 1767 1913 1969 1980; x_wconf 89' lang='lat' dir='ltr'>regiam</span> <span class='ocrx_word' id='word_1_364' title='bbox 2008 1923 2338 1979; x_wconf 90' lang='lat' dir='ltr'>potestatem,</span> <span class='ocrx_word' id='word_1_365' title='bbox 2377 1929 2437 1964; x_wconf 91' lang='lat' dir='ltr'>ac</span> <span class='ocrx_word' id='word_1_366' title='bbox 2482 1913 2575 1963; x_wconf 90' lang='lat' dir='ltr'>di-</span> <span class='ocrx_word' id='word_1_367' title='bbox 2647 1921 2659 1937; x_wconf 79' lang='lat'><strong>⁴</strong></span> 
     </span>
    </p>
   </div>
   <div class='ocr_carea' id='block_1_6' title="bbox 1492 1984 2575 4045">
    <p class='ocr_par' dir='ltr' id='par_1_7' title="bbox 1492 1984 2575 4045">
     <span class='ocr_line' id='line_1_74' title="bbox 1501 1984 2572 2050; baseline -0.001 -16"><span class='ocrx_word' id='word_1_368' title='bbox 1501 1984 1682 2035; x_wconf 88' lang='lat' dir='ltr'>vinam</span> <span class='ocrx_word' id='word_1_369' title='bbox 1753 1985 2078 2050; x_wconf 88' lang='lat' dir='ltr'>majestatem</span> <span class='ocrx_word' id='word_1_370' title='bbox 2138 1994 2191 2036; x_wconf 91' lang='lat' dir='ltr'>et</span> <span class='ocrx_word' id='word_1_371' title='bbox 2275 1984 2572 2035; x_wconf 87' lang='lat' dir='ltr'>humanam</span> 
     </span>
     <span class='ocr_line' id='line_1_75' title="bbox 1500 2056 2572 2108; baseline -0.001 -1"><span class='ocrx_word' id='word_1_372' title='bbox 1500 2057 1878 2108; x_wconf 87' lang='lat' dir='ltr'>mortalitatem</span> <span class='ocrx_word' id='word_1_373' title='bbox 1910 2067 2236 2108; x_wconf 83' lang='lat' dir='ltr'>venerantes.</span> <span class='ocrx_word' id='word_1_374' title='bbox 2263 2057 2389 2106; x_wconf 87' lang='lat' dir='ltr'>Haec</span> <span class='ocrx_word' id='word_1_375' title='bbox 2424 2056 2572 2107; x_wconf 89' lang='lat' dir='ltr'>enim</span> 
     </span>
     <span class='ocr_line' id='line_1_76' title="bbox 1501 2129 2571 2196; baseline -0.001 -16"><span class='ocrx_word' id='word_1_376' title='bbox 1501 2130 1604 2180; x_wconf 93' lang='lat' dir='ltr'>tria</span> <span class='ocrx_word' id='word_1_377' title='bbox 1645 2129 1785 2196; x_wconf 88' lang='lat' dir='ltr'>Magi</span> <span class='ocrx_word' id='word_1_378' title='bbox 1826 2130 1895 2180; x_wconf 92' lang='lat' dir='ltr'>de</span> <span class='ocrx_word' id='word_1_379' title='bbox 1925 2129 2142 2180; x_wconf 91' lang='lat' dir='ltr'>Christo</span> <span class='ocrx_word' id='word_1_380' title='bbox 2184 2139 2571 2195; x_wconf 86' lang='lat' dir='ltr'>cognoverunt,</span> 
     </span>
     <span class='ocr_line' id='line_1_77' title="bbox 1500 2200 2570 2268; baseline 0 -17"><span class='ocrx_word' id='word_1_381' title='bbox 1500 2209 1562 2252; x_wconf 93' lang='lat' dir='ltr'>ut</span> <span class='ocrx_word' id='word_1_382' title='bbox 1587 2216 1751 2268; x_wconf 88' lang='lat' dir='ltr'>supra</span> <span class='ocrx_word' id='word_1_383' title='bbox 1789 2201 2039 2253; x_wconf 87' lang='lat' dir='ltr'>dixerunt</span> <span class='ocrx_word' id='word_1_384' title='bbox 2067 2219 2083 2253; x_wconf 76' lang='lat' dir='ltr'><strong><em>z</em></strong></span> <span class='ocrx_word' id='word_1_385' title='bbox 2118 2201 2221 2252; x_wconf 83' lang='lat' dir='ltr'>Ubi</span> <span class='ocrx_word' id='word_1_386' title='bbox 2248 2207 2329 2252; x_wconf 83' lang='lat' dir='ltr'>est</span> <span class='ocrx_word' id='word_1_387' title='bbox 2354 2200 2570 2267; x_wconf 82' lang='lat' dir='ltr'>quina-</span> 
     </span>
     <span class='ocr_line' id='line_1_78' title="bbox 1504 2272 2570 2338; baseline -0.001 -16"><span class='ocrx_word' id='word_1_388' title='bbox 1504 2279 1591 2323; x_wconf 81' lang='lat' dir='ltr'>tus</span> <span class='ocrx_word' id='word_1_389' title='bbox 1641 2279 1735 2333; x_wconf 82' lang='lat' dir='ltr'>est,</span> <span class='ocrx_word' id='word_1_390' title='bbox 1792 2287 1914 2323; x_wconf 88' lang='lat' dir='ltr'>ecce</span> <span class='ocrx_word' id='word_1_391' title='bbox 1942 2273 2266 2338; x_wconf 87' lang='lat' dir='ltr'>humanitas,</span> <span class='ocrx_word' id='word_1_392' title='bbox 2307 2287 2414 2323; x_wconf 85' lang='lat' dir='ltr'>rex</span> <span class='ocrx_word' id='word_1_393' title='bbox 2462 2272 2570 2321; x_wconf 81' lang='lat' dir='ltr'>Ju-</span> 
     </span>
     <span class='ocr_line' id='line_1_79' title="bbox 1504 2340 2570 2410; baseline -0.001 -18"><span class='ocrx_word' id='word_1_394' title='bbox 1504 2342 1759 2404; x_wconf 82' lang='lat' dir='ltr'>doeorum,</span> <span class='ocrx_word' id='word_1_395' title='bbox 1792 2356 1914 2392; x_wconf 91' lang='lat' dir='ltr'>ecce</span> <span class='ocrx_word' id='word_1_396' title='bbox 1943 2342 2088 2410; x_wconf 84' lang='lat' dir='ltr'>regia</span> <span class='ocrx_word' id='word_1_397' title='bbox 2125 2352 2377 2409; x_wconf 80' lang='lat' dir='ltr'>potestaS,</span> <span class='ocrx_word' id='word_1_398' title='bbox 2419 2340 2570 2392; x_wconf 82' lang='lat' dir='ltr'>veni-</span> 
     </span>
     <span class='ocr_line' id='line_1_80' title="bbox 1504 2410 2568 2475; baseline -0.002 -13"><span class='ocrx_word' id='word_1_399' title='bbox 1504 2427 1624 2462; x_wconf 82' lang='lat' dir='ltr'>mus</span> <span class='ocrx_word' id='word_1_400' title='bbox 1672 2413 1911 2464; x_wconf 82' lang='lat' dir='ltr'>adorare</span> <span class='ocrx_word' id='word_1_401' title='bbox 1944 2425 2079 2475; x_wconf 84' lang='lat' dir='ltr'>eum,</span> <span class='ocrx_word' id='word_1_402' title='bbox 2134 2428 2260 2464; x_wconf 82' lang='lat' dir='ltr'>ecce·</span> <span class='ocrx_word' id='word_1_403' title='bbox 2294 2410 2568 2461; x_wconf 85' lang='lat' dir='ltr'>divinitas.</span> 
     </span>
     <span class='ocr_line' id='line_1_81' title="bbox 1506 2481 2575 2549; baseline -0.001 -17"><span class='ocrx_word' id='word_1_404' title='bbox 1506 2481 1849 2549; x_wconf 87' lang='lat' dir='ltr'>Significatur</span> <span class='ocrx_word' id='word_1_405' title='bbox 1895 2483 2041 2533; x_wconf 91' lang='lat' dir='ltr'>enim</span> <span class='ocrx_word' id='word_1_406' title='bbox 2086 2483 2140 2534; x_wconf 91' lang='lat' dir='ltr'>in</span> <span class='ocrx_word' id='word_1_407' title='bbox 2180 2483 2402 2534; x_wconf 88' lang='lat' dir='ltr'>Christo</span> <span class='ocrx_word' id='word_1_408' title='bbox 2430 2482 2575 2547; x_wconf 88' lang='lat' dir='ltr'>regia</span> 
     </span>
     <span class='ocr_line' id='line_1_82' title="bbox 1505 2554 2571 2621; baseline -0.001 -16"><span class='ocrx_word' id='word_1_409' title='bbox 1505 2564 1739 2620; x_wconf 88' lang='lat' dir='ltr'>potestas</span> <span class='ocrx_word' id='word_1_410' title='bbox 1766 2570 1864 2621; x_wconf 91' lang='lat' dir='ltr'>per</span> <span class='ocrx_word' id='word_1_411' title='bbox 1891 2570 2102 2617; x_wconf 91' lang='lat' dir='ltr'>aurum,</span> <span class='ocrx_word' id='word_1_412' title='bbox 2133 2556 2280 2621; x_wconf 90' lang='lat' dir='ltr'>quod</span> <span class='ocrx_word' id='word_1_413' title='bbox 2314 2554 2426 2620; x_wconf 91' lang='lat' dir='ltr'>regi</span> <span class='ocrx_word' id='word_1_414' title='bbox 2458 2555 2571 2604; x_wconf 89' lang='lat' dir='ltr'>sol-</span> 
     </span>
     <span class='ocr_line' id='line_1_83' title="bbox 1500 2627 2571 2690; baseline -0.002 -12"><span class='ocrx_word' id='word_1_415' title='bbox 1500 2627 1645 2678; x_wconf 86' lang='lat' dir='ltr'>vitur</span> <span class='ocrx_word' id='word_1_416' title='bbox 1702 2627 1759 2678; x_wconf 88' lang='lat' dir='ltr'>in</span> <span class='ocrx_word' id='word_1_417' title='bbox 1824 2627 2088 2677; x_wconf 90' lang='lat' dir='ltr'>tributum</span> <span class='ocrx_word' id='word_1_418' title='bbox 2108 2665 2122 2690; x_wconf 92' lang='lat'>,</span> <span class='ocrx_word' id='word_1_419' title='bbox 2183 2643 2308 2677; x_wconf 89' lang='lat' dir='ltr'>nam</span> <span class='ocrx_word' id='word_1_420' title='bbox 2378 2642 2571 2677; x_wconf 86' lang='lat' dir='ltr'>aurum</span> 
     </span>
     <span class='ocr_line' id='line_1_84' title="bbox 1500 2698 2570 2765; baseline 0 -17"><span class='ocrx_word' id='word_1_421' title='bbox 1500 2707 1716 2765; x_wconf 91' lang='lat' dir='ltr'>propter</span> <span class='ocrx_word' id='word_1_422' title='bbox 1740 2698 1825 2749; x_wconf 87' lang='lat' dir='ltr'>sui</span> <span class='ocrx_word' id='word_1_423' title='bbox 1866 2698 2203 2749; x_wconf 88' lang='lat' dir='ltr'>nobilitatem</span> <span class='ocrx_word' id='word_1_424' title='bbox 2250 2714 2455 2750; x_wconf 90' lang='lat' dir='ltr'>munus</span> <span class='ocrx_word' id='word_1_425' title='bbox 2490 2708 2570 2748; x_wconf 93' lang='lat' dir='ltr'>est</span> 
     </span>
     <span class='ocr_line' id='line_1_85' title="bbox 1498 2768 2569 2834; baseline 0.001 -16"><span class='ocrx_word' id='word_1_426' title='bbox 1498 2769 1693 2834; x_wconf 90' lang='lat' dir='ltr'>regale,</span> <span class='ocrx_word' id='word_1_427' title='bbox 1721 2776 1771 2818; x_wconf 90' lang='lat' dir='ltr'>et</span> <span class='ocrx_word' id='word_1_428' title='bbox 1799 2768 1923 2819; x_wconf 93' lang='lat' dir='ltr'>ideo</span> <span class='ocrx_word' id='word_1_429' title='bbox 1948 2769 2183 2819; x_wconf 89' lang='lat' dir='ltr'>ostendit</span> <span class='ocrx_word' id='word_1_430' title='bbox 2212 2770 2443 2819; x_wconf 88' lang='lat' dir='ltr'>Puerum</span> <span class='ocrx_word' id='word_1_431' title='bbox 2477 2784 2569 2819; x_wconf 85' lang='lat' dir='ltr'>re-</span> 
     </span>
     <span class='ocr_line' id='line_1_86' title="bbox 1498 2839 2569 2905; baseline 0 -16"><span class='ocrx_word' id='word_1_432' title='bbox 1498 2855 1619 2905; x_wconf 87' lang='lat' dir='ltr'>gem</span> <span class='ocrx_word' id='word_1_433' title='bbox 1669 2854 1804 2905; x_wconf 85' lang='lat' dir='ltr'>esse,</span> <span class='ocrx_word' id='word_1_434' title='bbox 1850 2848 1903 2890; x_wconf 91' lang='lat' dir='ltr'>et</span> <span class='ocrx_word' id='word_1_435' title='bbox 1951 2855 2009 2890; x_wconf 91' lang='lat' dir='ltr'>se</span> <span class='ocrx_word' id='word_1_436' title='bbox 2038 2840 2173 2891; x_wconf 88' lang='lat' dir='ltr'>illud</span> <span class='ocrx_word' id='word_1_437' title='bbox 2225 2840 2426 2890; x_wconf 88' lang='lat' dir='ltr'>decere.</span> <span class='ocrx_word' id='word_1_438' title='bbox 2476 2839 2569 2889; x_wconf 89' lang='lat' dir='ltr'>Si-</span> 
     </span>
     <span class='ocr_line' id='line_1_87' title="bbox 1498 2910 2570 2977; baseline -0.003 -15"><span class='ocrx_word' id='word_1_439' title='bbox 1498 2920 1695 2977; x_wconf 89' lang='lat' dir='ltr'>gnatur</span> <span class='ocrx_word' id='word_1_440' title='bbox 1747 2926 1876 2962; x_wconf 79' lang='lat' dir='ltr'>vero</span> <span class='ocrx_word' id='word_1_441' title='bbox 1935 2911 2111 2961; x_wconf 79' lang='lat' dir='ltr'>divina</span> <span class='ocrx_word' id='word_1_442' title='bbox 2183 2910 2426 2975; x_wconf 85' lang='lat' dir='ltr'>majestas</span> <span class='ocrx_word' id='word_1_443' title='bbox 2475 2925 2570 2975; x_wconf 88' lang='lat' dir='ltr'>per</span> 
     </span>
     <span class='ocr_line' id='line_1_88' title="bbox 1498 2980 2568 3050; baseline -0.002 -18"><span class='ocrx_word' id='word_1_444' title='bbox 1498 2982 1650 3044; x_wconf 89' lang='lat' dir='ltr'>thus,</span> <span class='ocrx_word' id='word_1_445' title='bbox 1680 2982 1827 3050; x_wconf 91' lang='lat' dir='ltr'>quod</span> <span class='ocrx_word' id='word_1_446' title='bbox 1860 2982 1973 3033; x_wconf 93' lang='lat' dir='ltr'>Deo</span> <span class='ocrx_word' id='word_1_447' title='bbox 2014 2982 2234 3032; x_wconf 87' lang='lat' dir='ltr'>offertur</span> <span class='ocrx_word' id='word_1_448' title='bbox 2275 2981 2331 3031; x_wconf 90' lang='lat' dir='ltr'>in</span> <span class='ocrx_word' id='word_1_449' title='bbox 2360 2980 2568 3031; x_wconf 85' lang='lat' dir='ltr'>sacrifi-</span> 
     </span>
     <span class='ocr_line' id='line_1_89' title="bbox 1499 3052 2565 3114; baseline -0.003 -10"><span class='ocrx_word' id='word_1_450' title='bbox 1499 3052 1665 3114; x_wconf 87' lang='lat' dir='ltr'>cium,</span> <span class='ocrx_word' id='word_1_451' title='bbox 1696 3065 1749 3105; x_wconf 92' lang='lat' dir='ltr'>et</span> <span class='ocrx_word' id='word_1_452' title='bbox 1770 3053 1894 3105; x_wconf 92' lang='lat' dir='ltr'>ideo</span> <span class='ocrx_word' id='word_1_453' title='bbox 1921 3052 2155 3102; x_wconf 89' lang='lat' dir='ltr'>ostendit</span> <span class='ocrx_word' id='word_1_454' title='bbox 2188 3052 2422 3102; x_wconf 88' lang='lat' dir='ltr'>Puerum</span> <span class='ocrx_word' id='word_1_455' title='bbox 2447 3066 2565 3102; x_wconf 90' lang='lat' dir='ltr'>esse</span> 
     </span>
     <span class='ocr_line' id='line_1_90' title="bbox 1498 3121 2563 3190; baseline -0.003 -16"><span class='ocrx_word' id='word_1_456' title='bbox 1498 3124 1692 3184; x_wconf 92' lang='lat' dir='ltr'>Deum,</span> <span class='ocrx_word' id='word_1_457' title='bbox 1734 3124 1882 3190; x_wconf 91' lang='lat' dir='ltr'>quod</span> <span class='ocrx_word' id='word_1_458' title='bbox 1914 3123 2076 3174; x_wconf 88' lang='lat' dir='ltr'>etiam</span> <span class='ocrx_word' id='word_1_459' title='bbox 2100 3132 2212 3173; x_wconf 87' lang='lat' dir='ltr'>erat</span> <span class='ocrx_word' id='word_1_460' title='bbox 2238 3121 2439 3172; x_wconf 90' lang='lat' dir='ltr'>oblatio</span> <span class='ocrx_word' id='word_1_461' title='bbox 2471 3137 2563 3172; x_wconf 88' lang='lat' dir='ltr'>sa-</span> 
     </span>
     <span class='ocr_line' id='line_1_91' title="bbox 1499 3192 2561 3254; baseline -0.004 -9"><span class='ocrx_word' id='word_1_462' title='bbox 1499 3195 1796 3254; x_wconf 87' lang='lat' dir='ltr'>cerdotalis,</span> <span class='ocrx_word' id='word_1_463' title='bbox 1820 3203 1872 3245; x_wconf 91' lang='lat' dir='ltr'>et</span> <span class='ocrx_word' id='word_1_464' title='bbox 1891 3194 2030 3243; x_wconf 90' lang='lat' dir='ltr'>Puer</span> <span class='ocrx_word' id='word_1_465' title='bbox 2057 3193 2147 3243; x_wconf 90' lang='lat' dir='ltr'>ille</span> <span class='ocrx_word' id='word_1_466' title='bbox 2170 3202 2280 3243; x_wconf 90' lang='lat' dir='ltr'>erat</span> <span class='ocrx_word' id='word_1_467' title='bbox 2299 3192 2561 3250; x_wconf 90' lang='lat' dir='ltr'>sacerdos,</span> 
     </span>
     <span class='ocr_line' id='line_1_92' title="bbox 1497 3262 2560 3330; baseline -0.005 -13"><span class='ocrx_word' id='word_1_468' title='bbox 1497 3266 1582 3317; x_wconf 91' lang='lat' dir='ltr'>cui</span> <span class='ocrx_word' id='word_1_469' title='bbox 1604 3267 1786 3317; x_wconf 87' lang='lat' dir='ltr'>nullus</span> <span class='ocrx_word' id='word_1_470' title='bbox 1812 3280 2055 3330; x_wconf 90' lang='lat' dir='ltr'>unquam</span> <span class='ocrx_word' id='word_1_471' title='bbox 2080 3264 2185 3315; x_wconf 90' lang='lat' dir='ltr'>fuit</span> <span class='ocrx_word' id='word_1_472' title='bbox 2200 3263 2439 3330; x_wconf 87' lang='lat' dir='ltr'>aequalis.</span> <span class='ocrx_word' id='word_1_473' title='bbox 2470 3262 2560 3313; x_wconf 89' lang='lat' dir='ltr'>Si-</span> 
     </span>
     <span class='ocr_line' id='line_1_93' title="bbox 1493 3334 2564 3405; baseline -0.002 -18"><span class='ocrx_word' id='word_1_474' title='bbox 1493 3346 1691 3405; x_wconf 84' lang='lat' dir='ltr'>gnatur</span> <span class='ocrx_word' id='word_1_475' title='bbox 1726 3352 1947 3403; x_wconf 87' lang='lat' dir='ltr'>quoque</span> <span class='ocrx_word' id='word_1_476' title='bbox 1993 3337 2232 3387; x_wconf 90' lang='lat' dir='ltr'>humana</span> <span class='ocrx_word' id='word_1_477' title='bbox 2267 3334 2564 3385; x_wconf 85' lang='lat' dir='ltr'>mortalitas</span> 
     </span>
     <span class='ocr_line' id='line_1_94' title="bbox 1493 3405 2564 3474; baseline -0.002 -16"><span class='ocrx_word' id='word_1_478' title='bbox 1493 3423 1587 3474; x_wconf 87' lang='lat' dir='ltr'>per</span> <span class='ocrx_word' id='word_1_479' title='bbox 1626 3408 1939 3474; x_wconf 84' lang='lat' dir='ltr'>myrrham,</span> <span class='ocrx_word' id='word_1_480' title='bbox 1969 3422 2076 3474; x_wconf 90' lang='lat' dir='ltr'>qua</span> <span class='ocrx_word' id='word_1_481' title='bbox 2124 3405 2332 3458; x_wconf 88' lang='lat' dir='ltr'>condiri</span> <span class='ocrx_word' id='word_1_482' title='bbox 2385 3406 2564 3456; x_wconf 90' lang='lat' dir='ltr'>solent</span> 
     </span>
     <span class='ocr_line' id='line_1_95' title="bbox 1492 3477 2560 3546; baseline -0.003 -15"><span class='ocrx_word' id='word_1_483' title='bbox 1492 3495 1715 3546; x_wconf 90' lang='lat' dir='ltr'>corpora</span> <span class='ocrx_word' id='word_1_484' title='bbox 1758 3489 2128 3542; x_wconf 91' lang='lat' dir='ltr'>mortuorum,</span> <span class='ocrx_word' id='word_1_485' title='bbox 2180 3488 2232 3528; x_wconf 90' lang='lat' dir='ltr'>et</span> <span class='ocrx_word' id='word_1_486' title='bbox 2289 3477 2560 3535; x_wconf 91' lang='lat' dir='ltr'>Christus,</span> 
     </span>
     <span class='ocr_line' id='line_1_96' title="bbox 1495 3548 2560 3615; baseline -0.002 -15"><span class='ocrx_word' id='word_1_487' title='bbox 1495 3565 1587 3601; x_wconf 84' lang='lat' dir='ltr'>rex</span> <span class='ocrx_word' id='word_1_488' title='bbox 1624 3560 1677 3601; x_wconf 91' lang='lat' dir='ltr'>et</span> <span class='ocrx_word' id='word_1_489' title='bbox 1713 3551 1991 3615; x_wconf 86' lang='lat' dir='ltr'>sacerdos,</span> <span class='ocrx_word' id='word_1_490' title='bbox 2034 3549 2206 3601; x_wconf 80' lang='lat' dir='ltr'>voluit</span> <span class='ocrx_word' id='word_1_491' title='bbox 2264 3548 2404 3599; x_wconf 90' lang='lat' dir='ltr'>mori</span> <span class='ocrx_word' id='word_1_492' title='bbox 2460 3564 2560 3615; x_wconf 93' lang='lat' dir='ltr'>pro</span> 
     </span>
     <span class='ocr_line' id='line_1_97' title="bbox 1493 3618 2561 3686; baseline -0.002 -15"><span class='ocrx_word' id='word_1_493' title='bbox 1493 3621 1666 3672; x_wconf 76' lang='lat' dir='ltr'>salute</span> <span class='ocrx_word' id='word_1_494' title='bbox 1696 3620 1966 3671; x_wconf 88' lang='lat' dir='ltr'>omnium.</span> <span class='ocrx_word' id='word_1_495' title='bbox 1996 3620 2151 3671; x_wconf 90' lang='lat' dir='ltr'>Unde</span> <span class='ocrx_word' id='word_1_496' title='bbox 2173 3618 2516 3686; x_wconf 80' lang='lat' dir='ltr'>Augustinus</span> <span class='ocrx_word' id='word_1_497' title='bbox 2540 3636 2561 3669; x_wconf 80' lang='lat'>.-</span> 
     </span>
     <span class='ocr_line' id='line_1_98' title="bbox 1494 3688 2559 3757; baseline -0.001 -18"><span class='ocrx_word' id='word_1_498' title='bbox 1494 3709 1524 3739; x_wconf 72' lang='grc' dir='ltr'><strong>α</strong></span> <span class='ocrx_word' id='word_1_499' title='bbox 1553 3692 1764 3741; x_wconf 85' lang='lat' dir='ltr'>Aurum</span> <span class='ocrx_word' id='word_1_500' title='bbox 1805 3706 1934 3757; x_wconf 88' lang='lat' dir='ltr'>ergo</span> <span class='ocrx_word' id='word_1_501' title='bbox 1983 3688 2210 3740; x_wconf 79' lang='lat' dir='ltr'>solvitur</span> <span class='ocrx_word' id='word_1_502' title='bbox 2260 3689 2412 3755; x_wconf 81' lang='lat' dir='ltr'>quasi</span> <span class='ocrx_word' id='word_1_503' title='bbox 2444 3688 2559 3754; x_wconf 83' lang='lat' dir='ltr'>regi</span> 
     </span>
     <span class='ocr_line' id='line_1_99' title="bbox 1495 3762 2559 3832; baseline -0.004 -16"><span class='ocrx_word' id='word_1_504' title='bbox 1495 3780 1723 3832; x_wconf 87' lang='lat' dir='ltr'>magno,</span> <span class='ocrx_word' id='word_1_505' title='bbox 1768 3765 1898 3816; x_wconf 90' lang='lat' dir='ltr'>thus</span> <span class='ocrx_word' id='word_1_506' title='bbox 1934 3763 2245 3821; x_wconf 87' lang='lat' dir='ltr'>immolatur</span> <span class='ocrx_word' id='word_1_507' title='bbox 2293 3772 2354 3813; x_wconf 91' lang='lat' dir='ltr'>ut</span> <span class='ocrx_word' id='word_1_508' title='bbox 2407 3762 2521 3813; x_wconf 92' lang='lat' dir='ltr'>Deo</span> <span class='ocrx_word' id='word_1_509' title='bbox 2543 3801 2559 3822; x_wconf 91' lang='lat'>,</span> 
     </span>
     <span class='ocr_line' id='line_1_100' title="bbox 1496 3834 2560 3901; baseline -0.004 -17"><span class='ocrx_word' id='word_1_510' title='bbox 1496 3834 1715 3901; x_wconf 83' lang='lat' dir='ltr'>myrrha</span> <span class='ocrx_word' id='word_1_511' title='bbox 1752 3834 2015 3900; x_wconf 82' lang='lat' dir='ltr'>praebetur</span> <span class='ocrx_word' id='word_1_512' title='bbox 2045 3843 2304 3899; x_wconf 88' lang='lat' dir='ltr'>tanquam</span> <span class='ocrx_word' id='word_1_513' title='bbox 2337 3847 2435 3898; x_wconf 90' lang='lat' dir='ltr'>pro</span> <span class='ocrx_word' id='word_1_514' title='bbox 2471 3846 2560 3881; x_wconf 90' lang='lat' dir='ltr'>sa-</span> 
     </span>
     <span class='ocr_line' id='line_1_101' title="bbox 1495 3902 2559 3970; baseline -0.003 -13"><span class='ocrx_word' id='word_1_515' title='bbox 1495 3907 1606 3957; x_wconf 86' lang='lat' dir='ltr'>lute</span> <span class='ocrx_word' id='word_1_516' title='bbox 1645 3907 1895 3957; x_wconf 90' lang='lat' dir='ltr'>omnium</span> <span class='ocrx_word' id='word_1_517' title='bbox 1921 3905 2207 3957; x_wconf 89' lang='lat' dir='ltr'>morituro.</span> <span class='ocrx_word' id='word_1_518' title='bbox 2245 3902 2559 3970; x_wconf 89' lang='lat' dir='ltr'>Unusquis-</span> 
     </span>
     <span class='ocr_line' id='line_1_102' title="bbox 1494 3973 2558 4045; baseline -0.004 -17"><span class='ocrx_word' id='word_1_519' title='bbox 1494 3992 1605 4045; x_wconf 91' lang='lat' dir='ltr'>que</span> <span class='ocrx_word' id='word_1_520' title='bbox 1662 3988 1842 4029; x_wconf 89' lang='lat' dir='ltr'>autem</span> <span class='ocrx_word' id='word_1_521' title='bbox 1899 3992 2088 4028; x_wconf 89' lang='lat' dir='ltr'>eorum</span> <span class='ocrx_word' id='word_1_522' title='bbox 2147 3974 2398 4042; x_wconf 86' lang='lat' dir='ltr'>praedicta</span> <span class='ocrx_word' id='word_1_523' title='bbox 2456 3973 2558 4025; x_wconf 89' lang='lat' dir='ltr'>tria</span> 
     </span>
    </p>
   </div>
  </div>
 </body>
</html>
