2784 4452
395 305 749 359 SERMONIS
780 303 851 355 IN
888 300 1143 354 MONTE
1180 298 1674 351 CONTINUATIO
1708 314 1724 349 t
1756 298 1850 349 DE
1884 297 2102 350 ORAT.
2133 295 2305 346 DOM.

252 441 361 479 una
377 424 578 475 scilicet
594 418 946 488 probationis,
973 426 1026 468 et
1052 416 1152 467 hac
1176 415 1323 466 Deus

258 507 473 549 sanctos
512 496 650 546 bene
694 500 875 554 tentat,
930 504 1041 540 non
1096 497 1159 537 ut
1207 485 1323 552 ipse

260 585 356 637 per
383 569 486 619 hoc
512 567 579 616 de
626 564 704 615 eis
732 561 979 613 notitiam
1008 558 1198 625 capiat,
1233 556 1322 607 cui

254 650 376 693 ante
402 652 592 689 omnes
613 632 928 685 tentationes
958 628 1191 696 quisque
1220 642 1323 677 no-

252 710 498 763 tissimus
548 715 654 769 est,
706 702 799 753 sed
844 710 905 751 ut
959 698 1063 765 ipsi
1118 696 1325 763 seipsos

254 784 502 851 probent,
526 789 579 831 et
605 774 843 841 sibiipsis
863 774 1202 825 innotescant
1229 769 1324 836 qui

254 873 313 909 se
339 854 670 915 nesciebant;
701 850 804 900 alia
849 856 932 897 est
963 844 1184 896 tentatio
1227 844 1325 893 de-

255 925 546 994 ceptionis,
588 932 656 974 ‚et
707 922 809 972 hac
860 920 1006 970 Deus
1056 914 1325 966 neminem

256 1007 441 1058 tentat,
466 996 558 1046 sed
602 993 663 1044 fit
690 1008 722 1043 a
748 1006 909 1043 carne
938 1003 1061 1056 quae
1090 985 1329 1053 suggerit

257 1067 462 1131 mollia,
492 1076 546 1116 et
574 1080 605 1115 a
633 1063 837 1113 mundo
866 1057 1147 1127 quioffert
1174 1070 1327 1115 vana,

256 1150 312 1191 et
342 1140 408 1190 ab
449 1138 605 1188 hoste
630 1135 726 1202 qui
768 1132 963 1199 ingerit
1009 1143 1205 1188 amara,
1235 1128 1326 1177 sed

257 1210 405 1260 Deus
431 1208 564 1258 bene
601 1203 866 1271 permittit
892 1201 950 1252 in
980 1201 1119 1250 hanc
1146 1195 1326 1247 induci

258 1294 327 1331 ex
367 1292 541 1329 causa.
583 1275 737 1326 Unde
764 1283 845 1324 est
888 1284 1079 1323 sensus
1123 1282 1188 1318 ne
1230 1280 1328 1317 nos

258 1350 502 1410 inducas,
557 1346 612 1396 id
653 1354 734 1395 est
793 1358 863 1393 ne
906 1339 1182 1408 permittas
1227 1351 1328 1386 nos

258 1420 437 1473 induci
469 1420 527 1470 in
554 1416 921 1477 tentationem,
946 1422 999 1464 et
1017 1410 1204 1462 tentari
1229 1424 1329 1460 su-

258 1509 352 1560 pra
414 1492 468 1541 id
508 1490 655 1557 quod
701 1499 990 1554 possumus
1039 1481 1194 1541 ferre,
1236 1478 1330 1530 sed

261 1563 345 1614 fac
397 1577 520 1612 cum
562 1559 857 1611 tentatione
903 1555 1063 1607 etiam
1104 1552 1328 1610 exitum,

258 1641 321 1686 ut
363 1633 640 1701 possimus
678 1629 970 1689 sustinere,
1023 1640 1091 1675 ne
1140 1621 1330 1674 irretiti

258 1715 540 1756 teneamur
578 1712 631 1753 et
670 1713 988 1765 superemur
1013 1697 1130 1762 ejus
1169 1692 1331 1744 forti-

260 1776 466 1828 tudine.
495 1772 662 1834 Quasi
690 1772 888 1822 diceret
917 1787 932 1820 ε
962 1767 1074 1820 Etsi
1093 1781 1193 1816 nos
1220 1781 1334 1832 per-

262 1846 446 1898 mittas
490 1844 613 1895 duci
650 1858 746 1910 per
788 1855 1007 1891 sensum
1035 1848 1097 1889 ut
1125 1835 1331 1888 exerci-

258 1928 456 1980 temur,
488 1932 598 1968 non
628 1927 808 1967 tamen
838 1912 1111 1981 permittas
1150 1908 1331 1960 induci

262 2007 361 2059 per
414 2005 739 2041 consensum
797 1996 858 2038 ut
895 1978 1329 2037 succumbamus·

261 2063 553 2116 Causaliter
584 2061 805 2128 quidem
846 2055 1130 2109 efficiendo
1187 2054 1333 2104 Deus

263 2152 361 2203 per
388 2136 626 2201 seipsum
657 2150 767 2184 non
800 2130 1023 2194 inducit,
1069 2127 1163 2179 sed
1206 2141 1331 2193 per-

263 2208 484 2260 missive
510 2216 562 2258 et
604 2205 896 2257 deserendo
923 2202 1120 2270 patitur
1145 2198 1328 2251 induci

261 2295 389 2332 eum
417 2295 583 2346 quem
610 2294 709 2328 suo
738 2277 939 2328 auxilio
957 2273 1167 2337 deserit,
1195 2271 1334 2322 sicut

260 2365 357 2402 cor
405 2350 716 2401 Pharaonis
768 2346 1069 2408 induravit,
1141 2343 1196 2395 id
1253 2353 1334 2394 est

261 2421 503 2472 indurari
549 2419 811 2486 permisit,
850 2428 903 2468 et
952 2417 1093 2468 sicut
1136 2415 1332 2466 dicitur

261 2493 410 2560 quod
435 2507 537 2543 non
565 2497 647 2542 est
664 2490 861 2540 malum
883 2488 937 2538 in
956 2487 1171 2538 cIvitate
1193 2486 1334 2552 quod

260 2564 526 2614 Dominus
572 2576 675 2613 non
705 2560 921 2627 fecerit,
966 2559 1020 2608 id
1065 2568 1145 2608 est
1186 2559 1332 2624 quod

263 2631 378 2683 fieri
409 2648 518 2682 non
542 2631 829 2698 permittat.
852 2629 955 2680 Ubi
978 2628 1296 2696 Cyprianus
1314 2638 1345 2679 :⁸

263 2722 294 2750 α
325 2703 467 2764 Quia
512 2703 568 2753 in
609 2712 759 2768 parte
801 2699 1100 2751 ostenditur
1152 2708 1335 2749 contra

262 2790 364 2826 nos
409 2774 549 2824 nihil
599 2773 960 2825 adversarium
1002 2786 1180 2838 posse,
1227 2769 1332 2820 nisi

261 2848 408 2898 Deus
435 2855 559 2897 ante
586 2844 909 2912 permiserit,
947 2852 1010 2894 ut
1054 2843 1236 2893 omnis
1263 2841 1335 2892 ti-

264 2933 388 2968 mor
434 2926 615 2967 noster
649 2926 701 2967 et
737 2915 951 2966 devotio
998 2922 1335 2964 convertatur

264 2988 325 3040 in
365 2988 559 3039 Deum.
589 3006 617 3035 »
645 2986 808 3038 Aliud
854 2994 935 3036 est
980 2984 1035 3034 in
1080 2983 1335 3035 tentatio-

265 3075 393 3111 nem
424 3059 550 3110 duci
595 3068 647 3109 et
687 3057 833 3109 aliud
864 3055 1046 3107 induci
1077 3072 1092 3106 ε
1118 3056 1176 3106 in
1212 3065 1334 3107 ten-

263 3129 522 3180 tationem
557 3129 699 3179 enim
728 3127 942 3179 ducitur
976 3125 1070 3193 qui
1103 3141 1134 3177 a
1161 3136 1336 3177 tenta-

263 3201 415 3252 tione
442 3201 702 3266 pulsatur,
732 3200 825 3250 sed
853 3214 962 3249 non
988 3197 1234 3264 dejicitur
1244 3213 1259 3261 ;
1282 3198 1337 3247 in

265 3274 615 3325 tentationem
667 3272 941 3323 inducitur
1007 3272 1103 3338 qui
1160 3280 1336 3322 tenta-

264 3343 400 3395 tioni
432 3343 755 3404 succumbit,
786 3352 839 3394 et
861 3343 930 3393 ab
956 3357 1017 3392 ea
1043 3351 1334 3408 separatur.

266 3412 455 3464 Induci
500 3412 647 3463 enim
686 3422 768 3462 est
795 3412 939 3462 intus
962 3411 1105 3475 duci,
1135 3419 1186 3461 et
1212 3426 1334 3461 suc-

268 3485 542 3537 cumbere.
598 3484 850 3535 Ostendit
888 3499 1014 3550 ergo
1056 3498 1164 3534 non
1210 3483 1264 3534 id
1306 3498 1337 3534 a

268 3554 431 3606 nobis
456 3554 719 3605 orandum
747 3568 865 3605 esse
902 3563 967 3604 ut
1015 3569 1126 3603 non
1159 3562 1336 3603 tente-

268 3641 413 3690 mur,
466 3625 595 3692 quia
637 3624 829 3675 tentari
857 3641 967 3676 non
1002 3634 1085 3676 est
1111 3624 1334 3685 malum,

268 3699 364 3749 sed
392 3697 565 3764 magis
590 3697 742 3759 utile,
771 3707 824 3747 et
852 3697 919 3747 ad
941 3696 1155 3748 virtutis
1180 3712 1337 3747 exer-

267 3767 458 3818 citium
512 3767 730 3833 quando
783 3767 1008 3818 viriliter
1052 3766 1336 3827 resistitur,

270 3855 398 3891 nam
447 3840 567 3891 sine
610 3840 902 3892 tentatione
960 3856 1119 3892 nemo
1166 3849 1338 3907 potest

270 3911 528 3978 probatus
570 3926 716 3973 esse,
771 3911 885 3963 sive
934 3911 1179 3978 sibiipsi,
1225 3912 1338 3963 sive

2388 293 2493 361 357

1426 413 1548 478 alii3
1587 414 1681 464 sed
1726 429 1796 463 ne
1827 411 2019 463 deserti
2076 412 2191 477 ejus
2227 408 2495 476 adjutorio

1428 499 1524 550 per
1568 483 1762 534 blanda
1793 482 1880 534 vel
1919 496 2106 548 aspera
2149 480 2204 529 in
2234 478 2496 530 tentatio-

1429 572 1552 607 nem
1579 571 1675 622 per
1710 570 2032 606 consensum
2061 553 2398 613 inducamur,
2427 566 2499 603 ne

1428 626 1588 677 alicui
1637 625 1919 677 tentationi
1961 625 2044 675 vel
2101 622 2499 693 consentiamus

1430 697 1656 763 decepti,
1703 698 1787 747 vel
1815 698 2067 747 cedamus
2106 693 2310 756 afflicti,
2341 703 2392 743 et
2419 693 2499 745 sic

1430 768 1496 817 ab
1547 783 1607 819 ea
1643 767 2001 828 devincamur,
2048 780 2079 815 a
2116 764 2229 814 Deo
2282 763 2498 815 deserti.

1431 840 1535 891 Sed
1597 840 1692 907 qui
1749 838 1962 889 blandis
2013 852 2123 887 non
2190 835 2452 902 decipitur
2481 872 2498 898 ,

1431 914 1592 964 etiam
1632 912 1833 978 asperis
1888 927 1997 961 non
2046 909 2311 975 dejicitur·,
2350 908 2499 975 quia,

1431 996 1493 1037 ut
1528 986 1656 1036 dicit
1682 984 2023 1052 Augustinus
2045 1000 2061 1033 .·
2094 1000 2121 1029 «
2149 982 2320 1032 Nemo
2363 981 2503 1032 fran-

1432 1056 1577 1123 gitur
1613 1071 1793 1106 rerum
1853 1054 2195 1104 adversarum
2239 1051 2501 1113 molestia,

1432 1129 1527 1196 qui
1579 1142 1953 1195 prosperarum
1993 1124 2342 1196 ,delectatione
2395 1138 2503 1173 non

1432 1203 1656 1269 capitur.
1681 1222 1710 1250 »
1737 1201 1803 1252 Et
1837 1200 2032 1250 iterum
2063 1216 2078 1250 ε
2113 1217 2141 1246 «
2174 1199 2353 1249 Primo
2396 1198 2503 1249 ita-

1432 1290 1538 1340 que
1562 1273 1792 1324 vitandae
1815 1280 1939 1321 sunt
1959 1267 2353 1329 delectationes,
2366 1276 2507 1333 post-

1431 1359 1493 1395 ea
1530 1344 1759 1394 dolores.
1808 1341 2094 1401 Quomodo
2147 1338 2294 1389 enim
2339 1352 2506 1403 supe-

1432 1430 1548 1465 rare
1598 1422 1773 1480 potest
1833 1410 2099 1461 mundum
2155 1409 2459 1459 saevientem
2486 1445 2504 1472 ,

1433 1485 1527 1552 qui
1586 1500 1692 1534 non
1749 1490 1922 1549 potest
1974 1476 2370 1530 blandientem?
2413 1476 2506 1527 Sic

1435 1572 1562 1622 ergo
1611 1554 1880 1606 Dominus
1925 1549 2097 1602 voluit
2125 1564 2224 1599 nos
2259 1548 2325 1598 ad
2356 1563 2415 1599 se
2446 1547 2506 1598 in

1434 1623 1823 1678 tentationibus
1868 1635 2136 1673 recurrere
2180 1629 2233 1670 et
2279 1634 2392 1668 non
2439 1618 2510 1669 de

1436 1697 1593 1749 nobis
1665 1708 2007 1762 praesumere.
2063 1711 2092 1739 »
2156 1691 2309 1741 Unde
2361 1688 2508 1739 idem

1437 1767 1780 1834 Augustinus
1802 1782 1820 1815 .-
1851 1782 1879 1811 «
1905 1762 2093 1814 Voluit
2137 1776 2262 1826 ergo
2293 1760 2438 1810 Deus
2475 1773 2509 1809 a

1437 1858 1495 1893 se
1531 1841 1697 1908 posci,
1728 1855 1796 1890 ne
1824 1836 2121 1889 inferamur
2154 1835 2211 1884 in
2256 1832 2509 1884 tentatio-

1437 1929 1581 1973 nem,
1608 1910 1752 1978 quod
1791 1917 1995 1975 poterat
2027 1906 2183 1956 nobis
2208 1905 2368 1955 etiam
2395 1918 2508 1953 non
2545 1917 2552 1924 ·

1437 1984 1717 2036 orantibus
1745 1982 1889 2041 dare,
1917 1979 2045 2046 quia
2076 1977 2248 2028 voluit
2281 1991 2382 2027 nos
2407 1976 2513 2025 ad·-

1437 2054 1644 2106 moneri
1695 2069 1726 2103 a
1777 2066 1886 2119 quo
1925 2051 2043 2100 haec
2080 2046 2338 2099 beneficia
2383 2045 2513 2096 acci·

1436 2129 1665 2195 piamuS.
1696 2145 1724 2173 »
1750 2126 1811 2176 In
1849 2138 1978 2189 quc,
2007 2130 2070 2172 ut
2095 2120 2226 2170 dicit
2264 2118 2511 2185 Cypria-

1438 2216 1576 2264 ηας,
1634 2199 1992 2250 admonemur
2060 2191 2391 2244 infirmitat1s
2461 2198 2514 2241 et

1441 2269 1821 2325 imbecillitatis
1851 2276 2066 2330 nostrae,
2097 2279 2166 2314 ne
2191 2262 2316 2329 quis
2350 2276 2408 2311 se
2436 2260 2514 2310 in-

1436 2345 1674 2396 solenter
1705 2340 1940 2399 extollat,
1974 2347 2037 2388 ut
2083 2337 2215 2386 dum
2263 2330 2515 2399 praecedit

1438 2413 1666 2466 humilis
1716 2422 1768 2463 et
1821 2407 2090 2462 submissa
2135 2403 2416 2464 confessio,
2459 2411 2514 2454 et

1436 2490 1594 2539 datur
1622 2496 1799 2538 totum
1825 2484 1939 2534 Deo
1968 2479 2236 2550 quidquid
2258 2474 2517 2543 supplici-

1438 2571 1519 2612 ter
1576 2558 1792 2626 petitur,
1845 2554 2014 2622 ipsius
2051 2553 2246 2620 pietate
2285 2557 2514 2616 praeste-

1439 2641 1545 2682 tur.

1510 2718 1571 2753 10
1605 2704 1838 2752 Sar-rma
1877 2712 2107 2748 reru-10.
2140 2722 2206 2733 --
2238 2692 2364 2742 Post
2406 2691 2514 2741 hoc

1440 2773 1683 2841 sequitur
1717 2769 1905 2838 petitio
1942 2766 2172 2833 septima
2197 2773 2250 2814 et
2276 2762 2468 2813 ultima
2495 2776 2513 2811 z

1441 2846 1553 2896 Sed
1576 2844 1747 2894 libera
1778 2855 1875 2891 nos
1903 2853 1938 2889 a
1976 2837 2136 2897 male,
2163 2833 2365 2885 scilicet
2388 2848 2514 2882 om-

1442 2915 1519 2975 ni,
1559 2914 1644 2964 vel
1687 2913 1873 2963 innato
1925 2907 2071 2975 quod
2119 2902 2512 2961 contrahimus,

1439 2986 1643 3036 scilicet
1693 2980 1942 3047 originali
1955 2994 1970 3043 ;
2002 2979 2086 3029 vel
2126 2977 2327 3041 adjecto
2366 2971 2512 3039 quod

1441 3053 1853 3114 committimus,
1900 3049 2104 3101 scilicet
2157 3044 2378 3106 actuali3
2429 3042 2514 3092 vel
2589 3102 2595 3108 .

1442 3125 1645 3177 inflicto
1684 3121 1829 3190 quod
1895 3120 2226 3173 sustinemus
2248 3155 2262 3177 ,
2314 3112 2515 3164 scilicet

1443 3194 1660 3263 poenali,
1709 3193 1764 3242 id
1811 3202 1893 3243 est
1938 3206 2095 3259 poena
2142 3181 2512 3251 consequenti.

1440 3268 1540 3319 Vel
1572 3281 1607 3317 a
1631 3265 1773 3317 malo
1802 3265 1975 3325 omni,
1999 3260 2202 3314 visibili
2231 3268 2284 3308 et
2316 3254 2515 3307 invisi-

1442 3337 1559 3397 bili,
1594 3335 1650 3388 id
1693 3345 1775 3387 est
1807 3336 1975 3400 culpae
2020 3342 2072 3382 et
2119 3341 2320 3396 poenae;
2359 3324 2441 3376 vel
2476 3337 2516 3374 a

1442 3410 1586 3461 malo
1613 3407 1785 3470 omni,
1830 3408 2032 3458 scilicet
2060 3401 2346 3470 praeterito,
2373 3412 2514 3464 prae-

1442 3481 1602 3542 senti,
1627 3490 1680 3531 et
1711 3479 1912 3530 futuro,
1946 3477 2012 3527 Et
2036 3473 2334 3524 notandum
2367 3466 2514 3535 quod

1442 3553 1555 3603 haec
1579 3551 1767 3618 petitio
1791 3566 1902 3600 non
1928 3545 2248 3611 intelligitur
2284 3543 2352 3592 de
2371 3541 2515 3590 malo

1441 3624 1610 3688 culpae
1654 3623 1762 3688 jam
1813 3627 2152 3687 perpetratae,
2203 3612 2332 3680 quia
2384 3620 2516 3660 tunc

1441 3696 1764 3747 coincideret
1803 3708 1927 3744 cum
1971 3689 2162 3757 quinta
2211 3683 2510 3752 petitione;

1442 3769 1536 3821 sed
1558 3770 1726 3833 culpae
1763 3765 2013 3819 instantis
2047 3758 2337 3830 perpetrari
2382 3771 2515 3824 pos-

1443 3840 1651 3900 sibilis,
1707 3853 1738 3889 a
1787 3851 1897 3904 quo
1941 3838 2083 3887 malo
2142 3831 2361 3884 liberari
2414 3844 2516 3881 nos

1445 3911 1681 3979 petimus
1701 3947 1715 3972 ,
1783 3924 1850 3960 ne
1911 3908 2161 3961 videlicet
2214 3916 2513 3972 peccemus.
