2784 4452
563 318 657 368 DE
687 303 1102 368 vocA‘noNE
1132 314 1480 365 MATTHAEI
1512 313 1609 365 Er
1643 314 1802 366 Esus
1833 314 2193 367 CONv1v1o.
2285 305 2288 308 ’

248 434 619 503 religiositatis
646 434 778 484 alios
808 441 1223 494 contemnentem,
1244 430 1321 481 di-

251 517 436 559 centes
471 506 608 556 illud
646 521 768 555 cum
808 504 1083 554 Pharisaeo
1129 519 1143 553 ε
1198 504 1322 553 Non

258 596 377 633 sum
419 580 559 630 sicut
598 578 761 630 ceteri
801 577 1103 639 hominum,⁹
1134 576 1323 644 jejumo

260 653 342 705 bis
372 652 424 704 in
449 653 690 714 sabbato,
725 659 823 701 etc.

327 740 384 774 11
438 724 705 775 Carus-rus
754 735 1057 772 mscrrmos
1098 735 1204 771 iton
1247 735 1327 770 m-

251 806 517 845 JUNAN‘TES
543 809 771 843 Excusat·
809 808 970 843 rami
1003 805 1326 841 sturm-rum·-

255 859 326 915 ΝΕ
358 880 426 914 οε
456 880 615 914 Faus
637 879 833 913 sronsr.
868 890 933 901 -
961 863 1117 913 Iesus
1143 870 1322 912 autem

256 936 554 988 confutavit
585 953 694 998 eor»,
730 946 782 986 et
807 935 1196 986 rationabiliter
1228 949 1328 985 ex-

251 1008 459 1059 cusavit
485 1007 776 1074 discipulos
802 1023 817 1057 z
844 1016 965 1057 tum
994 1007 1121 1073 quia
1146 1021 1333 1071 corpo-

255 1078 439 1129 raliter
463 1094 588 1128 cum
618 1078 698 1128 eis
725 1087 851 1138 erat,
876 1087 996 1128 tum
1021 1077 1149 1144 quia
1167 1078 1327 1127 rudes
1367 1095 1372 1098 ¹

255 1160 309 1201 et
329 1151 573 1201 nondum
612 1152 841 1217 perfecte
867 1150 1324 1213 innovati'essent,

258 1236 355 1270 nec
403 1219 646 1271 difficilia
695 1230 746 1270 et
794 1236 931 1271 nova
979 1220 1325 1279 sustinerent,

256 1293 505 1357 ponendo
530 1293 593 1341 ad
623 1292 765 1342 idem
795 1301 903 1343 tres
926 1291 1325 1351 similitudines»,

249 1362 458 1414 scilicet
499 1380 514 1413 ε
555 1363 622 1413 de
658 1363 864 1428 nuptiis
899 1373 953 1413 et
989 1363 1055 1413 de
1087 1378 1323 1429 sponso,

249 1432 323 1483 de
354 1448 535 1499 panno
560 1444 613 1483 et
642 1434 987 1493 vestimento,
1017 1435 1085 1483 de
1109 1432 1325 1483 utribus

254 1515 308 1556 et
326 1506 476 1557 vino.
509 1508 661 1558 Unde
688 1508 768 1558 ait
809 1524 828 1557 .·
862 1507 1140 1573 Numquid
1188 1520 1326 1573 pos-

253 1580 382 1624 sunt
428 1575 546 1641 filii
596 1577 910 1641 nuptiarum
966 1590 1062 1625 seu
1121 1576 1323 1641 sponsi,

247 1644 459 1695 scilicet
486 1646 689 1696 Christi
720 1646 916 1713 Sponsi
944 1645 1205 1706 Ecclesiae,
1222 1644 1324 1695 hoc

251 1725 335 1767 est
361 1718 613 1784 discipuli
646 1719 712 1769 de
750 1735 839 1769 me
876 1728 929 1769 et
961 1718 1195 1769 Ecclesia
1230 1734 1327 1784 per

252 1786 416 1838 fidem
454 1789 639 1854 geniti,
660 1790 934 1857 jejunare,
979 1806 1076 1840 seu
1115 1790 1318 1855 lugere,
1351 1787 1354 1794 '

253 1862 491 1926 quandiu
514 1877 631 1912 cum
659 1863 771 1913 illis
794 1870 877 1914 est
900 1865 1146 1929 Sponsus
1162 1861 1199 1912 9
1226 1864 1324 1912 Se-

248 1933 491 1982 cundum
563 1934 962 2002 Hieronymum
975 1972 992 1997 ,
1054 1934 1340 1999 quoddam-

249 2012 333 2055 est
405 2005 685 2069 [jejunium
756 2006 1200 2071 exspectationis»,
1262 2016 1325 2055 ut

251 2089 479 2139 persona
519 2076 714 2126 melius
751 2085 1092 2143 exspectetur
1122 2093 1136 2126 ε
1167 2086 1222 2127 et
1246 2076 1324 2127 sic

252 2146 311 2195 in
340 2146 520 2197 Veteri
570 2149 918 2199 Testamento
959 2148 1319 2213 jejunabatur3

250 2226 306 2268 et
359 2216 464 2268 isto
515 2218 770 2285 discipuli
828 2235 936 2269 non
994 2218 1323 2286 indigebant,

248 2288 380 2355 quia
397 2290 503 2353 jam
523 2300 839 2355 praesentem
863 2290 1143 2342 Christum
1164 2292 1325 2342 habe-

251 2361 397 2411 bant.
428 2362 590 2411 Aliud
615 2373 708 2413 est
727 2362 985 2428 jejunium
1010 2363 1321 2427 vexationis,

252 2435 400 2499 quod
463 2435 744 2486 ordinatur
798 2437 865 2486 ad
926 2437 1102 2487 carnis
1154 2437 1328 2487 refrae-

251 2505 543 2566 nationem,
568 2517 620 2557 et
644 2508 886 2573 disponit
917 2509 983 2558 ad
1004 2509 1326 2574 contempla-

249 2578 471 2642 tionem,
502 2595 611 2645 quo
640 2581 765 2646 quis
797 2581 1014 2646 jejunat,
1045 2580 1323 2631 retrahen-

248 2649 321 2699 do
362 2664 419 2700 se
460 2665 489 2700 a
521 2650 965 2702 delectationibus
1000 2651 1323 2714 carnalibus,

253 2731 318 2772 ut
358 2725 628 2789 repleatur
673 2724 1077 2790 spiritualibu53
1126 2734 1179 2775 et
1219 2724 1324 2775 isto

251 2792 416 2843 etiam
450 2810 561 2844 non
589 2795 917 2861 indigebant,
947 2811 1073 2846 cum
1102 2797 1168 2846 ad
1196 2797 1328 2846 tales

251 2879 359 2914 non
410 2863 749 2916 afficerentur
807 2866 1219 2926 delectationeS,
1271 2877 1326 2917 et

251 2934 535 2986 Christum
576 2945 896 3002 praesentem
925 2936 1212 2997 haberent,
1240 2953 1329 2987 cu·

253 3006 338 3070 jus
364 3008 647 3072 praesentia
672 3018 723 3058 et
740 3008 979 3058 doctrina
1001 3008 1126 3074 plus
1151 3008 1329 3060 refrae-

256 3076 406 3128 navit
427 3080 883 3145 concupiscentias
917 3080 1132 3131 illicitas
1167 3081 1225 3130 in
1244 3081 1327 3131 eis

251 3163 421 3215 quam
458 3150 639 3216 ieiunii
677 3152 957 3202 austeritas
992 3151 1050 3201 in
1086 3151 1228 3202 aliis,
1261 3153 1327 3203 Et

257 3213 379 3270 ideo
408 3218 663 3287 jejunare
701 3231 755 3271 et
789 3222 973 3288 lugere
1003 3222 1129 3272 'non
1168 3223 1333 3274 habe-

256 3291 406 3351 bant,
431 3291 670 3357 quandiu
702 3293 973 3358 Sponsum
1002 3309 1096 3360 per
1129 3310 1327 3361 corpo-—

258 3364 428 3413 ralem
452 3365 795 3430 praesentiam
823 3382 946 3416 cum
975 3366 1183 3432 Sponsa
1209 3382 1327 3418 esse

254 3435 532 3499 videbant;
564 3438 655 3487 sed
691 3438 871 3503 potius
899 3440 964 3489 de
994 3438 1188 3505 Sponsi
1219 3454 1330 3506 gra·

257 3505 419 3555 tulari
454 3507 764 3572 praesentia‚
805 3524 925 3576 quae
958 3510 1080 3575 plus
1120 3509 1329 3576 proficit

263 3590 426 3642 quam
459 3577 749 3642 corporalis
777 3580 1120 3630 abstinentia.
1150 3580 1253 3630 Est
1276 3589 1329 3629 et

258 3647 410 3699 aliud
446 3649 736 3715 ieiunium,
783 3654 930 3719 quod
977 3669 1041 3703 ex
1091 3653 1328 3720 plenitu-

258 3716 388 3768 dine
415 3730 465 3769 et
499 3720 819 3785 perfectione
860 3722 1330 3789 contemplationis

262 3789 519 3853 procedit,
555 3791 713 3856 quale
748 3792 1007 3857 jejunium
1047 3793 1222 3859 Moysi
1268 3792 1325 3842 in

262 3866 449 3908 monte
469 3858 573 3909 fuit
602 3877 614 3910 ε
646 3871 850 3926 quanto
872 3862 1018 3912 enim
1040 3863 1222 3919 anima
1244 3872 1327 3912 est

265 3925 324 3977 in
365 3930 816 3995 contemplatione
876 3933 1049 3999 magis
1095 3934 1322 3995 elevata,

2390 327 2497 390 299

1427 441 1578 481 tanto
1617 441 1705 482 est
1736 436 1977 497 pauciori
2012 434 2348 485 nutrimento
2383 452 2505 487 con-

1427 510 1602 563 uentu
1634 511 1689 550 et
1714 503 1823 553 tale
1856 505 2121 571 jejunium
2148 518 2499 571 noncompe-

1429 572 1575 621 tebat
1612 572 1916 639 discipulis,
1963 575 2090 641 quia
2134 574 2313 624 adhuc
2347 587 2501 629 erant

1428 646 1591 696 rudes
1626 655 1685 697 et
1712 646 2030 714 imperfecti.
2056 648 2166 698 Sed
2209 647 2360 714 prius
2395 650 2499 701 de·—

1430 714 1669 767 buerunt
1732 733 1827 783 per
1890 720 2206 770 charitatem
2264 719 2498 784 Spiritus

1426 786 1611 837 Sancti
1656 786 1903 839 innovari
1926 829 1942 847 ,
1980 790 2129 856 quod
2176 789 2372 840 factum
2414 801 2501 841 est

1433 857 1492 907 in
1522 858 1618 908 die
1649 860 2003 926 pentecostes,
2034 862 2251 927 quando
2279 861 2500 930 fuerunt

1433 944 1527 994 per
1546 931 1771 995 gratiam
1789 932 2022 997 Spiritus
2036 933 2215 983 Sancti
2237 932 2498 998 innovati,

1432 1009 1485 1049 et
1521 1010 1654 1050 tunc
1690 1002 1962 1053 ,debebant
2008 1003 2243 1069 incipere
2289 1019 2498 1055 novum

1432 1074 1659 1124 modum
1684 1075 1918 1126 vivendi.

1501 1160 1565 1195 ια
1582 1145 1922 1205 Ουυωοκυι
1943 1148 2177 1197 Sponsus
2194 1162 2494 1198 aurem-ua.

1430 1223 1497 1254 -'-
1527 1216 1735 1268 Deinde
1773 1218 2051 1285 subiungit
2080 1236 2101 1269 t
2141 1220 2360 1270 Venient
2392 1235 2498 1270 au-

1432 1294 1533 1337 tem
1560 1288 1698 1351 dier,
1724 1288 1930 1339 scilicet
1949 1290 2214 1355 passionis
2243 1300 2297 1340 et
2314 1306 2499 1341 ascen-
2533 1343 2535 1352 ⁴

1430 1357 1622 1419 sionis,
1656 1373 1775 1409 cum
1807 1360 2090 1425 auferetur
2122 1362 2192 1411 ab
2218 1362 2297 1412 eis
2325 1363 2500 1427 Spon-

1430 1445 1542 1493 suS,
1594 1431 1854 1497 corporali
1919 1433 2226 1498 praesentia,
2270 1441 2325 1485 et
2373 1441 2501 1486 tunc

1415 1500 1751 1568 jejunabunt,
1772 1503 1973 1568 jejunio
1985 1504 2232 1555 moeroris
2245 1504 2303 1554 in
2317 1504 2502 1555 humi-

1426 1573 1573 1623 litate
1593 1574 1977 1638 tribulationie,
1998 1586 2052 1625 et
2075 1576 2154 1625 illi
2180 1576 2293 1626 dies
2322 1577 2503 1629 luctus

1426 1655 1586 1695 erunt
1629 1654 1683 1696 et
1718 1647 1940 1698 doloris.
1972 1648 2126 1697 Unde
2157 1649 2452 1713 Apostolus
2480 1666 2498 1699 z

1427 1716 1494 1766 Ιιε
1519 1716 1675 1783 fame
1713 1723 1765 1768 et
1791 1718 1903 1780 siti,
1949 1725 2003 1768 et
2029 1718 2260 1784 jejuniis
2296 1720 2498 1770 multis-

1432 1789 1587 1840 Unde
1672 1800 1726 1840 et
1783 1792 2131 1857 Augustinus
2183 1809 2204 1842 .-

1428 1859 1630 1909 diceret
1664 1877 1685 1911 z
1726 1861 1883 1911 Tunc
1915 1862 2325 1923 desolabuntur,
2355 1873 2409 1913 et
2443 1863 2500 1912 in

1430 1945 1663 1981 moerore
1706 1942 1762 1981 et
1807 1932 1954 1983 luctu
1989 1944 2174 1994 erunt,
2210 1933 2378 1983 donec
2421 1933 2502 1984 eis

1429 2016 1524 2065 per
1578 2001 1849 2066 Spiritum
1890 2004 2146 2054 Sanctum
2191 2004 2386 2069 gaudia
2444 2015 2499 2055 et

1424 2073 1782 2124 consolatoria
1813 2075 2193 2125 retribuantur.
2224 2094 2252 2122 »
2288 2075 2500 2125 Secun—

1424 2146 1559 2195 dum
1581 2148 1804 2209 Bedam,
1837 2149 2186 2199 «notandum
2227 2148 2370 2198 hunc
2411 2148 2499 2199 lu-

1427 2228 1573 2268 ctum
1601 2219 1939 2271 abstihentiae
1966 2220 2179 2286 Sponsi,
2212 2237 2325 2271 non
2355 2234 2501 2271 nunc

1427 2302 1656 2351 tantum,
1685 2291 1744 2342 id
1781 2302 1878 2353 est,
1911 2302 2033 2358 post
2059 2304 2289 2343 mortem
2315 2308 2500 2344 resur-

1428 2364 1836 2431 rectionemque
1867 2366 2109 2431 ejusdem
2142 2366 2368 2431 sponsi,
2398 2366 2493 2416 sed

1427 2445 1483 2486 et
1535 2447 1661 2486 ante
1706 2437 2128 2487 Incarnationem
2176 2437 2343 2497 illiue,
2403 2452 2500 2503 per

1426 2516 1607 2556 toturn
1637 2507 1805 2572 hujus
1835 2508 2000 2558 seculi
2024 2518 2238 2574 tempus
2262 2522 2381 2558 esse
2405 2522 2499 2557 ce-

1429 2579 1713 2630 lebratum.
1765 2580 1943 2630 Prima
1995 2581 2201 2647 quippe
2258 2591 2500 2646 tempora

1431 2650 1681 2700 Ecclesiae
1707 2660 1830 2700 ante
1856 2650 2097 2716 Virginis
2122 2661 2334 2717 partum
2358 2653 2498 2702 San-

1428 2729 1546 2770 ctos
1584 2722 1840 2781 habuere,
1866 2721 1961 2789 qui
2004 2722 2364 2773 desiderarent
2406 2723 2501 2773 In-

1431 2794 1758 2844 oarnationis
1802 2793 2008 2845 Christi
2043 2795 2351 2847 adventum.
2395 2796 2499 2847 Ista

1429 2881 1558 2916 vero
1598 2876 1840 2931 tempora
1884 2881 1950 2916 ex
1995 2882 2107 2932 quo
2151 2867 2392 2917 ascendit
2436 2867 2498 2919 in

1431 2936 1630 2986 coelum
1656 2937 1880 2985 Sanctos
1910 2935 2130 2995 habent,
2154 2936 2252 3002 qui
2280 2936 2501 2987 deside·-

1432 3018 1553 3058 rent
1576 3008 1691 3073 ejus
1721 3007 2227 3070 manifestationem,
2257 3010 2322 3059 ad
2345 3008 2521 3061 vivos-

1432 3089 1487 3129 et
1529 3088 1774 3128 mortuos
1809 3078 2142 3144 judicandos,
2183 3080 2368 3145 Neque
2406 3078 2499 3130 hic

1431 3148 1804 3206 desiderabilis
1833 3149 2077 3200 Ecclesiae
2099 3152 2276 3200 luctus
2294 3150 2502 3214 requie·

1438 3221 1517 3272 vit
1543 3221 1935 3286 aliquantulum
1956 3261 1970 3282 ‚
2002 3222 2106 3272 nisi
2143 3220 2386 3288 quandiu
2409 3220 2500 3272 hic

1440 3308 1569 3342 cum
1613 3291 1900 3359 discipulis
1951 3293 2009 3343 in
2054 3308 2217 3343 carne.
2258 3302 2500 3344 versatus

1435 3372 1519 3414 est
1548 3379 1566 3412 ι
1594 3380 1623 3410 12
1657 3362 1776 3412 haec
1813 3365 1985 3414 Beda.
2017 3365 2090 3414 Et
2127 3364 2252 3413 licet
2283 3363 2389 3414 hoc
2430 3364 2501 3415 de

1435 3433 1725 3500 praesentia
1775 3449 1874 3484 sua
1930 3433 2189 3500 corporali
2244 3433 2500 3486 Christus

1431 3503 1646 3567 dixerit,
1691 3505 1962 3554 moraliter
1994 3514 2176 3555 tamen
2212 3505 2327 3555 dies
2362 3505 2498 3571 qui-

1432 3575 1536 3624 bus
1566 3574 1805 3627 aufertur
1847 3573 2006 3624 nobis
2045 3575 2326 3636 Christus,
2369 3585 2497 3628 sunt

1431 3647 1547 3697 dies
1586 3647 1775 3712 culpae,
1818 3645 2030 3712 quando
2079 3661 2113 3696 a
2152 3647 2316 3697 domo
2360 3663 2498 3697 con*

1430 3719 1665 3770 scientiae
1706 3717 2042 3767 excludimus
2090 3734 2279 3769 verum
2318 3720 2498 3784 Spon-

1429 3804 1553 3840 sum
1576 3789 1772 3840 animat
1801 3787 2100 3851 Christum,
2130 3800 2182 3839 et
2208 3789 2500 3841 introduci*

1430 3878 1552 3913 mus
1573 3862 1964 3912 adulterantem
1981 3863 2276 3922 diabolum,
2298 3874 2353 3914 et
2367 3873 2496 3916 tune

1429 3933 1732 3998 jejunamus
1760 3940 1813 3983 et
1836 3945 2080 3984 caremus
2106 3933 2226 3985 cibo
2252 3934 2498 4000 spirituas»

2259 1792 2578 1852 «Quasi.
