2784 4452
355 292 458 345 368

351 415 456 471 tur,
506 406 563 457 id
619 412 700 456 est
745 404 803 455 in
848 402 1006 454 furno
1049 401 1280 452 mittitur
1315 416 1411 451 seu

350 478 588 547 ponitur,
632 476 759 543 quia
792 475 850 527 in
890 473 1213 541 quibusdam
1253 472 1412 523 terris

346 550 466 602 loco
509 548 782 613 lignorum
829 554 1055 596 utuntur
1098 542 1313 608 stipulis
1359 552 1414 593 et

344 619 545 671 talibus
591 617 657 667 ad
707 615 1123 667 calefaciendum
1169 613 1410 673 furnum,

345 693 498 743 Deus
521 692 602 742 sic
631 689 852 756 pulchre
878 696 930 738 et
956 686 1119 738 variis
1141 685 1413 737 coloribus

351 772 405 814 et
433 760 625 812 formis
659 760 829 820 vestit,
864 768 916 809 et
943 766 1219 807 venustate
1248 756 1411 806 ador-

348 841 460 893 nat,
507 837 705 897 quanto
747 828 928 894 magis
959 842 1054 878 vos
1086 827 1316 878 minimae
1330 827 1414 892 fi-

347 903 453 965 dei,
508 900 713 951 scilicet
757 899 876 950 sine
915 896 1277 948 sollicitudine
1315 912 1414 947 su-

347 975 551 1042 perflua
571 972 797 1025 vestiet?
823 970 987 1032 Quasi
1013 970 1243 1021 diceret:
1267 970 1324 1020 Si
1346 970 1414 1020 de

344 1047 570 1097 floribus
608 1044 702 1110 qui
737 1042 846 1094 nati
887 1051 1016 1093 sunt
1042 1043 1415 1093 tantummodo

345 1129 410 1170 ut
461 1118 739 1169 videantur
815 1125 868 1166 et
933 1123 1149 1181 pereant
1209 1123 1413 1164 tantam

347 1189 493 1239 Deus
515 1202 695 1237 curam
725 1186 879 1252 gerit,
918 1193 1121 1252 quanto
1148 1183 1321 1249 magis
1347 1184 1416 1233 de

347 1260 685 1319 hominibuS,
733 1258 827 1324 qui
874 1258 940 1308 ad
989 1255 1282 1323 imaginem
1315 1255 1412 1305 Dei

348 1345 478 1386 sunt
503 1333 644 1397 facti,
676 1342 728 1383 et
755 1332 820 1382 ad
851 1342 1046 1383 aeterna
1074 1329 1265 1386 vocati.
1297 1330 1414 1379 Vo-

346 1417 430 1458 cat
455 1415 634 1456 autem
662 1420 754 1455 eos
781 1403 877 1470 qui
907 1403 1071 1455 nimis
1109 1400 1412 1452 sollicitan-

346 1485 455 1537 tur,
489 1476 713 1527 modicae
740 1474 897 1541 fidei,
947 1474 1076 1541 quia
1114 1488 1179 1523 ex
1204 1471 1414 1522 defectu

345 1547 472 1598 fidei
527 1546 767 1613 procedit
811 1545 935 1596 talis
971 1543 1277 1595 sollicitudo
1318 1557 1414 1591 su-

347 1617 569 1684 perflua,
609 1633 719 1667 non
762 1625 941 1666 autem
982 1613 1289 1666 sollicitudo
1326 1628 1414 1663 ra-

347 1690 568 1742 tionalis
598 1700 650 1740 et
683 1689 970 1739 moderata.

419 1775 481 1811 10
534 1759 641 1818 Qu1
683 1773 984 1808 uomrrssa
1024 1772 1126 1807 rna
1170 1771 1301 1807 Aves
1345 1771 1413 1806 m·

344 1849 493 1884 mnu
521 1846 862 1882 mount-:urna
885 1831 904 1881 ἲ
928 1858 988 1868 -
1011 1829 1304 1890 Moraliter,
1336 1844 1414 1880 se-

346 1906 587 1957 cundum
629 1904 896 1965 Glossam,
936 1901 1110 1953 Sancti
1153 1917 1263 1951 non
1302 1902 1413 1951 im-

349 1975 544 2027 merito
594 1974 783 2025 avibus
838 1982 1213 2039 comparantur
1238 2010 1253 2032 ,
1315 1971 1412 2037 qui

346 2046 493 2098 nihil
531 2047 588 2097 in
638 2046 845 2095 mundo
891 2045 1166 2101 habentes,
1202 2058 1299 2093 nec
1346 2043 1416 2092 la-

350 2118 617 2177 boranteS,
668 2116 781 2166 sola
821 2114 1270 2180 contemplatione
1301 2121 1414 2163 ter-

346 2207 476 2243 rena
529 2188 851 2256 despiciunt,
907 2188 1139 2240 coelestia
1204 2196 1411 2254 petunt,

345 2263 454 2329 jam
516 2261 734 2327 Angelis
792 2260 1017 2311 similes·
1075 2259 1212 2310 Ecce
1265 2258 1412 2324 quod

345 2335 793 2387 commendantur
822 2333 880 2383 in
912 2332 1121 2383 Sanctis
1151 2331 1270 2392 tria,
1302 2331 1414 2381 sci-

343 2408 470 2459 licet
512 2425 526 2457 2
582 2414 863 2471 paupertas
916 2402 1231 2463 voluntaria,
1283 2402 1414 2468 quia

346 2481 490 2532 nihil
570 2479 830 2529 habentes
861 2493 878 2541 ;
941 2475 1413 2542 contemplationis

345 2552 502 2618 quies
527 2552 638 2602 sive
658 2550 902 2601 otiositas
922 2558 1117 2609 sancta,
1141 2547 1271 2614 quia
1300 2563 1412 2597 non

345 2622 683 2685 laborantes;
733 2619 930 2670 mentis
967 2618 1187 2669 elevatio
1215 2617 1282 2667 ad
1318 2633 1413 2667 su-

345 2707 527 2757 perna,
560 2691 689 2757 quia
716 2700 911 2740 aeterna
939 2698 1144 2755 petunt.
1186 2689 1284 2738 Per
1308 2702 1412 2737 vo·-

342 2765 514 2818 latilia
562 2780 688 2831 ergo
735 2763 850 2815 coeli
904 2762 1133 2829 intelligi
1183 2771 1412 2828 possunt

340 2838 445 2890 viri
489 2837 888 2904 contemplativi
929 2836 1023 2903 qui
1063 2851 1174 2885 non
1204 2841 1404 2898 serunt,

343 2923 509 2976 neque
536 2914 749 2971 metunt,
780 2922 942 2974 neque
985 2912 1326 2972 congregant
1356 2907 1412 2957 in

342 2979 557 3040 horrea,
602 2993 659 3028 se
701 2976 932 3044 negotiis
957 2975 1286 3027 secularibus
1316 2976 1413 3026 im-

346 3049 612 3117 plicand0,
643 3057 695 3099 et
722 3047 991 3098 Dominus
1017 3061 1114 3112 pro
1143 3046 1223 3097 eis
1255 3046 1411 3097 solli-

345 3119 538 3170 citatur
578 3117 874 3168 necessaria
901 3116 1275 3167 ministrando·
1311 3117 1412 3166 Per

343 3190 460 3241 lilia
480 3205 607 3241 vero
634 3188 748 3255 agri
779 3187 1005 3255 intelligi
1036 3196 1260 3253 possunt
1287 3201 1409 3237 vere

345 3260 495 3321 casti,
526 3259 654 3326 quia
686 3268 900 3324 propter
935 3259 1219 3308 candorem
1257 3272 1412 3306 mun-

345 3333 513 3393 ditiae,
538 3341 592 3382 et
619 3340 835 3397 propter
861 3331 1081 3382 odorem
1109 3329 1325 3380 virtutis
1350 3329 1410 3379 in

346 3402 548 3469 quibus
567 3410 828 3462 crescunt,
849 3416 956 3451 non
975 3409 1084 3450 tam
1104 3414 1204 3450 suo
1230 3399 1413 3450 labore

346 3490 513 3542 quam
558 3474 656 3525 Dei
689 3476 871 3538 dono;
912 3473 1008 3539 qui
1037 3471 1410 3524 considerandi

346 3556 475 3598 sunt
514 3546 581 3596 ad
622 3545 950 3595 laudandum
986 3553 1037 3594 et
1065 3542 1410 3602 imitandum,

345 3628 400 3670 et
436 3619 762 3670 incremento
799 3619 954 3669 bonae
987 3616 1235 3679 actioniS,
1272 3615 1412 3666 etin

346 3688 529 3756 quiete
574 3698 767 3740 sanctae
812 3683 1301 3752 contemplationis,
1359 3694 1413 3736 et

347 3759 408 3811 in
451 3760 638 3811 decore
675 3760 910 3810 honestae
971 3755 1409 3810 conversationis.

420 3848 439 3882 1
456 3848 476 3881 ι
510 3832 897 3883 Courtnsnnuu
922 3847 1017 3883 ast·
1045 3844 1412 3881 novrum-rm.

350 3901 469 3966 Dm,
499 3918 620 3963 Quae.
648 3919 1091 3958 sot-uerrunmmt
1137 3903 1410 3956 Gara-mus

989 285 1229 339 PRIMAE
1263 283 1509 337 PARTIS
1540 284 1773 337 CAPUT
1799 286 2082 339 XXXVIII.

1518 416 1782 451 mortum
1812 417 2090 453 sxrnmr.
2121 430 2182 440 -
2210 404 2289 454 Ex
2323 404 2414 455 his
2453 420 2585 473 ergo

1520 473 1767 525 instructi
1809 490 1920 527 non
1952 473 2258 527 diffidamus
2291 477 2357 527 de
2390 494 2586 529 neces-

1519 545 1705 606 sariis,
1772 546 1901 612 quia
1963 556 2203 613 tempore
2273 560 2586 616 opportuno

1517 620 1661 670 Deus
1715 620 2017 687 providebit
2059 622 2219 673 nobis
2259 623 2324 673 de
2369 624 2495 683 illis,
2534 624 2584 676 si

1517 701 1695 742 tamen
1748 708 1808 742 ea
1855 708 1976 758 quae
2022 693 2260 759 praecipit
2303 693 2584 747 faciamus·

1518 762 1577 812 Si
1602 762 1749 813 enim
1770 763 1836 813 de
1854 764 2236 829 temporalibus
2259 764 2584 827 diffidimus,

1520 834 1793 899 quomodo
1825 843 2023 885 aeterna
2062 835 2442 899 sperabimus?
2483 836 2585 886 Fi-

1519 906 1613 955 des
1631 903 1826 955 famem
1855 921 1966 955 non
1993 904 2165 956 timet.
2187 906 2396 956 Modica
2424 905 2582 966 fides,

1519 989 1640 1041 quae
1667 990 1768 1025 nec
1811 975 1877 1025 de
1914 975 2143 1030 minimo
2182 986 2321 1026 certa
2351 986 2447 1040 est,
2480 992 2586 1027 ne·-

1519 1046 1651 1094 dum
1675 1055 1871 1095 aeterna
1899 1061 2008 1096 non
2033 1055 2226 1110 speret.
2258 1046 2363 1105 Qui
2391 1046 2593 1097 intelli-

1520 1115 1598 1181 git
1624 1115 1755 1181 quid
1785 1125 1864 1166 est
1890 1116 2074 1176 hom0,
2106 1131 2216 1166 non
2244 1116 2489 1182 desperat
2516 1116 2589 1167 de

1520 1188 1632 1238 Deo
1661 1203 1676 1251 ;
1723 1188 1818 1254 qui
1860 1198 2038 1239 autem
2076 1188 2320 1255 desperat
2355 1189 2420 1240 de
2447 1190 2585 1250 De0,

1521 1258 1688 1309 nescit
1731 1259 1863 1324 quid
1909 1267 1989 1310 est
2033 1259 2233 1322 homo;
2276 1258 2404 1325 quia
2435 1260 2589 1310 Deus

1521 1328 1578 1378 in
1619 1329 1858 1391 homine,
1909 1338 1961 1381 et
2001 1330 2167 1380 homo
2213 1330 2270 1379 in
2321 1331 2450 1380 Deo,
2503 1330 2589 1381 De

1520 1400 1766 1451 Creatore
1801 1400 2062 1467 desperat,
2104 1400 2199 1465 qui
2238 1400 2295 1450 in
2324 1400 2590 1453 creaturis

1520 1489 1670 1540 spem
1703 1474 1871 1541 ponit.
1921 1474 2106 1541 Igitur,
2157 1483 2219 1524 ut
2265 1473 2341 1523 ait
2375 1474 2587 1525 Ansel-

1519 1559 1637 1594 mus
1677 1561 1697 1596 .-
1754 1562 1782 1592 «
1833 1544 1953 1595 Non
2004 1555 2055 1595 te
2105 1543 2272 1595 futuri
2323 1544 2596 1611 temporis

1517 1615 1769 1666 sterilitas
1798 1624 2006 1679 terreat,
2048 1631 2159 1665 non
2191 1614 2385 1666 futurae
2421 1615 2591 1667 famis

1519 1687 1685 1737 timor
1724 1697 1979 1738 memtem
2022 1696 2169 1736 tuam
2216 1685 2443 1751 dejiciat,
2489 1687 2589 1737 sed

1519 1775 1583 1810 ex
1613 1760 1729 1825 ipso
1758 1769 1867 1810 tota
1893 1758 2086 1810 fiducia
2107 1768 2201 1809 tua
2218 1758 2463 1824 pendeat,
2485 1759 2589 1825 qui

1518 1846 1639 1881 aves
1686 1831 1852 1898 pascit
1891 1840 1944 1881 et
1984 1829 2095 1880 lilia
2132 1830 2311 1880 vestit.
2356 1830 2479 1895 Ipse
2511 1830 2590 1880 sit

1519 1900 1774 1952 horreum
1809 1911 1984 1960 tuum,
2015 1900 2131 1966 ipse
2159 1901 2433 1966 apotecha,
2466 1900 2587 1967 ipse

1520 1974 1854 2039 marsupium
1882 1982 2056 2033 tuum,
2088 1973 2202 2040 ipse
2228 1972 2431 2024 divitiae
2454 1982 2586 2033 tuae,

1518 2044 1632 2111 ipse
1680 2044 1882 2095 deliciae
1943 2054 2046 2094 tuae
2077 2059 2092 2106 ;
2150 2044 2297 2094 solus
2351 2043 2419 2093 sit
2480 2043 2587 2094 tibi

1518 2116 1702 2166 omnia
1751 2115 1809 2165 in
1855 2114 2129 2165 omnibus.
2176 2114 2247 2164 Et
2289 2113 2443 2179 ponit
2490 2114 2590 2166 hic

1518 2186 1781 2238 Dominus
1821 2185 1921 2237 tria
1959 2185 2094 2237 bona
2129 2200 2252 2252 quae
2286 2184 2430 2236 Deus
2473 2185 2590 2237 ho-

1519 2258 1656 2308 mini
1706 2257 1868 2318 dedit,
1897 2257 2131 2308 scilicet:
2160 2257 2418 2317 animam,
2459 2272 2590 2307 cor-

1518 2345 1636 2395 pus,
1696 2339 1749 2380 et
1797 2344 1898 2379 res·
1955 2328 2152 2379 Anima
2191 2327 2345 2377 debet
2386 2328 2589 2393 subjici

1518 2398 1814 2466 superiori,
1861 2399 2062 2449 scilicet
2116 2399 2244 2457 De0‚
2303 2397 2406 2447 sibi
2461 2398 2591 2449 obe-

1515 2471 1749 2533 diendo;
1779 2480 1832 2521 et
1857 2485 2050 2536 corpus
2074 2485 2173 2519 suo
2207 2468 2496 2533 superiori,
2526 2468 2589 2519 id

1516 2552 1597 2595 est
1637 2542 1850 2603 animae,
1899 2540 2004 2591 sibi
2041 2539 2460 2605 obtemperando
2485 2554 2500 2601 ;
2529 2548 2591 2590 et

1516 2630 1601 2666 res
1642 2614 1756 2665 suis
1796 2611 2181 2679 superioribuS,
2216 2610 2418 2660 scilicet
2446 2610 2586 2673 De0,

1516 2695 1578 2736 ut
1602 2683 1926 2751 pauperibus
1938 2682 2347 2744 distribuantur,
2379 2689 2430 2730 et
2457 2680 2586 2731 ani-

1518 2771 1636 2816 mae,
1664 2764 1726 2805 ut
1749 2753 1972 2804 discrete
1990 2751 2300 2819 diligantur,
2324 2761 2378 2801 et
2398 2767 2591 2818 corpo-

1518 2826 1584 2887 ri,
1621 2836 1680 2876 ut
1719 2824 1823 2876 sibi
1865 2823 2159 2874 necessaria
2186 2822 2591 2873 ministrentur.

1517 2898 1620 2948 Sed
1650 2897 1814 2947 istum
1846 2894 2089 2946 ordinem
2121 2902 2431 2959 pervertunt
2451 2893 2591 2944 divi-

1516 2977 1612 3028 teS,
1636 2967 1732 3034 qui
1775 2982 1883 3015 non
1908 2963 2268 3029 subjiciuntur
2288 2962 2420 3023 De0,
2452 2963 2590 3030 quia

1516 3036 1837 3104 pauperibus
1906 3034 2048 3085 nihil
2122 3033 2406 3096 tribuunt3
2484 3048 2589 3084 nec

1515 3108 1727 3169 animae,
1774 3106 1901 3175 quia
1942 3120 2027 3156 res
2069 3104 2255 3170 inique
2304 3104 2585 3170 diligunt;

1514 3195 1610 3230 nec
1655 3177 1883 3245 corpori,
1930 3175 2058 3242 quia
2097 3175 2230 3225 illud
2279 3172 2423 3225 fatue
2461 3173 2587 3226 affi-

1514 3250 1682 3301 ciunt.
1736 3268 1764 3296 n
1811 3246 2015 3298 Deinde
2081 3247 2147 3296 ad
2197 3245 2588 3296 inculcandum

1514 3322 1709 3373 arctius
1736 3319 1881 3386 quod
1914 3333 2073 3383 supra
2106 3316 2309 3366 dictum
2343 3325 2444 3376 est,
2493 3332 2588 3367 re-

1517 3405 1717 3462 petens,
1739 3390 2016 3458 subjungit
2036 3406 2050 3440 t
2082 3389 2269 3441 Nolite
2283 3403 2419 3455 ergo
2434 3389 2592 3440 solli·

1515 3467 1611 3520 citi
1635 3480 1754 3518 esse
1799 3465 2028 3516 dicentes
2053 3481 2071 3515 .-
2107 3462 2250 3524 Quid
2280 3462 2591 3513 manduca-

1519 3541 1705 3602 bimuS,
1739 3543 1835 3588 aut
1864 3536 1994 3603 quid
2044 3535 2291 3597 bibemuS,
2329 3539 2428 3583 aut
2478 3547 2588 3599 quo

1517 3610 1816 3678 operiemur
1833 3606 1868 3659 5>
1895 3607 2203 3658 Secundum
2240 3605 2590 3672 Chry-rosto-

1517 3697 1673 3744 mm,
1717 3679 1862 3748 quod
1910 3677 2139 3729 dicitur:
2170 3675 2332 3728 nolite
2359 3674 2591 3727 solliciti

1515 3769 1649 3818 esse,
1681 3768 1792 3805 non
1826 3752 1969 3803 idem
1993 3759 2074 3803 est
2101 3751 2245 3818 quod
2271 3749 2438 3801 nolite
2461 3764 2592 3816 ope·

1516 3827 1659 3892 rari,
1721 3827 1813 3877 sed
1865 3824 2030 3875 nolite
2080 3824 2240 3874 rebus
2290 3821 2591 3872 mundanis

1519 3907 1699 3952 mente
1719 3888 1886 3964 affligi
1904 3894 2159 3962 :contigit
2177 3893 2324 3946 enim
2337 3892 2586 3960 aliquem
