2784 4452
1031 393 1127 445 ET
1157 393 1637 445 NUMERORUM.
2335 397 2442 462 457

509 614 744 665 CAPUT
771 614 1065 667 XXXVIII.
1092 644 1154 654 —
1181 616 1459 667 Sermonis
1490 616 1545 666 in
1574 620 1746 666 monte
1774 616 2099 667 continuatio
2127 635 2143 666 .-

645 706 731 757 De
758 721 859 757 non
890 705 1306 771 thesaurizando
1338 705 1391 755 in
1426 712 1596 768 terra,
1622 705 1721 755 sed
1745 705 1800 755 in
1827 705 1982 758 coelo.

240 891 257 924 1
315 874 812 924 Thesaurizandum
845 874 901 924 in
948 875 1110 925 terris
1435 875 1587 926 tudo.
2337 877 2438 944 367

264 962 374 996 non
403 962 521 996 esse
544 947 702 996 docet
723 945 1008 997 Dominus.
1161 945 1255 997 361
1383 961 1450 995 to
1475 946 1579 1005 Qui
1620 945 1897 996 moraliter
1936 962 2030 1012 per
2068 962 2193 998 aves
2237 957 2289 999 et

234 1032 267 1067 2
287 1018 411 1078 Quo
432 1033 591 1067 sensu
607 1033 697 1066 cor
715 1017 956 1068 hominis
978 1034 1114 1068 sem·
1438 1019 1549 1068 lilia
1577 1018 1915 1084 figurentur?
2336 1019 2437 1070 368

262 1104 356 1153 per
387 1088 530 1138 inest
565 1087 658 1137 ubi
699 1098 751 1138 et
787 1087 966 1155 ipsius
1000 1089 1119 1138 the·
1384 1104 1445 1138 11
1475 1088 1870 1139 Confidendum
1900 1100 1987 1140 est
2010 1091 2288 1155 providen-

259 1172 467 1209 sturus.
1163 1157 1263 1208 362
1437 1161 1524 1211 tiae
1554 1161 1667 1221 Dei,
1695 1176 1822 1227 quae
1860 1163 2285 1213 sollicitudinem

232 1228 259 1278 3
289 1229 412 1278 Non
467 1239 548 1280 est
597 1230 668 1280 de
698 1230 811 1280 Deo
857 1227 1114 1278 diffiden-
1439 1234 1705 1284 Gentibus
1734 1235 2005 1299 propriam
2033 1237 2268 1301 expellit.
2336 1235 2437 1286 368

255 1299 405 1349 dnm.
1160 1298 1260 1349 363
1382 1320 1446 1354 12
1483 1305 1768 1364 Quomodo
1808 1306 1951 1355 Deus
1997 1322 2090 1371 per
2130 1323 2284 1356 suam

225 1386 261 1434 4
289 1370 647 1435 Eleemosyna
686 1369 772 1419 via
799 1379 882 1420 est
922 1370 988 1419 ad
1012 1385 1110 1419 coe-
1436 1376 1829 1442 providentiam
1927 1393 1983 1427 se
2068 1380 2281 1429 Patrem

259 1442 393 1492 lum.
1156 1438 1255 1490 363
1432 1465 1449 1496 ‹
1483 1448 1711 1499 tendat?
2020 1454 2023 1461 ⁴
2336 1449 2436 1516 369

230 1512 256 1562 5
287 1514 365 1562 De
394 1513 536 1562 bona
559 1523 610 1562 et
633 1513 772 1562 mala
799 1512 1121 1564 intentione.
1155 1511 1259 1562 353
1377 1519 1436 1570 13
1479 1522 1697 1585 Propter
1739 1528 1944 1585 septem
1969 1536 2154 1571 causas
2186 1538 2281 1587 pe-

225 1585 257 1634 6
310 1587 535 1636 Duobus
565 1584 805 1635 dominis
845 1602 953 1636 non
1005 1601 1108 1636 ser·
1434 1594 1645 1642 nuriam
1672 1592 1965 1656 aliquando
1988 1595 2240 1660 patimur.
2333 1593 2436 1660 369

254 1656 511 1707 viendum
542 1668 641 1707 est.
1155 1655 1260 1721 364
1376 1679 1440 1728 14
1486 1664 1618 1723 Quae
1664 1662 1971 1713 sollicitudo
2022 1663 2283 1729 permissa

224 1743 255 1792 7
282 1728 597 1778 Sollicitudo
626 1743 806 1777 rerum
844 1736 1105 1793 tempo-ra-
1431 1744 1487 1785 et
1510 1748 1631 1800 quae
1656 1733 1964 1798 prohibita?
2333 1732 2435 1800 370

250 1800 387 1851 lium
412 1802 711 1853 damnatur.
1154 1799 1255 1851 365
1375 1803 1433 1854 15
1483 1804 1731 1869 Regnum
1777 1804 1904 1867 Dei,
1947 1803 2153 1854 scilicet
2222 1804 2283 1855 in

219 1872 252 1923 8
288 1874 358 1924 Et
390 1875 567 1940 primo
618 1873 925 1925 sollicitudo
973 1872 1106 1941 cibi,
1293 1904 1302 1913 -
1430 1875 1598 1941 gratia
1649 1885 1700 1925 et
1748 1875 1802 1924 in
1860 1875 2055 1941 gloria,
2105 1876 2283 1940 primo

250 1944 343 1994 ubi
368 1945 549 1995 avium
576 1946 902 1998 similitudO.
1153 1943 1256 1996 366
1410 1946 1783 2012 ·quaerendum
1815 1955 1917 1995 est.
2333 1944 2435 2009 370

221 2034 254 2083 9
300 2017 506 2068 Deinde
566 2019 872 2069 sollicitudo
932 2018 1103 2069 vesti·
1374 2015 1441 2066 16
1486 2017 1607 2075 Quo
1666 2031 1827 2066 sensu
1885 2016 2108 2067 crastini
2154 2031 2289 2067 cura.

252 2090 440 2149 menti,
487 2089 583 2140 ubi
629 2090 872 2141 liliorum
899 2091 1102 2141 simili·
1430 2088 1802 2154 prohibeatur.
2334 2087 2429 2153 371

754 2226 776 2253 β

250 2299 485 2353 CAPUT
515 2306 753 2355 XXXIX.
780 2333 839 2341 —
867 2304 1147 2355 Sermonis
1177 2304 1230 2354 in
1259 2311 1436 2355 monte
1480 2305 1811 2372 continuatio
1842 2323 1859 2355 .-
1886 2306 1971 2356 De
1997 2304 2373 2355 misericordia

510 2392 788 2457 facienda,
820 2393 886 2444 de
913 2409 1015 2444 non
1029 2393 1349 2460 judicando,
1381 2408 1449 2444 ac
1477 2394 1543 2444 de
1567 2394 1781 2461 fiducia
1810 2394 2093 2444 orationis,

226 2584 242 2618 1
283 2567 663 2620 Misericordiae
689 2569 1105 2620 commendatio,
1153 2567 1252 2635 373
1316 2570 1320 2575 ’
1432 2568 1613 2620 nibus.
2335 2571 2436 2637 378

217 2656 246 2690 2
275 2641 456 2691 Prima
471 2642 670 2707 species
689 2641 1098 2693 misericordiae:
1399 2655 1433 2706 9
1463 2640 1667 2690 Orandi
1697 2641 2003 2691 necessitas.
2333 2640 2437 2708 379

247 2716 384 2765 alios
406 2731 516 2765 non
538 2716 796 2780 judicare-
1149 2716 1256 2782 374
1374 2727 1437 2761 10
1468 2712 1745 2762 Orationis
1773 2712 2062 2762 exauditio.
2331 2711 2434 2779 379

219 2785 246 2835 3
296 2787 534 2836 Secunda
559 2788 764 2852 species
792 2788 1098 2839 misericor·
1374 2799 1391 2832 1
1411 2798 1431 2832 1
1464 2784 1704 2833 Potentia
1737 2793 1789 2833 et
1816 2784 1992 2833 virtus
2011 2782 2286 2833 orationis.
2329 2781 2427 2833 381

247 2857 350 2905 diae
377 2874 390 2906 ι
420 2857 547 2906 aliis
570 2859 858 2909 dimittere.
1150 2858 1252 2926 376
1372 2869 1434 2903 12
1466 2853 1778 2904 Similitudo
1820 2854 1977 2905 amici
2014 2855 2191 2904 dantis
2215 2870 2281 2905 ex

217 2943 258 2990 4
276 2928 493 2977 Tertia:
523 2928 890 2994 indigentibus
913 2932 1057 2980 dare.
1147 2929 1253 2995 376
1429 2924 1613 2974 taedio.
2328 2922 2425 2975 381

220 2997 247 3045 5
282 2997 598 3047 Similitudo
630 3000 755 3050 caeci
781 3015 920 3050 caeco
943 3001 1102 3050 duca-
1375 2992 1433 3044 13
1467 2994 1785 3044 Similitudo
1814 2994 1982 3060 patris
2006 2994 2190 3046 dantis
2218 3009 2284 3044 ex

244 3077 361 3116 tum
387 3069 708 3132 praestantis.
1150 3070 1254 3137 377
1429 3083 1629 3118 amore.
2330 3068 2429 3119 382

214 3134 247 3185 6
275 3137 586 3187 Similitudo
614 3138 830 3189 festucae
854 3148 908 3189 et
930 3139 1115 3190 trabss.
1151 3139 1260 3207 377
1373 3154 1438 3202 14
1467 3138 1610 3199 Quid
1640 3136 1947 3189 faciendum,
1976 3139 2049 3189 sit
2069 3139 2192 3190 aliis
2216 3154 2280 3189 ex

216 3223 246 3271 7
279 3207 502 3272 Regulae
532 3208 667 3258 circa
709 3209 1096 3259 correctionem
1333 3231 1337 3236 ·
1430 3219 1699 3275 praecepto
1719 3210 1856 3276 legis
1887 3210 2185 3260 natm-aiis?
2331 3207 2429 3259 382

245 3278 553 3332 fraternam.
1151 3283 1262 3350 378
1373 3282 1439 3332 15
1467 3283 1693 3332 Summa
1725 3283 1883 3348 Legis
1913 3292 1964 3331 et
1996 3281 2284 3346 Propheta·

215 3347 247 3396 8
276 3351 531 3400 Sanctum
548 3367 659 3401 non
678 3351 1004 3402 mittendum
1026 3368 1108 3403 ca—
1430 3371 1558 3406 rum.
1579 3354 1641 3405 in.
1670 3371 1781 3421 quo
1808 3353 2101 3404 consistat?
2331 3352 2430 3403 383

368 3544 603 3596 CAPUT
641 3548 753 3598 XL.
793 3578 852 3587 —-
885 3551 971 3600 De
1013 3557 1168 3600 arcta
1203 3551 1310 3615 via,
1352 3557 1473 3614 etc„
1511 3558 1561 3602 et
1596 3550 1933 3603 conclusione
1982 3550 2244 3601 Sermonis

1039 3638 1264 3689 Domini
1296 3640 1351 3689 in
1395 3648 1593 3692 monte.

224 3817 242 3851 1
286 3803 440 3853 Porta
468 3813 519 3853 et
541 3803 625 3853 via
647 3805 712 3854 ad
737 3805 899 3855 vitam
922 3824 1100 3873 angu-
1378 3800 1427 3859 '2
1460 3812 1632 3859 Arctae
1655 3817 1835 3858 tamen
1875 3808 1975 3859 viae
2014 3818 2066 3859 et
2096 3824 2284 3874 praecc·

249 3883 344 3923 stae
382 3884 549 3936 vsunt;
603 3877 668 3925 ad
733 3877 1094 3941 perditionem
1425 3890 1642 3945 ptorum
1671 3877 1889 3928 Domini
1918 3879 2165 3929 facilitas.
2329 3877 2429 3943 387

245 3960 371 3995 vero
401 3946 670 4012 spatiosae.
1148 3948 1247 3999 385
1397 3950 1424 3999 3
1456 3951 1503 3998 Α
1530 3949 1678 4000 falsis
1708 3949 1983 4015 prophetis
2009 3951 2277 4001 attendere
