2784 4452
352 267 459 333 416

352 384 506 436 redit.
539 383 660 432 Non
703 382 880 433 solum
919 381 1035 447 ipsa
1064 381 1221 441 redit,
1253 382 1346 431 sed
1369 390 1423 431 et

355 465 501 506 tanto
534 454 730 504 robore
772 452 1081 513 comitante,
1112 462 1173 502 ut
1193 452 1272 502 eis
1297 467 1424 501 con-

355 524 509 575 tinuo
549 523 643 589 qui
684 538 741 573 se
767 523 1075 587 adjuvarunt
1120 521 1424 571 ministrare

361 593 606 645 sufficiat.
690 594 756 644 Et
808 594 956 657 juxta
991 593 1134 657 leges
1178 592 1425 656 tropolo-

357 667 476 734 giae,
522 667 766 716 membra
817 681 938 732 quae
976 665 1265 716 servierant
1311 664 1423 714 im-

359 738 640 788 munditiae
688 738 753 788 ad
796 735 1155 802 iniquitatem,
1192 745 1253 786 ut
1302 735 1424 786 fru-

358 810 648 862 ctificarent
694 811 892 870 morti,
929 809 1162 861 serviant
1209 809 1425 875 justitiae

360 885 414 934 in
437 884 604 935 vitam
631 893 904 934 aeternam.
929 902 957 930 n
981 882 1135 934 Unde
1161 893 1213 933 et
1242 881 1427 946 Crril·

360 956 446 1007 lus
468 974 486 1006 .·
511 974 538 1002 «
569 956 639 1005 Et
683 970 782 1004 nos
819 954 1179 1020 suscipiamus
1219 954 1423 1012 Jesum,

360 1044 484 1080 cum
523 1028 670 1078 enim
703 1027 996 1078 visitaverit
1031 1042 1150 1091 nos,
1190 1037 1244 1077 et
1269 1036 1426 1091 pota-

361 1099 602 1151 verimus
653 1114 777 1149 eum
820 1097 875 1147 in
921 1108 1101 1148 mente
1151 1108 1203 1148 et
1249 1096 1425 1155 corde,

359 1183 489 1223 tunc
516 1172 822 1223 enormium
859 1173 1192 1238 voluptatum
1234 1179 1427 1221 aestum

361 1245 690 1310 exstinguet,
721 1254 774 1295 et
821 1245 1117 1295 incolumes
1161 1243 1318 1292 faciet
1369 1250 1431 1290 ut

362 1314 731 1365 ministremus
774 1315 843 1375 ei,
869 1316 972 1366 hoc
1009 1322 1091 1365 est
1117 1314 1231 1379 ejus
1263 1313 1429 1362 bene-

363 1384 553 1450 placita
575 1399 907 1451 peragamus.
939 1405 963 1430 υ

427 1471 457 1519 7
493 1454 676 1504 Husus
729 1470 1036 1507 saun-roms
1066 1470 1134 1504 m
1163 1470 1431 1506 mmm-RA-

363 1542 539 1576 rioms
573 1542 626 1575 m
647 1542 807 1577 seusu
835 1542 1037 1577 nonam
1064 1541 1430 1577 SIGMFICATIO.

362 1624 426 1634 —
449 1597 721 1648 Moraliter
766 1608 945 1648 autem
995 1614 1089 1663 per
1129 1598 1231 1647 hoc
1274 1597 1433 1646 datur

365 1669 592 1733 intelligi
648 1670 793 1735 quod
842 1680 968 1720 ante
1022 1669 1352 1720 curationem
1400 1682 1432 1717 a

364 1749 594 1805 peccam,
639 1755 749 1788 non
788 1749 868 1789 est
902 1750 1114 1806 gratum
1150 1739 1431 1790 servitium

365 1809 672 1874 impensum
694 1809 830 1873 Deo;
863 1811 955 1860 sed
979 1810 1242 1876 poenitens
1267 1825 1430 1875 quam

364 1880 471 1931 cito
518 1890 732 1941 curatus
791 1892 871 1931 est
922 1896 953 1930 a
997 1881 1144 1931 febre
1196 1879 1392 1946 peccati
1415 1917 1429 1942 ,

366 1960 473 2000 tam
516 1950 620 2000 cito
643 1951 800 2002 debet
839 1966 897 2001 se
926 1966 1200 2017 occupare,
1232 1961 1283 2001 et
1306 1961 1434 2001 tota-

363 2021 489 2072 liter
510 2021 804 2088 mancipari
833 2021 1050 2073 servitio
1086 2021 1205 2081 Dei,
1248 2037 1433 2071 secun-

365 2095 497 2144 dum
545 2094 679 2145 illud
735 2095 979 2161 Apostoli
1027 2113 1041 2146 z
1093 2095 1249 2146 Sicut
1283 2094 1434 2145 exhi-

366 2165 556 2216 buistis
649 2166 881 2216 membra
971 2171 1149 2216 vestra
1230 2166 1434 2215 servire

367 2233 732 2301 immunditiae,
772 2244 823 2287 et
851 2237 1121 2303 iniquitati
1140 2238 1214 2287 ad
1233 2237 1431 2303 iniqui-

366 2315 525 2359 tatem
538 2327 559 2373 ,-
604 2310 681 2359 ita
733 2324 870 2360 nunc
916 2310 1160 2361 exhibete
1198 2310 1431 2359 membra

365 2386 546 2430 vestra
589 2380 793 2430 servire
824 2380 1062 2448 justitiae
1096 2379 1149 2430 in
1185 2379 1431 2438 sanctifi-

364 2453 645 2503 cationem.
699 2452 754 2501 Si
798 2467 923 2519 ergo
957 2451 1138 2502 anima
1162 2461 1252 2502 tua
1285 2450 1432 2501 febre

365 2525 623 2575 vitiorum
652 2532 733 2573 est
769 2534 933 2590 capta,
972 2526 1191 2575 Sanctos
1234 2525 1291 2575 in
1332 2524 1432 2574 ad-

365 2596 623 2662 jutorium
684 2605 839 2646 tuum
883 2596 1084 2656 invoca,
1132 2606 1191 2647 ut
1245 2611 1432 2647 eorum

366 2676 555 2732 rogatu
610 2665 779 2732 gratia
839 2666 936 2716 Dei
969 2676 1117 2717 curet
1171 2677 1240 2727 te,
1287 2666 1433 2732 quod

367 2738 543 2805 possis
570 2738 618 2788 ei
643 2746 695 2788 et
719 2738 925 2788 Sanctis
948 2739 1061 2788 suis
1092 2748 1293 2805 gratam
1316 2753 1434 2788 ser-

367 2811 592 2862 vitutem
652 2811 923 2862 exhibere.
993 2812 1053 2862 In
1117 2812 1218 2861 hoc
1271 2811 1434 2861 etiam

370 2885 516 2951 quod
558 2883 807 2949 discipuli
839 2894 1154 2950 rogaverunt
1182 2900 1279 2949 pro
1324 2884 1433 2947 illa,

370 2959 528 3007 datur
584 2957 741 3006 nobis
773 2958 1081 3023 exemplum
1113 2956 1299 3008 orandi
1338 2972 1436 3023 pro

370 3029 602 3081 infirmis
638 3040 691 3080 et
742 3030 1053 3081 necessitate
1101 3030 1289 3081 aliena.
1337 3032 1438 3081 Se-

370 3104 611 3154 cundum
669 3103 909 3166 Bedam,
967 3104 1192 3170 mystice
1244 3106 1438 3155 domus

373 3176 514 3226 Petri
562 3185 641 3225 est
671 3174 906 3224 Ecclesia
934 3174 998 3224 de
1031 3175 1441 3226 circumcisione

371 3246 487 3311 ejus
524 3242 858 3311 Apostolatui
900 3245 1213 3307 commissa3
1257 3260 1440 3295 socrus

372 3325 455 3367 est
501 3331 767 3382 synagoga
792 3352 806 3374 ,
865 3329 986 3380 quae
1042 3315 1440 3380 quodammodo

374 3396 541 3437 mater
569 3396 649 3436 est
686 3385 939 3436 Ecclesiae
979 3385 1134 3436 Petro
1180 3386 1441 3436 commis·-

373 3472 447 3508 sae
467 3457 523 3507 in
545 3472 671 3507 cura
700 3469 751 3507 et
781 3454 1039 3506 custodia.
1062 3456 1184 3505 Haec
1210 3471 1442 3522 synago-

373 3543 439 3594 ga
483 3527 760 3587 febricitat,
804 3526 932 3592 quia
981 3524 1196 3576 invidiae
1225 3526 1442 3576 aestibus

374 3600 595 3658 laborat,
636 3613 959 3664 persequens
989 3596 1310 3661 Ecclesiam;
1342 3613 1441 3647 cu-

372 3679 458 3745 jus
488 3685 709 3719 manum
736 3667 1003 3719 Dominus
1047 3668 1235 3734 tangit,
1262 3683 1441 3734 quan-

373 3743 445 3792 do
489 3741 716 3791 carnalia
756 3739 871 3804 ejus
902 3753 1063 3803 opera
1091 3738 1148 3789 in
1188 3738 1441 3805 spiritua-

373 3815 481 3864 lem
517 3813 843 3864 intellectum
884 3820 936 3860 et
973 3825 1134 3860 usum
1161 3809 1438 3871 convertit,

373 3895 427 3936 et
468 3884 547 3936 sic
599 3894 768 3937 erecta
808 3880 1072 3932 ministrat
1122 3881 1180 3934 in
1226 3882 1437 3951 spiritu.

969 264 1206 315 PRIMAE
1242 263 1489 314 PARTIS
1520 264 1753 315 CAPUT
1783 265 1965 317 XLIII.

1527 381 1797 432 Moraliter
1832 390 2012 433 autem
2040 398 2225 434 socrus
2255 384 2396 435 Petri
2426 385 2608 437 febri-

1527 451 1697 502 citans
1726 462 1805 502 est
1840 468 1959 502 caro
2011 454 2423 520 concupiscens;
2475 472 2610 507 cum

1526 525 1675 575 enim
1721 525 1888 575 homo
1930 525 2103 577 calore
2147 529 2611 593 concupiscentiae

1525 595 1746 659 laborat,
1774 596 1928 661 quasi
1949 594 2187 647 febribus
2215 608 2425 664 aestuat,
2452 601 2615 666 quod

1528 677 1702 732 potest
1754 683 1870 718 esse
1906 668 2216 734 tripliciter,
2268 671 2418 735 juxta
2467 671 2616 722 illud

1527 741 1751 791 Joannis
1774 757 1790 791 ε
1823 741 1987 792 Omne
2014 743 2157 808 quod
2176 745 2329 794 estin
2358 746 2568 796 mundo
2593 764 2613 797 .-

1528 821 1619 861 aut
1658 821 1740 862 est
1784 812 2207 877 concupiscentia
2253 815 2460 876 carnis,
2506 825 2609 866 aut

1529 883 1952 948 concupiscentia
2002 885 2307 948 oculorum,
2361 895 2458 936 aut
2511 901 2618 936 su-

1522 954 1713 1019 perbia
1741 955 1896 1017 vitoe‚·
1925 955 2092 1005 etsie
2133 955 2398 1021 triplicem
2428 956 2618 1007 habe-

1531 1040 1654 1074 mus
1679 1024 1901 1076 febrem.
1928 1026 2186 1086 Quaedam
2231 1027 2379 1077 enim
2414 1038 2502 1077 est
2547 1043 2617 1078 ex

1530 1096 1869 1161 corruptione
1919 1096 1974 1147 in
2022 1096 2328 1162 spiritibus;
2372 1098 2481 1148 alia
2548 1114 2617 1148 ex

1532 1167 1876 1233 corruptione
1929 1167 1986 1216 in
2041 1167 2398 1231 humoribus;
2442 1170 2615 1220 tertia

1533 1256 1597 1290 ex
1647 1241 1985 1307 corruptione
2033 1241 2090 1291 in
2138 1242 2420 1302 membris,
2462 1250 2521 1292 et
2551 1243 2613 1292 in

1534 1312 1791 1364 omnibus
1819 1321 1901 1363 est
1930 1314 2075 1363 calor
2120 1312 2459 1363 inordinatus
2505 1329 2614 1363 su·-

1535 1384 1878 1450 pergrediens
1940 1394 2145 1435 naturae
2212 1400 2420 1435 cursus.
2480 1385 2616 1435 Pri-

1534 1471 1680 1506 mam
1708 1456 1833 1507 facit
1870 1457 2149 1522 superbia;
2173 1459 2485 1517 secundam,
2515 1457 2615 1507 lu-

1536 1527 1717 1591 xuria3
1768 1528 1997 1591 tertiam,
2055 1529 2292 1579 avaritia.
2325 1530 2408 1578 Ad
2462 1529 2611 1579 hanc

1535 1598 1756 1649 veniens
1781 1600 1936 1650 Jesus
1972 1600 2115 1650 videt
2143 1615 2238 1666 per
2268 1601 2497 1666 gratiam
2536 1601 2611 1651 il-

1536 1671 1927 1731 luminantem,
1970 1672 2195 1738 imperat
2236 1688 2331 1738 per
2377 1673 2610 1739 gratiam

1536 1742 1909 1807 justificantem
1937 1782 1950 1803 ,
2013 1743 2184 1809 tangit
2237 1759 2463 1794 manum
2515 1759 2612 1810 per

1537 1813 1762 1878 gratiam
1791 1815 2155 1879 adjuvantem3
2185 1824 2238 1864 et
2267 1814 2345 1864 sic
2376 1815 2611 1865 dimittit

1539 1882 1700 1934 febris
1725 1883 1782 1933 in
1808 1884 2146 1946 contritione,
2177 1884 2349 1950 surgit
2380 1900 2512 1935 sana
2549 1885 2607 1934 in

1536 1946 1905 2013 confessicine,
1950 1955 2220 2005 ministrat
2270 1955 2328 2004 in
2384 1953 2607 2004 satisfa-

1535 2025 1729 2074 ctione.
1817 2025 2086 2075 Moraliter
2156 2033 2334 2075 autem
2407 2025 2609 2087 dicitur

1535 2100 1688 2145 Stans
1752 2109 1914 2160 super
1966 2096 2154 2160 illam,
2207 2096 2336 2161 quia
2387 2097 2604 2145 nullum

1536 2165 1884 2232 spiritualiter
1936 2177 2121 2226 sanat,
2176 2166 2279 2216 nisi
2323 2182 2451 2216 eum
2509 2165 2603 2233 qui

1536 2239 1638 2288 sub
1666 2253 1728 2288 eo
1765 2246 1864 2297 est,
1905 2238 2110 2290 scilicet
2137 2254 2230 2304 per
2259 2239 2515 2289 timorem
2546 2253 2602 2289 se

1535 2309 1819 2360 salubriter
1852 2310 2248 2362 humiliantem.
2305 2311 2411 2361 Ubi
2463 2311 2607 2360 idem

1536 2380 1688 2431 Beda
1706 2398 1723 2431 .·
1744 2399 1771 2426 «
1792 2380 1845 2429 Si
1866 2380 2045 2431 virum
2066 2397 2096 2431 a
2124 2381 2392 2431 daernonio
2418 2381 2606 2436 libera·

1536 2461 1689 2512 tum,
1751 2451 2022 2502 moraliter
2085 2451 2329 2501 animum
2377 2451 2446 2500 ab
2496 2451 2605 2501 im-

1536 2523 1739 2573 munda
1787 2521 2105 2588 cogitatione
2165 2532 2452 2589 purgatum
2519 2522 2607 2571 di-

1537 2595 1810 2657 xerimus3
1914 2605 2302 2660 consequenter
2404 2594 2608 2644 femina

1535 2668 1776 2719 febribus
1811 2676 2010 2717 tentata
2032 2705 2046 2729 ,
2087 2668 2179 2717 sed
2213 2666 2279 2716 ad
2314 2666 2608 2731 imperium

1537 2738 1756 2789 Domini
1801 2748 1998 2798 curata,
2041 2753 2254 2788 carnem
2287 2736 2524 2787 ostendit
2577 2751 2608 2786 a

1537 2809 1981 2875 concupiscentiae
2000 2824 2111 2859 suae
2140 2808 2346 2859 fervore
2371 2822 2466 2873 per
2486 2823 2607 2857 con-

1537 2884 1778 2934 tinentiae
1831 2894 2088 2949 praecepta
2139 2881 2399 2934 frenatam
2447 2898 2461 2931 :
2498 2897 2607 2930 om-

1539 2957 1624 3007 nis
1647 2955 1793 3005 enim
1820 2954 2140 3013 amaritudo,
2167 2964 2219 3004 et
2252 2954 2347 3015 ira,
2370 2962 2422 3003 et
2454 2953 2603 3002 indi-

1540 3026 1753 3093 gnati0,
1801 3035 1853 3075 et
1900 3025 2099 3075 clamor
2146 3034 2198 3074 et
2240 3023 2603 3089 blasphemia,

1542 3099 1765 3164 spiritus
1801 3097 1951 3148 furor
1995 3107 2076 3148 est
2111 3096 2412 3158 immundi;
2446 3095 2605 3145 forni-

1543 3170 1806 3220 cationem
1839 3184 1982 3228 vero,
2025 3166 2448 3225 immunditiam,
2475 3165 2604 3215 libi-

1542 3241 1753 3304 dinem,
1782 3238 2265 3305 concupiscentiam
2292 3238 2489 3287 malam
2507 3275 2521 3299 ‚
2555 3247 2607 3287 et

1544 3311 1819 3362 avaritiam
1834 3348 1847 3373 ,
1901 3326 2023 3376 quae
2043 3314 2053 3326 '
2070 3320 2150 3361 est
2196 3309 2605 3359 simulacrorum

1544 3385 1796 3446 servitus,
1826 3384 2032 3436 febrem
2066 3385 2396 3445 ‚illecebrosae
2433 3382 2605 3450 carnis

1545 3456 1782 3522 intellige
1812 3473 1825 3505 z
1861 3475 1887 3503 η
1910 3456 2022 3506 haec
2050 3455 2219 3505 Beda.
2254 3455 2432 3504 Potest
2459 3451 2604 3502 enim

1504 3587 1510 3595 ι
1545 3543 1640 3593 per
1663 3542 1875 3577 socrum
1909 3526 2069 3587 Petri,
2098 3541 2220 3592 quae
2253 3524 2447 3574 mulier
2477 3531 2603 3583 erat,

1546 3596 1891 3659 sensualitas,
1956 3611 2076 3662 quae
2138 3595 2205 3645 ab
2263 3592 2600 3658 Augustino,

1545 3668 1740 3718 mulier
1800 3676 2054 3730 vocatur,
2123 3663 2437 3732 significari3
2514 3677 2604 3727 per

1546 3738 1826 3790 Christum
1854 3748 2051 3798 autem,
2086 3737 2180 3803 qui
2211 3745 2292 3787 est
2321 3733 2496 3799 imago
2515 3733 2603 3782 Pa-

1544 3812 1660 3872 tris,
1712 3811 1866 3872 rati0,
1916 3811 2207 3861 secundum
2237 3822 2400 3873 quam
2441 3805 2602 3854 homo

1546 3881 1716 3934 factus
1753 3892 1834 3933 est
1864 3882 1930 3933 ad
1962 3881 2255 3947 imaginem
2286 3875 2403 3929 Dei.
2442 3875 2602 3942 Igitur
