2784 4452
456 309 529 375 78
1064 338 1069 343 .
1119 304 1363 355 PmMAE
1394 302 1643 354 PAR'r1s
1674 298 1909 353 CAPUT
1941 302 2027 353 rx.
2058 324 2062 329 -

456 436 709 486 mortue,
763 423 1019 476 successit
1094 422 1143 473 ei
1207 420 1529 473 Octavianus

457 500 763 564 AugustuS,
813 510 978 561 nepos
1021 493 1183 553 Julii,
1241 491 1530 558 imperator

453 570 753 628 secunduS,
789 566 886 633 qui
923 566 1054 615 ideo
1086 563 1384 630 appellatur
1413 563 1529 614 Au—

455 651 669 709 gustus,
697 640 827 706 quia
852 637 1090 688 maxime
1116 634 1527 701 rempublicam,

457 724 511 765 et
529 715 833 764 Romanum
857 710 1007 761 auxit
1027 708 1350 776 imperium·
1335 744 1351 770 ,
1383 707 1529 757 unde

456 794 512 836 et
556 784 624 835 ab
673 799 740 833 eo
792 782 1140 848 imperatores
1189 779 1349 830 ceteri
1396 776 1527 827 dicti

457 868 586 909 sunt
642 856 890 923 Augusti.
938 854 1041 905 Hic
1077 862 1287 904 retento
1330 866 1529 918 cogno-

459 931 611 982 mine
628 928 1046 995 praedecessoris‚
1067 926 1275 978 scilicet
1304 926 1527 987 Caesare,

459 1019 567 1054 una
606 1018 733 1051 cum
766 1000 1094 1067 cognomine
1132 1014 1267 1063 su0,
1315 996 1529 1047 scilicet

461 1076 725 1140 AugustO,
755 1082 975 1123 vocatus
1019 1080 1099 1123 est
1126 1072 1301 1122 Caesar
1336 1070 1529 1134 Augu-

383 1182 387 1185 >
462 1155 609 1208 stus3
636 1160 668 1195 a
702 1159 813 1210 quo
844 1142 1073 1203 mensis,
1089 1142 1186 1209 qui
1210 1141 1361 1208 prius
1378 1154 1531 1190 voca-

462 1218 622 1268 batur
648 1216 874 1280 sextilis,
908 1216 1083 1265 dictus
1110 1223 1192 1265 est
1218 1215 1526 1279 Augustus;

462 1290 550 1341 vel
587 1290 718 1356 quia
757 1288 815 1339 in
843 1304 906 1339 eo
944 1298 1103 1338 natus
1129 1297 1237 1352 est,
1279 1287 1367 1337 vel
1404 1284 1536 1352 quia

461 1376 589 1415 tunc
628 1366 696 1415 de
734 1364 956 1415 victoria
990 1363 1167 1415 rediit.
1203 1364 1252 1413 A
1289 1372 1534 1428 tempore

460 1440 643 1500 istius,
669 1438 848 1505 primo
885 1446 1119 1504 potestas
1157 1436 1319 1503 coepit
1356 1436 1533 1500 impe-

461 1510 563 1574 rii,
592 1525 714 1577 quae
741 1510 926 1560 Groece
959 1507 1154 1558 dicitur
1191 1505 1533 1569 monarchia,

462 1595 515 1635 et
552 1582 794 1650 regnavit
818 1582 974 1633 annis
1002 1580 1399 1648 quinquaginta
1446 1592 1535 1629 se·

457 1665 608 1722 ptem
633 1664 687 1705 et
712 1652 893 1703 semis.
923 1652 1028 1703 Hic
1047 1650 1335 1702 duodecim
1353 1649 1532 1713 annis»,

461 1726 604 1776 circa
629 1735 851 1790 tempus
874 1722 1169 1774 nativitatis
1194 1720 1427 1781 Christi,
1473 1720 1533 1771 in

462 1811 591 1863 pace
633 1794 888 1878 regnavit.
910 1794 976 1843 Et
997 1792 1090 1843 tali
1107 1802 1348 1858 tempore
1382 1790 1536 1842 Chri-

462 1878 596 1929 stus,
621 1867 708 1917 cui
734 1882 837 1932 pax
856 1865 956 1916 ista
982 1864 1358 1927 famulabatur,
1389 1861 1533 1912 nasci

388 1963 391 1967 >
462 1938 660 2002 voluit,
686 1937 815 2004 quia
832 1952 1016 2019 pacem
1041 1948 1366 2000 magnopere
1383 1948 1535 2000 quae-

460 2009 614 2074 sivit,
657 2018 710 2058 et
736 2008 884 2089 pacis
912 2005 1296 2072 charitatisque
1322 2013 1534 2054 amato-

463 2096 578 2141 res,
611 2089 663 2129 et
690 2078 851 2129 etiam
882 2087 1168 2128 sectatores
1210 2088 1423 2141 semper
1448 2073 1536 2123 in-

464 2150 636 2201 visere
706 2149 956 2215 dignatus
1016 2155 1114 2198 est.
1173 2145 1314 2206 Quia
1385 2143 1533 2195 enim

468 2225 773 2276 nasciturus
820 2232 930 2273 erat
983 2222 1096 2272 Rex
1140 2218 1394 2287 pacificus
1420 2257 1437 2284 ,
1484 2229 1536 2269 et

469 2295 717 2361 Princeps
759 2293 935 2360 paciS,
981 2307 1284 2358 congruum
1313 2290 1419 2340 fuit
1430 2327 1446 2354 ,
1475 2298 1535 2339 ut

465 2366 579 2432 ipse
636 2376 755 2416 ante
811 2373 991 2414 ortum
1050 2377 1211 2414 suum
1233 2400 1249 2425 ,
1306 2375 1494 2444 pacem
1516 2399 1531 2425 ,

457 2437 618 2504 *quasi
687 2436 1062 2502 praenuntiam,
1141 2433 1531 2500 praemitteret:

466 2525 630 2576 quam
666 2508 827 2558 etiam
858 2523 1060 2573 pacem,
1097 2507 1216 2572 ipse
1241 2516 1426 2572 postea
1450 2505 1535 2556 vi-

465 2596 627 2644 venS,
673 2579 728 2630 in
766 2579 972 2628 mundo
1014 2576 1224 2640 docuit,
1263 2586 1314 2626 et
1355 2575 1537 2627 exiens

406 2646 415 2653 ’
465 2652 533 2702 de
582 2651 787 2700 mundo
830 2649 1114 2714 discipulis
1159 2647 1402 2713 reliquit.
1451 2648 1535 2698 Ex

459 2741 575 2792 *quo
608 2724 767 2775 etiam
798 2723 1071 2774 moraliter
1107 2722 1261 2771 datur
1289 2721 1534 2787 intelligi,

465 2797 613 2863 quod
649 2795 890 2846 Verbum
924 2803 1184 2844 aeternum
1213 2809 1322 2843 non
1355 2792 1537 2842 nasci-

466 2879 592 2933 tur,
646 2868 751 2918 nisi
799 2867 856 2918 in
900 2866 1059 2917 corde
1111 2874 1326 2932 pacat03
1394 2865 1537 2915 unde

469 2908 760 2990 Psal'mus:
791 2939 998 2990 Factus
1025 2942 1108 2988 est
1141 2937 1196 2988 in
1215 2951 1357 3003 pace
1385 2936 1536 2988 locus

521 3024 601 3059 τις.

467 3009 523 3076 ej
533 3095 562 3129 2
603 3080 861 3130 Ummst
916 3093 1067 3130 omns
1117 3093 1444 3129 nnscnmm.
1473 3106 1537 3116 —-

467 3149 678 3201 Pacatis
728 3164 855 3216 ergo
918 3148 1173 3200 omnibus
1222 3149 1535 3216 regionibus

467 3237 564 3290 per
601 3221 788 3271 orbem
821 3221 1164 3285 universum,
1203 3236 1332 3271 cum
1374 3221 1535 3289 quie-

467 3301 587 3343 tum
641 3291 922 3343 silentium
972 3292 1296 3343 universalis
1350 3291 1497 3358 pacis
1519 3329 1540 3357 ,

467 3362 573 3415 sub
622 3361 848 3414 Caesaris
888 3361 1122 3430 Augusti
1155 3362 1386 3429 imperio
1412 3378 1538 3430 per-

466 3439 678 3490 turbata
714 3437 867 3504 prius
893 3438 1071 3488 secula
1096 3445 1380 3501 servasset,
1415 3452 1536 3488 me-

467 3521 707 3562 moratus
771 3511 1048 3576 Augustus
1069 3548 1084 3575 ,
1142 3507 1538 3575 rempublicam

463 3581 678 3648 legibus
712 3579 946 3648 pacificis
983 3582 1292 3648 adaequare,
1331 3588 1385 3630 et
1425 3596 1535 3632 nu-

465 3652 596 3704 trire
642 3651 984 3718 desidemm,
1026 3651 1252 3719 protulit
1295 3650 1533 3703 edictum

464 3728 531 3774 ut¹
577 3722 756 3773 deseri
759 3722 970 3774 beretur
1036 3722 1319 3775 universus
1366 3723 1531 3775 orbis,

461 3797 667 3848 Volens
695 3796 839 3847 enim
873 3796 1010 3848 scire
1040 3812 1331 3848 numerum
1354 3797 1534 3864 regio-

462 3882 598 3918 num
626 3867 685 3919 in
715 3868 870 3934 orbe,
901 3884 1022 3936 quae
1062 3867 1254 3919 ditioni
1281 3868 1535 3919 suberant

466 3938 739 4007 Romanae,
760 3955 1047 3993 numerum
1065 3938 1227 3993 etiam
1256 3938 1533 3992 civitatum

1636 419 1692 469 in
1721 418 1963 487 qualibet
1990 419 2232 485 regione,
2250 434 2539 469 numerum
2570 435 2716 486 quo-

1626 507 1742 558 ·que
1780 491 2047 556 capitum,
2097 491 2300 542 scilicet
2350 507 2703 558 personarum

1634 562 1691 612 in
1728 562 1968 628 qualibet
2007 561 2246 622 civitate,
2289 573 2349 613 ut
2389 563 2555 614 sciret
2586 579 2715 630 quae

1634 644 1688 684 et
1750 642 1952 699 quanta
2017 634 2275 684 deberent
2330 635 2445 698 jure
2505 634 2710 685 tributa

1633 706 1785 768 dare,
1830 714 1885 754 et
1924 703 2002 754 sic
2043 704 2264 754 tributis
2305 704 2562 755 indebitis
2597 720 2712 755 non

1633 784 2005 842 gravarentur,
2041 784 2097 825 et
2133 774 2364 825 sciretur
2403 791 2500 841 per
2539 791 2715 842 quem

1632 846 1858 895 modum
1880 846 2109 912 singulae
2126 854 2301 906 terrae,
2331 847 2438 896 sub
2458 848 2712 896 Romano

1632 914 1862 985 imperio
1908 919 2107 971 melius
2146 928 2475 984 regerentur,
2518 934 2716 983 praece-

1632 1000 1779 1056 perat
1818 999 1879 1040 ut
1905 991 1973 1041 de
2002 990 2330 1041 suburbanis
2366 991 2581 1057 oppidis
2600 1030 2614 1052 ,
2651 1008 2715 1043 ac

1632 1062 1765 1113 vicis
1784 1071 1835 1112 et
1853 1060 2022 1128 pagis,
2044 1061 2373 1127 ubicumque
2392 1061 2716 1125 habitarent,

1633 1137 1701 1187 ad
1724 1151 1878 1186 suam
1906 1135 2159 1185 homines
2184 1134 2453 1185 civitatem
2468 1135 2717 1187 conflue-

1636 1216 1771 1268 rent,
1810 1205 1906 1256 ubi
1937 1205 2269 1256 territorium
2299 1206 2600 1270 habebant,
2627 1209 2717 1258 vel

1635 1281 1902 1347 originem
1929 1288 2196 1330 traxerant
2206 1294 2222 1343 ;
2256 1289 2308 1329 et
2348 1279 2582 1346 quisque
2609 1281 2717 1331 de-

1638 1351 1882 1415 narium,
1926 1349 2131 1401 scilicet
2177 1366 2468 1400 nummum
2513 1366 2714 1418 argen-

1637 1432 1814 1483 teum,
1882 1421 2045 1488 pretii
2109 1422 2296 1472 decem
2354 1437 2715 1473 nummorum

1638 1493 1911 1544 usualium
1926 1530 1941 1556 ,
1966 1492 2116 1545 unde
2135 1503 2189 1544 et
2215 1492 2465 1543 denarius
2491 1492 2715 1543 diceba-

1638 1576 1755 1631 tur,
1796 1565 2010 1633 praesidi
2048 1564 2339 1631 provinciae
2375 1566 2591 1616 tradens
2605 1604 2626 1627 ,,
2656 1581 2717 1617 se

1639 1638 1917 1689 subditum
1960 1639 2208 1689 Romano
2249 1638 2479 1703 imperio
2520 1653 2726 1705 recog-.

1639 1720 1910 1771 nosceret,
1946 1720 2002 1761 et
2029 1710 2097 1760 ad
2142 1710 2462 1760 solvendum
2507 1709 2719 1762 tributa

1640 1800 1699 1835 se
1724 1784 2003 1851 obligaret.
2032 1786 2170 1835 Nam
2201 1795 2255 1835 et
2281 1800 2541 1835 nummus
2567 1800 2719 1851 pm-

1640 1855 1841 1906 ferebat
1874 1856 2102 1907 Caesaris
2129 1857 2421 1923 imaginem
2452 1866 2502 1906 et
2532 1857 2723 1907 nomi-

1639 1932 1724 1982 nis
1766 1932 1879 1999 ejus
1910 1932 2385 1999 subscriptionem.
2423 1932 2722 1983 Dicebatur

1639 2015 1818 2056 autem
1883 2005 2165 2072 professio
2192 2044 2210 2069 ,
2279 2005 2408 2072 quia
2477 2005 2722 2071 quilibet

1637 2077 1853 2143 quando
1882 2076 2134 2127 reddebat
2161 2076 2374 2142 praesidi
2405 2076 2719 2142 denarium,

1640 2149 1873 2214 ponebat
1917 2148 2073 2199 illum
2120 2163 2283 2215 super
2320 2157 2477 2213 caput
2515 2163 2718 2214 suum,

1640 2232 1693 2272 et
1713 2221 1932 2289 proprio
1964 2238 2058 2273 ore
2087 2222 2352 2274 fatebatur
2379 2238 2438 2272 se
2466 2222 2721 2273 Romano

1640 2293 1870 2359 imperio
1906 2309 2025 2344 esse
2063 2293 2383 2359 subjectum.
2420 2292 2722 2344 Dicebatur
2781 2298 2784 2301 ’

1641 2364 1801 2414 etiam
1862 2364 2156 2430 descriptio
2177 2403 2195 2428 ,
2256 2365 2386 2430 quia
2449 2378 2724 2414 numerus

1640 2453 1859 2499 eorum,
1917 2438 2012 2504 qui
2060 2438 2205 2489 censi
2256 2438 2456 2504 capite,
2518 2437 2573 2487 id
2636 2448 2725 2489 est

1638 2509 1785 2560 censi
1813 2510 1898 2560 vel
1927 2510 2172 2561 recensiti
2201 2526 2296 2577 per
2328 2509 2539 2575 singula
2563 2509 2724 2576 capi-

1638 2593 1690 2633 ta
1716 2620 1732 2643 ,
1766 2591 1825 2633 et
1864 2582 2127 2634 numerati
2168 2582 2474 2632 ferebantur
2496 2620 2510 2646 ,
2560 2593 2720 2635 recto

1639 2654 2130 2705 determinabantur
2191 2670 2416 2704 numero
2440 2692 2457 2719 ,
2532 2663 2586 2704 et
2656 2655 2722 2707 in

1640 2725 1852 2792 scriptis
1905 2726 2303 2793 redigebantur.
2358 2729 2424 2778 Et
2469 2726 2548 2777 sic
2607 2729 2726 2779 tri-

1591 2837 1595 2841 .
1636 2796 1849 2862 pliciter
1895 2796 2312 2863 profitebantur,
2358 2797 2575 2848 scilicet
2628 2799 2729 2851 fa-

1591 2874 1596 2931 j
1639 2880 1743 2932 cto,
1773 2870 1903 2937 quia
1933 2886 2156 2923 censum
2169 2871 2371 2936 'capitis
2395 2872 2728 2937 Imperatori

1591 2974 1594 2977 =
1642 2943 1948 3006 solvebant3
1978 2943 2166 3004 verb0,
2187 2943 2322 3009 quia
2347 2958 2406 2994 se
2436 2959 2556 2994 esse
2575 2946 2732 2996 sub-

1638 3013 1804 3078 jectos
1858 3010 2104 3064 Romano
2164 3013 2394 3081 imperio
2440 3029 2535 3064 ore
2577 3013 2731 3065 fate-

1641 3085 1860 3148 bantur;
1896 3093 1949 3134 et
1993 3083 2210 3151 scripte,
2241 3085 2370 3151 quia
2393 3101 2581 3136 eorum
2608 3101 2732 3137 no-

1641 3155 1785 3206 mina
1822 3155 2209 3209 scribebantur.
2240 3158 2381 3208 Haec
2420 3156 2738 3222 descriptio

1632 3225 1815 3290 prima
1833 3224 1999 3290 facta
2024 3232 2106 3276 est
2143 3241 2181 3276 α
2231 3227 2443 3295 Cyrino
2469 3229 2740 3292 praeside

1640 3295 1832 3363 Syriae
1858 3294 1959 3361 qui
1996 3296 2199 3348 missus
2245 3296 2419 3348 fuerat
2447 3312 2481 3347 a
2502 3298 2744 3351 Caesare

1640 3367 1885 3432 Augusto
1923 3365 1984 3417 in
2013 3367 2245 3450 Syriam,
2282 3377 2541 3435 tanquam
2569 3384 2741 3434 prae-

1642 3452 1727 3490 ses
1765 3446 1818 3488 et
1856 3437 2044 3502 iudex,
2084 3439 2153 3489 ad
2198 3440 2374 3506 ipsam
2403 3440 2735 3505 regendam.

1641 3508 1822 3559 Judaea
1851 3508 2054 3575 quippe
2073 3525 2184 3559 non
2211 3510 2404 3562 habuit
2426 3509 2740 3576 praesidem

1641 3579 1944 3646 proprium,
1960 3581 2054 3631 sed
2074 3580 2190 3647 ipsa
2213 3581 2588 3633 continebatur
2607 3584 2743 3635 sub

1638 3650 1809 3718 Syria,
1840 3650 1992 3716 cujus
2036 3667 2159 3718 pars
2188 3661 2269 3704 est
2296 3654 2325 3704 J
2332 3654 2497 3704 udaea.
2530 3652 2746 3708 Prima

1637 3731 1819 3773 autem
1842 3729 2024 3787 potest
2043 3722 2150 3773 dici
2177 3733 2443 3791 quantum
2466 3723 2533 3774 ad
2565 3724 2752 3791 Cyri-

1640 3810 1794 3856 num,
1822 3793 1953 3860 quia
1983 3795 2132 3848 enim
2161 3797 2317 3864 Syria
2356 3807 2438 3848 est
2482 3798 2743 3864 provin-

1637 3865 1720 3918 cia
1746 3904 1763 3932 ,
1816 3865 1874 3918 in
1934 3869 2085 3935 quus
2139 3868 2320 3919 medio
2372 3878 2453 3920 est
2506 3868 2754 3934 Judaea‚.

1639 3937 1793 4007 quasi
1839 3939 2133 3994 umbilicus
2169 3948 2325 3993 terrae
2369 3939 2742 4006 habitabiliS,
