2784 4452
366 332 449 384 =90
1047 317 1290 368 PRIMAE
1325 316 1574 368 PARTIS
1606 316 1841 369 CAPUT
1871 316 1959 367 IX.

377 431 603 485 Matrem
622 433 719 484 Dei
748 433 1121 500 cognosceret!
1154 452 1181 480 α
1211 434 1369 497 Quia‚
1383 443 1447 484 ut

377 506 449 556 ait
475 506 785 569 AnselmuS,
818 507 995 557 solum
1041 507 1106 557 de
1132 517 1308 557 sancta
1337 508 1443 557 Ma-

377 576 458 627 ria
501 577 721 644 Virgine
771 576 1084 643 praedicare,
1144 579 1291 643 quod
1344 577 1445 628 Dei

377 652 544 702 Mater
589 661 696 718 est,
755 651 966 702 excedit
1012 666 1231 701 omnem
1259 652 1446 703 altitu-

366 723 556 774 dinem
583 741 702 791 quae
726 733 848 790 post
884 725 1062 775 Deum
1100 724 1205 776 dici
1233 726 1320 777 vel
1347 741 1443 776 co-

375 794 528 861 gitari
550 803 738 861 potest.
767 814 797 842 n

448 882 511 933 19
546 866 834 917 PAsrontm
889 882 1146 918 navi-:asto
1189 884 1260 917 An
1306 883 1442 918 cna-

374 952 499 987 oan.
530 966 594 974 —
624 938 889 988 Pas-tores
942 949 1120 989 autem
1194 939 1444 990 abierunt

378 1023 495 1060 cum
517 1010 725 1075 gaudio
748 1009 968 1075 ingenti,
995 1017 1046 1061 et
1067 1010 1273 1061 reversi
1299 1018 1440 1074 sunt,

375 1072 450 1130 ad‘
471 1095 652 1129 curam
691 1090 749 1131 et
789 1081 1086 1131 custodiam
1115 1082 1290 1149 gregis
1333 1082 1440 1146 sui,

372 1152 747 1219 glorificantes
812 1155 971 1204 corde
1038 1161 1091 1205 et
1153 1155 1441 1207 laudantes

373 1237 468 1273 ore
511 1225 714 1288 Deum,
755 1235 1006 1293 tanquam
1053 1237 1330 1278 auctorem
1390 1237 1443 1278 et

374 1295 646 1361 opificem;
700 1297 755 1347 in
806 1298 1075 1361 omnibus,
1124 1298 1180 1349 id
1234 1309 1343 1363 est,
1374 1301 1441 1350 de

372 1368 628 1420 omnibus
660 1384 780 1436 quae
816 1372 1118 1434 audierant,
1147 1372 1349 1423 scilicet
1375 1375 1442 1424 ab

370 1440 609 1507 AngeliS,
653 1449 706 1491 et
742 1442 991 1492 viderant
1017 1442 1074 1492 in
1125 1443 1441 1493 Bethlehem

370 1512 604 1577 propriis
650 1513 853 1576 oculiS,
895 1514 1035 1564 sicut
1075 1512 1272 1563 dictum
1328 1520 1437 1576 est,

372 1582 441 1631 ab
467 1583 672 1649 Angelo
699 1583 776 1633 ad
815 1583 958 1646 illos,
1005 1583 1061 1633 id
1095 1594 1192 1647 est,
1236 1584 1290 1633 in
1334 1585 1440 1635 hoc

371 1651 598 1717 gloriam
642 1654 756 1704 Deo
794 1655 1086 1721 laudesque
1126 1655 1438 1722 referebant,

368 1726 516 1789 quod
565 1742 672 1776 non
719 1727 864 1777 aliud
915 1728 1186 1778 venientes
1221 1728 1440 1780 invene-

371 1807 507 1858 rant,
557 1815 719 1864 quam
777 1800 916 1850 sicut
954 1801 1019 1850 ad
1073 1799 1194 1851 illos
1235 1803 1439 1853 dictum

372 1879 500 1917 erat.
532 1870 637 1935 Ipsi
678 1872 824 1922 enim
871 1874 936 1923 de
968 1881 1079 1922 tam
1115 1874 1312 1924 eximio
1349 1876 1440 1925 be-

372 1940 563 1992 neficio
607 1944 704 1994 toti
753 1946 955 1995 mundo
985 1946 1297 2011 generaliter
1323 1949 1439 1997 col-

368 2012 496 2077 lat0,
525 2023 578 2063 et
608 2013 685 2065 eis
728 2016 1027 2082 specialiter
1060 2026 1271 2068 ostenso
1305 2019 1438 2086 grati

372 2083 677 2150 existenteS,
705 2086 1042 2138 devotionem
1069 2103 1221 2138 suam
1250 2088 1308 2139 in
1326 2091 1440 2152 lau·

369 2154 494 2204 dem
522 2156 620 2206 Dei
648 2158 972 2220 eructabant,
1002 2168 1055 2209 et
1081 2159 1253 2210 Deum
1278 2155 1439 2225 glori-

370 2223 617 2279 ficabant.
678 2230 738 2279 In
783 2231 889 2281 hoc
932 2231 1090 2281 etiam
1125 2241 1438 2298 reputantur

369 2298 545 2349 devoti
564 2338 578 2363 ,
625 2301 752 2366 quia
787 2312 909 2366 post
935 2303 1435 2368 contemplationem

370 2368 662 2420 Salvatoris
714 2383 1051 2424 revertuntur
1108 2375 1175 2423 ad
1231 2373 1435 2424 exerci-

370 2438 507 2489 tium
552 2440 794 2491 actionis,
835 2444 894 2492 In
934 2460 1044 2509 quo
1083 2446 1236 2495 datur
1262 2445 1436 2496 forma

369 2510 674 2574 pastoribus
712 2512 985 2578 Ecclesiae,
1028 2515 1122 2581 qui
1160 2517 1280 2567 aliis
1307 2519 1444 2567 dor--

364 2581 663 2633 mientibus
707 2584 902 2635 debent
952 2586 1198 2653 vigilare,
1256 2599 1308 2639 et
1355 2588 1435 2640 ire

366 2652 657 2718 aliquando
678 2655 733 2704 in
761 2657 1075 2708 Bethlehem
1107 2662 1435 2726 contempla-

365 2722 546 2784 tionis,
596 2737 649 2776 et
690 2728 755 2776 ad
797 2729 1038 2779 studium
1083 2745 1241 2782 sacrae
1288 2732 1434 2782 Scri-

372 2804 564 2860 pturae,
594 2806 655 2846 ut
682 2797 754 2848 ibi
782 2814 919 2864 pane
961 2801 1160 2852 coelesti
1189 2801 1432 2852 refician-

366 2872 457 2914 tur
476 2904 490 2929 ,
545 2877 596 2917 et
652 2869 829 2920 refecti
876 2886 1010 2937 pane
1062 2873 1316 2923 doctrinae
1367 2875 1432 2924 ad

364 2939 697 2998 pascendum
717 2955 933 3007 gregem
962 2953 1306 2995 revertantur.
1323 2944 1435 2996 Un-

369 3006 437 3055 de
465 3006 519 3056 in
549 3010 828 3063 Ezechiele
856 3031 869 3063 :
900 3014 1176 3066 Animalia
1201 3017 1349 3068 ibant
1381 3025 1434 3069 et

368 3083 790 3135 revertebantur.
1095 3130 1127 3171 0

414 3166 500 3201 ,20
537 3155 844 3208 Mami-Arm
885 3175 1173 3211 PRAEDICTAE
1240 3176 1431 3213 msro—

366 3237 490 3272 nni-:-
521 3253 586 3261 —-
617 3227 766 3278 Vade
794 3245 939 3281 nunc
965 3241 1017 3282 et
1059 3242 1119 3283 tu
1148 3233 1211 3283 ad
1238 3233 1432 3284 viden-

364 3293 499 3344 dum
516 3295 756 3347 Verbum
770 3316 866 3365 pro
894 3310 947 3350 te
974 3318 1188 3353 carnem
1209 3303 1430 3370 factum,

362 3375 418 3416 et
464 3368 687 3433 genibus
731 3370 902 3433 flexis,
950 3375 1111 3425 adora
1137 3375 1430 3427 Dominum

364 3437 541 3488 Deum
557 3447 713 3490 tuum
739 3451 792 3492 et
818 3443 931 3508 ejus
942 3445 1182 3510 Matrem,
1203 3461 1262 3496 ac
1292 3463 1433 3498 reve·

365 3518 546 3559 renter
563 3511 731 3561 saluta
755 3513 783 3562 J
787 3514 955 3579 oseph
971 3524 1210 3566 sanctum
1225 3533 1429 3570 senem.

367 3577 571 3630 Deinde
616 3583 855 3633 osculare
884 3585 1046 3650 pedes
1103 3588 1253 3652 pueri
1284 3590 1429 3655 Jesu,

364 3647 581 3712 jacentis
606 3651 661 3701 in
686 3656 962 3722 praesepiO,
993 3666 1045 3707 et
1085 3674 1213 3725 roga
1238 3660 1431 3711 Domi-

365 3736 510 3787 nam,
534 3734 598 3774 ut
626 3741 750 3776 eum
778 3727 876 3778 tibi
913 3730 1147 3797 porrigat
1181 3733 1265 3783 vel
1292 3733 1430 3784 acci-

362 3806 490 3856 pere
540 3797 828 3861 permittat.
871 3801 1063 3868 Accipe
1121 3819 1246 3870 ergo
1301 3821 1428 3857 eum

358 3864 430 3912 ad
475 3875 528 3915 te
547 3905 562 3930 ,
611 3878 664 3919 et
690 3869 828 3921 inter
863 3872 1080 3925 brachia
1122 3885 1213 3926 tua
1239 3876 1424 3928 retine.

363 3937 628 3993 Intuearis
680 3944 867 3998 faciem
906 3948 1019 4015 ejus
1055 3949 1340 4018 diligenter
1365 3966 1424 4002 ac

1552 444 1855 485 reverenter
1884 434 2208 498 deosculare,
2247 445 2299 485 et
2340 434 2614 486 delecteris

1551 507 1609 556 in
1666 520 1730 557 eo
1777 522 1842 556 ex
1888 507 2063 557 corde.
2113 506 2457 556 Confidenter
2495 507 2611 558 haec

1541 579 1720 629 ¹facere
1745 589 1917 644 poteS,
1952 578 2080 644 quia
2103 593 2200 643 pro
2233 579 2402 627 salute
2424 593 2612 629 eorum

1548 650 1694 701 venit
1720 651 1784 700 ad
1812 658 2134 715 peccatores,
2164 659 2217 700 et
2251 665 2371 700 cum
2403 649 2479 700 eis
2504 650 2612 702 hu—

1550 722 1747 771 militer
1795 731 2136 772 conversatus
2182 730 2279 785 est,
2310 730 2362 771 et
2395 722 2609 772 tandem

1549 808 1607 843 se
1633 792 1786 843 eisin
1818 792 2001 843 cibum
2028 791 2257 855 dimisit;
2289 794 2431 843 unde
2456 792 2610 844 beni-

1549 879 1689 930 gnus
1732 864 1999 914 Dominus
2034 862 2290 930 patienter
2343 864 2611 929 permittet

1544 953 1642 1004 pro
1670 947 1764 988 tuo
1790 938 1929 989 velle
1955 953 2013 988 se
2039 940 2210 1005 tangi,
2255 954 2352 988 nec
2378 938 2612 1005 imputa-

1546 1010 1625 1061 bit
1651 1010 2074 1077 praesumptioni,
2101 1013 2196 1061 sed
2227 1010 2415 1061 amori.
2452 1011 2611 1061 Sem-
2699 1011 2702 1015 ’

1545 1097 1641 1147 per
1672 1091 1850 1132 tamen
1881 1098 2004 1132 cum
2031 1081 2323 1132 reverentia
2342 1092 2394 1132 et
2418 1082 2612 1132 timore

1546 1154 1649 1203 hoc
1675 1151 1849 1215 facias,
1894 1153 2022 1219 quia
2053 1153 2167 1219 ipse
2203 1154 2430 1228 Sanctus
2471 1153 2614 1204 San-

1545 1236 1755 1276 ctorum
1810 1235 1906 1277 est.
1954 1226 2083 1276 Post
2125 1241 2184 1275 ea
2231 1226 2391 1275 redde
2430 1224 2612 1291 ipsum

1547 1296 1698 1347 Matri
1766 1313 1878 1348 suae
1897 1336 1913 1362 ,
1969 1306 2023 1347 et
2081 1297 2324 1363 conspice
2374 1297 2613 1347 studiose

1545 1383 1710 1435 quam
1764 1369 2041 1436 diligenter
2085 1377 2138 1417 et
2185 1367 2449 1433 sapienter
2483 1381 2610 1417 eum

1546 1440 1703 1490 lactat
1729 1450 1781 1490 et
1809 1440 2097 1506 gubernat,
2136 1455 2194 1489 ac
2238 1447 2405 1489 cetera
2451 1438 2610 1489 obse·-

1546 1509 1674 1577 quia
1704 1511 1752 1561 ei
1789 1510 1933 1561 facit.
1963 1511 2056 1560 Sta
2084 1520 2135 1560 et
2179 1520 2239 1560 tu
2266 1511 2330 1559 ad
2372 1508 2609 1560 servien-

1548 1582 1679 1631 dum
1724 1580 1772 1631 ei
1819 1590 2060 1646 paratuS,
2099 1590 2151 1630 et
2187 1581 2373 1645 adjuva
2416 1585 2534 1629 e'am
2562 1578 2607 1629 si

1548 1663 1715 1719 potes,
1774 1656 1835 1705 In
1878 1654 1966 1704 his
2006 1654 2271 1718 delectari,
2309 1652 2609 1719 jucundari,

1546 1736 1597 1776 et
1642 1727 1838 1776 sedulo.
1900 1726 2139 1777 meditari
2210 1734 2511 1788 mementO,
2559 1733 2612 1775 et

1546 1807 1807 1864 quantum
1862 1808 2013 1865 potes
2056 1808 2138 1847 sta
2173 1795 2446 1847 familiaris
2494 1794 2611 1845 Do-

1548 1869 1707 1920 minae
1734 1879 1786 1921 et
1812 1884 1978 1937 puero
2007 1871 2153 1933 Jesu,
2178 1879 2229 1918 et
2248 1866 2500 1917 intuearis
2526 1866 2611 1917 fa-

1545 1941 1682 1992 ciem
1712 1943 1823 2008 ejus
1846 1958 2001 2008 saepe,
2033 1942 2088 1992 in
2110 1958 2260 2008 quem
2299 1940 2612 1991 desiderant

1545 2015 1749 2081 Angeli
1787 2015 2095 2079 conspicere
2119 2028 2356 2079 semper3
2408 2020 2609 2076 tamen,

1543 2096 1605 2135 ut
1631 2085 1762 2150 dixi,
1804 2102 1928 2137 cum
1975 2085 2264 2137 reverentia
2303 2092 2354 2133 et
2392 2081 2607 2145 timore,

1541 2174 1609 2209 ne
1653 2159 1868 2225 patiaris
1917 2159 2184 2224 repulsam
2230 2157 2295 2206 de
2349 2169 2608 2221 praesum—

1543 2231 1754 2297 ptione3
1787 2242 2029 2298 reputare
2068 2230 2210 2281 enim
2239 2239 2291 2279 te
2319 2229 2478 2278 debes
2520 2225 2608 2276 in-

1541 2303 1785 2369 dignum,
1816 2302 1871 2352 in
1910 2301 2306 2353 conversatione
2331 2299 2520 2349 talium
2552 2306 2608 2348 et

1542 2385 1836 2425 tantorum.
1867 2375 2025 2426 Unde
2042 2374 2329 2425 Anselmus
2365 2386 2378 2421 :
2410 2389 2436 2417 c<
2467 2369 2607 2420 Hinc

1541 2448 1782 2497 Matrem¹
1818 2463 1944 2497 cum
2003 2445 2150 2496 omni
2208 2444 2489 2495 devotione
2545 2440 2605 2491 in

1539 2520 1851 2570 Bethlehem
1879 2534 2217 2585 prosequere,
2249 2527 2301 2568 et
2322 2517 2379 2567 in
2412 2514 2606 2580 hospi-

1538 2591 1677 2641 tium
1723 2591 1989 2640 divertens
2028 2606 2156 2640 cum
2194 2589 2286 2638 illa
2321 2588 2522 2652 assiste,
2549 2594 2607 2636 et

1542 2662 1837 2727 obsequere
1902 2661 2159 2727 parienti,
2212 2661 2495 2726 locatoque
2544 2657 2605 2707 in

1540 2732 1798 2799 praesepio
1830 2733 2056 2783 Parvulo
2086 2745 2307 2797 erumpe
2335 2731 2393 2779 in
2418 2742 2605 2779 vocem

1538 2805 1927 2867 exsultationiS,
1948 2817 2000 2856 et
2017 2806 2251 2856 clamans
2280 2820 2405 2855 cum
2427 2801 2560 2852 Isaia
2589 2817 2604 2850 τ

1538 2878 1817 2929 Paruulus
1852 2885 2009 2929 natus
2054 2885 2135 2928 est
2178 2877 2330 2928 nobis
2362 2882 2421 2927 et
2442 2873 2606 2942 filius

1539 2951 1702 3000 datus
1729 2957 1811 3002 est
1849 2952 2017 3014 nobis,
2048 2961 2100 3001 et
2123 2951 2443 3015 amplectere
2468 2946 2605 2997 illud

1538 3021 1783 3072 divinum
1827 3033 1879 3073 et
1906 3024 2058 3073 dulce
2085 3021 2424 3089 praesepium.
2455 3014 2605 3069 Miti-

1540 3103 1626 3160 get
1684 3094 2057 3144 verecundiam
2117 3108 2270 3143 amor
2291 3131 2306 3156 ,
2352 3091 2604 3141 timorem

1539 3167 1767 3232 depellat
1800 3167 2017 3217 affectus
2039 3206 2052 3228 ‚
2114 3176 2176 3217 ut
2232 3162 2603 3216 sacratissimis

1540 3239 1697 3288 Pueri
1726 3239 1950 3305 pedibus
1974 3240 2111 3291 labia
2130 3239 2292 3305 figaS,
2335 3247 2388 3288 et
2423 3236 2606 3287 oscula

1538 3310 1809 3376 gemines3
1871 3312 2064 3363 deinde
2127 3322 2400 3378 pastorum
2453 3323 2606 3360 excu-

1538 3381 1653 3431 bias
1705 3392 1881 3433 mente
1948 3393 2229 3451 pertracta,
2272 3381 2605 3449 Angelorum

1537 3463 1835 3504 currentem
1863 3456 2154 3506 exercitum
2184 3454 2464 3516 admirare,
2495 3466 2606 3502 coe·

1537 3524 1656 3575 lesti
1710 3527 1954 3578 melodiae
1998 3537 2114 3579 tuas
2164 3528 2442 3593 interpone
2480 3539 2606 3590 pre-

1537 3610 1641 3660 ces,
1665 3595 1829 3647 simul
1860 3600 2019 3648 corde
2060 3610 2110 3649 et
2146 3615 2237 3649 ore
2274 3599 2560 3649 decantans
2587 3611 2603 3644 ε

1539 3667 1733 3718 Gloria
1777 3668 1832 3719 in
1862 3671 2098 3721 excelsis
2132 3672 2265 3733 Deo,
2294 3677 2344 3721 et
2370 3670 2424 3719 in
2457 3675 2605 3719 terra

1527 3751 1654 3802 pax
1698 3738 1996 3790 hominibus
2047 3743 2194 3792 bonae
2237 3738 2546 3792 voluntatis,
2572 3754 2603 3786 n

1538 3806 1691 3857 Unde
1721 3817 1771 3858 et
1796 3811 2136 3876 Augustinus
2166 3829 2180 3861 :
2213 3829 2240 3857 «
2267 3810 2603 3876 Angelorum

1532 3895 1744 3945 vocem,
1779 3896 1874 3947 per
1916 3898 2079 3948 quarn
2138 3883 2402 3933 Dominus
2447 3882 2604 3933 Jesus

1534 3953 1802 4020 Christus,
1848 3965 2005 4006 natus
2026 3957 2262 4023 Virginis
2289 3964 2463 4021 partu,
2502 3969 2602 4020 pa-
