<?xml version="1.0" encoding="UTF-8"?>
<!DOCTYPE html PUBLIC "-//W3C//DTD XHTML 1.0 Transitional//EN"
    "http://www.w3.org/TR/xhtml1/DTD/xhtml1-transitional.dtd">
<html xmlns="http://www.w3.org/1999/xhtml" xml:lang="en" lang="en">
 <head>
  <title>
</title>
<meta http-equiv="Content-Type" content="text/html;charset=utf-8" />
  <meta name='ocr-system' content='tesseract 3.04.00' />
  <meta name='ocr-capabilities' content='ocr_page ocr_carea ocr_par ocr_line ocrx_word'/>
</head>
<body>
  <div class='ocr_page' id='page_1' title='image "./vitajesuchristi00sachgoog/vitajesuchristi00sachgoog_0158.png"; bbox 0 0 2784 4452; ppageno 0'>
   <div class='ocr_carea' id='block_1_1' title="bbox 453 333 2061 415">
    <p class='ocr_par' dir='ltr' id='par_1_1' title="bbox 453 333 2061 415">
     <span class='ocr_line' id='line_1_1' title="bbox 453 333 2061 415; baseline -0.002 -27"><span class='ocrx_word' id='word_1_1' title='bbox 453 354 550 403; x_wconf 85' lang='lat'>142</span> <span class='ocrx_word' id='word_1_2' title='bbox 1095 335 1345 387; x_wconf 69' lang='lat' dir='ltr'>PRIMA-3</span> <span class='ocrx_word' id='word_1_3' title='bbox 1373 334 1630 415; x_wconf 50' lang='lat' dir='ltr'>paens</span> <span class='ocrx_word' id='word_1_4' title='bbox 1659 333 1898 386; x_wconf 71' lang='lat' dir='ltr'>CAPUT</span> <span class='ocrx_word' id='word_1_5' title='bbox 1923 334 2061 385; x_wconf 75' lang='lat' dir='ltr'>XIV.</span> 
     </span>
    </p>
   </div>
   <div class='ocr_carea' id='block_1_2' title="bbox 439 444 1511 653">
    <p class='ocr_par' dir='ltr' id='par_1_2' title="bbox 439 444 1511 653">
     <span class='ocr_line' id='line_1_2' title="bbox 442 444 1511 512; baseline -0.002 -16"><span class='ocrx_word' id='word_1_6' title='bbox 442 446 549 505; x_wconf 79' lang='lat' dir='ltr'>tis,</span> <span class='ocrx_word' id='word_1_7' title='bbox 593 444 725 512; x_wconf 84' lang='lat' dir='ltr'>quid</span> <span class='ocrx_word' id='word_1_8' title='bbox 772 445 845 494; x_wconf 84' lang='lat' dir='ltr'>de</span> <span class='ocrx_word' id='word_1_9' title='bbox 897 444 1263 508; x_wconf 68' lang='lat' dir='ltr'>utensilibus,</span> <span class='ocrx_word' id='word_1_10' title='bbox 1304 444 1511 495; x_wconf 75' lang='lat' dir='ltr'>scilicet</span> 
     </span>
     <span class='ocr_line' id='line_1_3' title="bbox 440 515 1510 582; baseline -0.002 -15"><span class='ocrx_word' id='word_1_11' title='bbox 440 517 591 569; x_wconf 74' lang='lat' dir='ltr'>lectis</span> <span class='ocrx_word' id='word_1_12' title='bbox 638 526 691 566; x_wconf 90' lang='lat' dir='ltr'>et</span> <span class='ocrx_word' id='word_1_13' title='bbox 727 515 849 566; x_wconf 71' lang='lat' dir='ltr'>aliis</span> <span class='ocrx_word' id='word_1_14' title='bbox 885 515 1023 566; x_wconf 77' lang='lat' dir='ltr'>intra</span> <span class='ocrx_word' id='word_1_15' title='bbox 1057 517 1287 566; x_wconf 79' lang='lat' dir='ltr'>domum</span> <span class='ocrx_word' id='word_1_16' title='bbox 1308 532 1510 582; x_wconf 73' lang='lat' dir='ltr'>oppor-</span> 
     </span>
     <span class='ocr_line' id='line_1_4' title="bbox 439 587 1510 653; baseline -0.003 -12"><span class='ocrx_word' id='word_1_17' title='bbox 439 587 620 641; x_wconf 80' lang='lat' dir='ltr'>tunis?</span> <span class='ocrx_word' id='word_1_18' title='bbox 677 588 958 653; x_wconf 76' lang='lat' dir='ltr'>Numquid</span> <span class='ocrx_word' id='word_1_19' title='bbox 1021 588 1283 653; x_wconf 58' lang='lat' dir='ltr'>displicia?</span> <span class='ocrx_word' id='word_1_20' title='bbox 1334 589 1510 638; x_wconf 76' lang='lat' dir='ltr'>Num-</span> 
     </span>
    </p>
   </div>
   <div class='ocr_carea' id='block_1_3' title="bbox 439 657 1555 725">
    <p class='ocr_par' dir='ltr' id='par_1_3' title="bbox 439 657 1555 725">
     <span class='ocr_line' id='line_1_5' title="bbox 439 657 1555 725; baseline -0.001 -16"><span class='ocrx_word' id='word_1_21' title='bbox 439 659 576 725; x_wconf 87' lang='lat' dir='ltr'>quid</span> <span class='ocrx_word' id='word_1_22' title='bbox 628 657 930 723; x_wconf 78' lang='lat' dir='ltr'>superfiua?</span> <span class='ocrx_word' id='word_1_23' title='bbox 968 658 1250 725; x_wconf 77' lang='lat' dir='ltr'>Numquid</span> <span class='ocrx_word' id='word_1_24' title='bbox 1302 658 1512 708; x_wconf 72' lang='lat' dir='ltr'>curiosa</span> <span class='ocrx_word' id='word_1_25' title='bbox 1551 719 1555 723; x_wconf 16' lang='grc' dir='ltr'><strong>Α</strong></span> 
     </span>
    </p>
   </div>
   <div class='ocr_carea' id='block_1_4' title="bbox 440 730 1522 1871">
    <p class='ocr_par' dir='ltr' id='par_1_4' title="bbox 440 730 1522 1871">
     <span class='ocr_line' id='line_1_6' title="bbox 441 730 1510 798; baseline -0.001 -16"><span class='ocrx_word' id='word_1_26' title='bbox 441 730 702 782; x_wconf 83' lang='lat' dir='ltr'>habebat?</span> <span class='ocrx_word' id='word_1_27' title='bbox 744 731 875 780; x_wconf 76' lang='lat' dir='ltr'>Haee</span> <span class='ocrx_word' id='word_1_28' title='bbox 921 741 1104 781; x_wconf 69' lang='lat' dir='ltr'>conta-a</span> <span class='ocrx_word' id='word_1_29' title='bbox 1148 739 1510 798; x_wconf 79' lang='lat' dir='ltr'>paupertatem</span> 
     </span>
     <span class='ocr_line' id='line_1_7' title="bbox 440 801 1511 869; baseline -0.002 -16"><span class='ocrx_word' id='word_1_30' title='bbox 440 811 589 866; x_wconf 74' lang='lat' dir='ltr'>sunt,</span> <span class='ocrx_word' id='word_1_31' title='bbox 615 811 666 852; x_wconf 88' lang='lat' dir='ltr'>et</span> <span class='ocrx_word' id='word_1_32' title='bbox 694 801 833 862; x_wconf 83' lang='lat' dir='ltr'>haec,</span> <span class='ocrx_word' id='word_1_33' title='bbox 856 801 907 852; x_wconf 79' lang='lat' dir='ltr'>si</span> <span class='ocrx_word' id='word_1_34' title='bbox 937 802 1139 852; x_wconf 84' lang='lat' dir='ltr'>habere</span> <span class='ocrx_word' id='word_1_35' title='bbox 1161 812 1361 869; x_wconf 79' lang='lat' dir='ltr'>posset,</span> <span class='ocrx_word' id='word_1_36' title='bbox 1389 802 1511 851; x_wconf 74' lang='lat' dir='ltr'>nol-</span> 
     </span>
     <span class='ocr_line' id='line_1_8' title="bbox 442 872 1512 938; baseline -0.001 -13"><span class='ocrx_word' id='word_1_37' title='bbox 442 873 521 925; x_wconf 80' lang='lat' dir='ltr'>let</span> <span class='ocrx_word' id='word_1_38' title='bbox 578 887 639 923; x_wconf 84' lang='lat' dir='ltr'>ea</span> <span class='ocrx_word' id='word_1_39' title='bbox 706 872 1033 938; x_wconf 68' lang='lat' dir='ltr'><strong>paupertatis</strong></span> <span class='ocrx_word' id='word_1_40' title='bbox 1100 873 1344 923; x_wconf 78' lang='lat' dir='ltr'>amatrix.</span> <span class='ocrx_word' id='word_1_41' title='bbox 1408 874 1512 924; x_wconf 86' lang='lat' dir='ltr'>Sed</span> 
     </span>
     <span class='ocr_line' id='line_1_9' title="bbox 443 942 1513 1010; baseline 0 -16"><span class='ocrx_word' id='word_1_42' title='bbox 443 942 715 1010; x_wconf 71' lang='lat' dir='ltr'>numquid</span> <span class='ocrx_word' id='word_1_43' title='bbox 741 943 979 994; x_wconf 77' lang='lat' dir='ltr'>Domina</span> <span class='ocrx_word' id='word_1_44' title='bbox 1013 945 1241 1008; x_wconf 61' lang='lat' dir='ltr'>suendo,</span> <span class='ocrx_word' id='word_1_45' title='bbox 1270 944 1363 994; x_wconf 81' lang='lat' dir='ltr'>vel.</span> <span class='ocrx_word' id='word_1_46' title='bbox 1409 944 1513 995; x_wconf 82' lang='lat' dir='ltr'>alia</span> 
     </span>
     <span class='ocr_line' id='line_1_10' title="bbox 443 1013 1519 1082; baseline 0 -17"><span class='ocrx_word' id='word_1_47' title='bbox 443 1030 610 1081; x_wconf 82' lang='lat' dir='ltr'>opera</span> <span class='ocrx_word' id='word_1_48' title='bbox 640 1013 907 1080; x_wconf 77' lang='lat' dir='ltr'>faciendo,</span> <span class='ocrx_word' id='word_1_49' title='bbox 930 1014 1160 1065; x_wconf 76' lang='lat' dir='ltr'>faciebat</span> <span class='ocrx_word' id='word_1_50' title='bbox 1192 1031 1351 1065; x_wconf 78' lang='lat' dir='ltr'>more</span> <span class='ocrx_word' id='word_1_51' title='bbox 1372 1031 1519 1082; x_wconf 80' lang='lat' dir='ltr'>quo-—</span> 
     </span>
     <span class='ocr_line' id='line_1_11' title="bbox 444 1086 1516 1151; baseline 0.001 -14"><span class='ocrx_word' id='word_1_52' title='bbox 444 1086 694 1137; x_wconf 77' lang='lat' dir='ltr'>rumdam</span> <span class='ocrx_word' id='word_1_53' title='bbox 735 1101 901 1151; x_wconf 81' lang='lat' dir='ltr'>opera</span> <span class='ocrx_word' id='word_1_54' title='bbox 946 1086 1185 1137; x_wconf 64' lang='lat' dir='ltr'>cin-insa?</span> <span class='ocrx_word' id='word_1_55' title='bbox 1209 1086 1377 1137; x_wconf 78' lang='lat' dir='ltr'>Absit.</span> <span class='ocrx_word' id='word_1_56' title='bbox 1423 1088 1516 1138; x_wconf 83' lang='lat' dir='ltr'>Est</span> 
     </span>
     <span class='ocr_line' id='line_1_12' title="bbox 445 1156 1516 1221; baseline 0.003 -15"><span class='ocrx_word' id='word_1_57' title='bbox 445 1156 596 1207; x_wconf 80' lang='lat' dir='ltr'>enim</span> <span class='ocrx_word' id='word_1_58' title='bbox 648 1156 1017 1221; x_wconf 81' lang='lat' dir='ltr'>periculosum</span> <span class='ocrx_word' id='word_1_59' title='bbox 1059 1167 1117 1208; x_wconf 84' lang='lat' dir='ltr'>et</span> <span class='ocrx_word' id='word_1_60' title='bbox 1183 1159 1341 1208; x_wconf 80' lang='lat' dir='ltr'>valde</span> <span class='ocrx_word' id='word_1_61' title='bbox 1397 1174 1516 1209; x_wconf 80' lang='lat' dir='ltr'>ma—</span> 
     </span>
     <span class='ocr_line' id='line_1_13' title="bbox 446 1227 1515 1296; baseline 0.001 -18"><span class='ocrx_word' id='word_1_62' title='bbox 446 1243 614 1293; x_wconf 78' lang='lat' dir='ltr'>gnum</span> <span class='ocrx_word' id='word_1_63' title='bbox 640 1227 834 1278; x_wconf 82' lang='lat' dir='ltr'>vitium</span> <span class='ocrx_word' id='word_1_64' title='bbox 860 1238 1078 1295; x_wconf 83' lang='lat' dir='ltr'>propter</span> <span class='ocrx_word' id='word_1_65' title='bbox 1108 1229 1296 1292; x_wconf 85' lang='lat' dir='ltr'>multa,</span> <span class='ocrx_word' id='word_1_66' title='bbox 1311 1230 1380 1279; x_wconf 90' lang='lat' dir='ltr'>de</span> <span class='ocrx_word' id='word_1_67' title='bbox 1406 1245 1515 1296; x_wconf 86' lang='lat' dir='ltr'>quo</span> 
     </span>
     <span class='ocr_line' id='line_1_14' title="bbox 446 1299 1518 1367; baseline 0.003 -18"><span class='ocrx_word' id='word_1_68' title='bbox 446 1299 609 1350; x_wconf 85' lang='lat' dir='ltr'>latius</span> <span class='ocrx_word' id='word_1_69' title='bbox 639 1300 851 1351; x_wconf 80' lang='lat' dir='ltr'>dicetur</span> <span class='ocrx_word' id='word_1_70' title='bbox 884 1301 1037 1352; x_wconf 80' lang='lat' dir='ltr'>infra.</span> <span class='ocrx_word' id='word_1_71' title='bbox 1073 1301 1339 1367; x_wconf 80' lang='lat' dir='ltr'>Conspice</span> <span class='ocrx_word' id='word_1_72' title='bbox 1375 1318 1518 1352; x_wconf 78' lang='lat' dir='ltr'>nunc</span> 
     </span>
     <span class='ocr_line' id='line_1_15' title="bbox 447 1374 1518 1441; baseline 0.003 -18"><span class='ocrx_word' id='word_1_73' title='bbox 447 1374 739 1425; x_wconf 80' lang='lat' dir='ltr'>Dominam</span> <span class='ocrx_word' id='word_1_74' title='bbox 763 1374 819 1424; x_wconf 89' lang='lat' dir='ltr'>in</span> <span class='ocrx_word' id='word_1_75' title='bbox 850 1376 1129 1426; x_wconf 77' lang='lat' dir='ltr'>laboribus·</span> <span class='ocrx_word' id='word_1_76' title='bbox 1167 1385 1220 1426; x_wconf 87' lang='lat' dir='ltr'>et</span> <span class='ocrx_word' id='word_1_77' title='bbox 1265 1376 1518 1441; x_wconf 83' lang='lat' dir='ltr'>operibus</span> 
     </span>
     <span class='ocr_line' id='line_1_16' title="bbox 448 1444 1517 1508; baseline 0.001 -14"><span class='ocrx_word' id='word_1_78' title='bbox 448 1444 585 1508; x_wconf 69' lang='lat' dir='ltr'>suiS,</span> <span class='ocrx_word' id='word_1_79' title='bbox 609 1444 833 1507; x_wconf 79' lang='lat' dir='ltr'>filando,</span> <span class='ocrx_word' id='word_1_80' title='bbox 856 1448 1083 1506; x_wconf 79' lang='lat' dir='ltr'>suendo,</span> <span class='ocrx_word' id='word_1_81' title='bbox 1125 1448 1365 1496; x_wconf 84' lang='lat' dir='ltr'>texendo</span> <span class='ocrx_word' id='word_1_82' title='bbox 1402 1448 1517 1497; x_wconf 79' lang='lat' dir='ltr'>sol-</span> 
     </span>
     <span class='ocr_line' id='line_1_17' title="bbox 447 1517 1519 1585; baseline 0.003 -18"><span class='ocrx_word' id='word_1_83' title='bbox 447 1517 673 1581; x_wconf 75' lang='lat' dir='ltr'>licitam,</span> <span class='ocrx_word' id='word_1_84' title='bbox 711 1520 991 1585; x_wconf 85' lang='lat' dir='ltr'>quomodo</span> <span class='ocrx_word' id='word_1_85' title='bbox 1028 1519 1155 1569; x_wconf 76' lang='lat' dir='ltr'>fucit</span> <span class='ocrx_word' id='word_1_86' title='bbox 1185 1535 1248 1569; x_wconf 89' lang='lat' dir='ltr'>ea</span> <span class='ocrx_word' id='word_1_87' title='bbox 1290 1519 1519 1570; x_wconf 75' lang='lat' dir='ltr'>fideliter</span> 
     </span>
     <span class='ocr_line' id='line_1_18' title="bbox 447 1589 1517 1657; baseline 0.003 -19"><span class='ocrx_word' id='word_1_88' title='bbox 447 1598 610 1653; x_wconf 78' lang='lat' dir='ltr'>atque</span> <span class='ocrx_word' id='word_1_89' title='bbox 655 1589 945 1640; x_wconf 71' lang='lat' dir='ltr'>humiliter</span> <span class='ocrx_word' id='word_1_90' title='bbox 977 1604 1104 1640; x_wconf 86' lang='lat' dir='ltr'>cum</span> <span class='ocrx_word' id='word_1_91' title='bbox 1142 1590 1422 1657; x_wconf 83' lang='lat' dir='ltr'>diligentia</span> <span class='ocrx_word' id='word_1_92' title='bbox 1458 1606 1517 1641; x_wconf 82' lang='lat' dir='ltr'>se</span> 
     </span>
     <span class='ocr_line' id='line_1_19' title="bbox 448 1660 1522 1730; baseline 0.003 -20"><span class='ocrx_word' id='word_1_93' title='bbox 448 1660 719 1721; x_wconf 82' lang='lat' dir='ltr'>habendo,</span> <span class='ocrx_word' id='word_1_94' title='bbox 747 1672 800 1711; x_wconf 88' lang='lat' dir='ltr'>et</span> <span class='ocrx_word' id='word_1_95' title='bbox 839 1661 1201 1713; x_wconf 84' lang='lat' dir='ltr'>nihilominus</span> <span class='ocrx_word' id='word_1_96' title='bbox 1242 1679 1405 1730; x_wconf 87' lang='lat' dir='ltr'>super</span> <span class='ocrx_word' id='word_1_97' title='bbox 1432 1664 1522 1713; x_wconf 88' lang='lat' dir='ltr'>Fi-</span> 
     </span>
     <span class='ocr_line' id='line_1_20' title="bbox 449 1731 1517 1797; baseline 0.005 -17"><span class='ocrx_word' id='word_1_98' title='bbox 449 1731 526 1781; x_wconf 93' lang='lat' dir='ltr'>lio</span> <span class='ocrx_word' id='word_1_99' title='bbox 574 1742 627 1782; x_wconf 91' lang='lat' dir='ltr'>et</span> <span class='ocrx_word' id='word_1_100' title='bbox 654 1732 1037 1797; x_wconf 70' lang='lat' dir='ltr'>gubernatione</span> <span class='ocrx_word' id='word_1_101' title='bbox 1080 1733 1294 1794; x_wconf 76' lang='lat' dir='ltr'>domus,</span> <span class='ocrx_word' id='word_1_102' title='bbox 1333 1750 1517 1785; x_wconf 77' lang='lat' dir='ltr'>curam</span> 
     </span>
     <span class='ocr_line' id='line_1_21' title="bbox 449 1800 1517 1871; baseline 0.004 -20"><span class='ocrx_word' id='word_1_103' title='bbox 449 1800 917 1866; x_wconf 56' lang='lat' dir='ltr'>diligentissima</span> <span class='ocrx_word' id='word_1_104' title='bbox 996 1804 1293 1867; x_wconf 77' lang='lat' dir='ltr'>habendo,</span> <span class='ocrx_word' id='word_1_105' title='bbox 1376 1804 1517 1871; x_wconf 76' lang='lat' dir='ltr'>vigi-</span> 
     </span>
    </p>
   </div>
   <div class='ocr_carea' id='block_1_5' title="bbox 1616 446 2696 1727">
    <p class='ocr_par' dir='ltr' id='par_1_5' title="bbox 1616 446 2696 1727">
     <span class='ocr_line' id='line_1_22' title="bbox 1616 446 2692 513; baseline 0.006 -18"><span class='ocrx_word' id='word_1_106' title='bbox 1616 446 1824 512; x_wconf 81' lang='lat' dir='ltr'>liisque</span> <span class='ocrx_word' id='word_1_107' title='bbox 1853 455 1908 497; x_wconf 76' lang='lat' dir='ltr'>et</span> <span class='ocrx_word' id='word_1_108' title='bbox 1948 446 2283 497; x_wconf 71' lang='lat' dir='ltr'>orationibus</span> <span class='ocrx_word' id='word_1_109' title='bbox 2333 447 2481 511; x_wconf 72' lang='lat' dir='ltr'>juxta</span> <span class='ocrx_word' id='word_1_110' title='bbox 2524 461 2692 513; x_wconf 79' lang='lat' dir='ltr'>posse</span> 
     </span>
     <span class='ocr_line' id='line_1_23' title="bbox 1619 517 2685 584; baseline 0.004 -17"><span class='ocrx_word' id='word_1_111' title='bbox 1619 533 1836 584; x_wconf 80' lang='lat' dir='ltr'>semper</span> <span class='ocrx_word' id='word_1_112' title='bbox 1884 517 2237 578; x_wconf 83' lang='lat' dir='ltr'>intendendo;</span> <span class='ocrx_word' id='word_1_113' title='bbox 2293 527 2350 567; x_wconf 87' lang='lat' dir='ltr'>et</span> <span class='ocrx_word' id='word_1_114' title='bbox 2389 528 2499 568; x_wconf 85' lang='lat' dir='ltr'>toto</span> <span class='ocrx_word' id='word_1_115' title='bbox 2555 519 2685 571; x_wconf 75' lang='lat' dir='ltr'>affe·—</span> 
     </span>
     <span class='ocr_line' id='line_1_24' title="bbox 1619 588 2690 657; baseline 0.002 -17"><span class='ocrx_word' id='word_1_116' title='bbox 1619 600 1708 640; x_wconf 87' lang='lat' dir='ltr'>ctu</span> <span class='ocrx_word' id='word_1_117' title='bbox 1761 599 2065 657; x_wconf 82' lang='lat' dir='ltr'>compatere</span> <span class='ocrx_word' id='word_1_118' title='bbox 2111 588 2246 652; x_wconf 78' lang='lat' dir='ltr'>sibi3</span> <span class='ocrx_word' id='word_1_119' title='bbox 2299 599 2356 640; x_wconf 88' lang='lat' dir='ltr'>et</span> <span class='ocrx_word' id='word_1_120' title='bbox 2407 590 2690 642; x_wconf 83' lang='lat' dir='ltr'>considera</span> 
     </span>
     <span class='ocr_line' id='line_1_25' title="bbox 1619 660 2687 727; baseline 0.002 -16"><span class='ocrx_word' id='word_1_121' title='bbox 1619 662 1766 727; x_wconf 80' lang='lat' dir='ltr'>quod</span> <span class='ocrx_word' id='word_1_122' title='bbox 1823 677 1932 712; x_wconf 82' lang='lat' dir='ltr'>non</span> <span class='ocrx_word' id='word_1_123' title='bbox 1988 660 2181 710; x_wconf 76' lang='lat' dir='ltr'>habuit</span> <span class='ocrx_word' id='word_1_124' title='bbox 2235 660 2468 710; x_wconf 85' lang='lat' dir='ltr'>omnino</span> <span class='ocrx_word' id='word_1_125' title='bbox 2522 663 2687 727; x_wconf 81' lang='lat' dir='ltr'>gratis</span> 
     </span>
     <span class='ocr_line' id='line_1_26' title="bbox 1618 731 2689 798; baseline 0.002 -16"><span class='ocrx_word' id='word_1_126' title='bbox 1618 747 1843 798; x_wconf 83' lang='lat' dir='ltr'>regnum</span> <span class='ocrx_word' id='word_1_127' title='bbox 1875 731 1976 781; x_wconf 85' lang='lat' dir='ltr'>Dei</span> <span class='ocrx_word' id='word_1_128' title='bbox 2012 731 2247 781; x_wconf 83' lang='lat' dir='ltr'>Domina</span> <span class='ocrx_word' id='word_1_129' title='bbox 2284 731 2457 797; x_wconf 83' lang='lat' dir='ltr'>regni.</span> <span class='ocrx_word' id='word_1_130' title='bbox 2503 733 2606 783; x_wconf 82' lang='lat' dir='ltr'>Sed</span> <span class='ocrx_word' id='word_1_131' title='bbox 2636 745 2689 784; x_wconf 89' lang='lat' dir='ltr'>et</span> 
     </span>
     <span class='ocr_line' id='line_1_27' title="bbox 1617 802 2692 869; baseline 0.003 -17"><span class='ocrx_word' id='word_1_132' title='bbox 1617 803 1816 868; x_wconf 76' lang='lat' dir='ltr'>Ioseph</span> <span class='ocrx_word' id='word_1_133' title='bbox 1878 813 2118 863; x_wconf 77' lang='lat' dir='ltr'>sanctus,</span> <span class='ocrx_word' id='word_1_134' title='bbox 2192 803 2339 853; x_wconf 78' lang='lat' dir='ltr'>faber</span> <span class='ocrx_word' id='word_1_135' title='bbox 2392 802 2692 869; x_wconf 79' lang='lat' dir='ltr'>lignarius</span> 
     </span>
     <span class='ocr_line' id='line_1_28' title="bbox 1618 872 2689 941; baseline 0.002 -19"><span class='ocrx_word' id='word_1_136' title='bbox 1618 872 1829 939; x_wconf 81' lang='lat' dir='ltr'>aliquid</span> <span class='ocrx_word' id='word_1_137' title='bbox 1886 874 2204 939; x_wconf 72' lang='lat' dir='ltr'>operabatur</span> <span class='ocrx_word' id='word_1_138' title='bbox 2244 873 2303 923; x_wconf 83' lang='lat' dir='ltr'>in</span> <span class='ocrx_word' id='word_1_139' title='bbox 2347 883 2460 924; x_wconf 84' lang='lat' dir='ltr'>arte</span> <span class='ocrx_word' id='word_1_140' title='bbox 2511 874 2689 941; x_wconf 72' lang='lat' dir='ltr'>ligna—</span> 
     </span>
     <span class='ocr_line' id='line_1_29' title="bbox 1620 944 2689 1012; baseline 0.003 -17"><span class='ocrx_word' id='word_1_141' title='bbox 1620 944 1808 995; x_wconf 71' lang='lat' dir='ltr'>minis·</span> <span class='ocrx_word' id='word_1_142' title='bbox 1845 944 2002 995; x_wconf 78' lang='lat' dir='ltr'>Unde</span> <span class='ocrx_word' id='word_1_143' title='bbox 2026 945 2156 1010; x_wconf 76' lang='lat' dir='ltr'>quia</span> <span class='ocrx_word' id='word_1_144' title='bbox 2181 946 2578 1012; x_wconf 76' lang='lat' dir='ltr'>compassionis</span> <span class='ocrx_word' id='word_1_145' title='bbox 2593 962 2689 997; x_wconf 85' lang='lat' dir='ltr'>oc—</span> 
     </span>
     <span class='ocr_line' id='line_1_30' title="bbox 1621 1015 2688 1077; baseline 0.002 -11"><span class='ocrx_word' id='word_1_146' title='bbox 1621 1015 1787 1066; x_wconf 81' lang='lat' dir='ltr'>currit</span> <span class='ocrx_word' id='word_1_147' title='bbox 1831 1016 2086 1077; x_wconf 77' lang='lat' dir='ltr'>materia,</span> <span class='ocrx_word' id='word_1_148' title='bbox 2134 1018 2352 1066; x_wconf 83' lang='lat' dir='ltr'>tandem</span> <span class='ocrx_word' id='word_1_149' title='bbox 2398 1032 2525 1067; x_wconf 79' lang='lat' dir='ltr'>cum</span> <span class='ocrx_word' id='word_1_150' title='bbox 2582 1018 2688 1068; x_wconf 68' lang='lat' dir='ltr'>ali-</span> 
     </span>
     <span class='ocr_line' id='line_1_31' title="bbox 1621 1088 2689 1153; baseline 0.003 -16"><span class='ocrx_word' id='word_1_151' title='bbox 1621 1101 1788 1153; x_wconf 78' lang='lat' dir='ltr'>quam</span> <span class='ocrx_word' id='word_1_152' title='bbox 1814 1102 2024 1139; x_wconf 80' lang='lat' dir='ltr'>moram</span> <span class='ocrx_word' id='word_1_153' title='bbox 2050 1104 2178 1139; x_wconf 90' lang='lat' dir='ltr'>cum</span> <span class='ocrx_word' id='word_1_154' title='bbox 2225 1088 2303 1138; x_wconf 88' lang='lat' dir='ltr'>eis</span> <span class='ocrx_word' id='word_1_155' title='bbox 2335 1090 2689 1148; x_wconf 47' lang='lat' dir='ltr'>contraxeris</span> 
     </span>
     <span class='ocr_line' id='line_1_32' title="bbox 1620 1158 2691 1223; baseline 0.003 -16"><span class='ocrx_word' id='word_1_156' title='bbox 1620 1167 1746 1222; x_wconf 84' lang='lat' dir='ltr'>pete</span> <span class='ocrx_word' id='word_1_157' title='bbox 1779 1158 2068 1208; x_wconf 80' lang='lat' dir='ltr'>recedendi</span> <span class='ocrx_word' id='word_1_158' title='bbox 2092 1159 2386 1223; x_wconf 70' lang='lat' dir='ltr'>licentiam,</span> <span class='ocrx_word' id='word_1_159' title='bbox 2429 1168 2484 1209; x_wconf 81' lang='lat' dir='ltr'>et</span> <span class='ocrx_word' id='word_1_160' title='bbox 2521 1161 2691 1210; x_wconf 81' lang='lat' dir='ltr'>bene-</span> 
     </span>
     <span class='ocr_line' id='line_1_33' title="bbox 1623 1229 2692 1297; baseline 0.004 -19"><span class='ocrx_word' id='word_1_161' title='bbox 1623 1229 1862 1279; x_wconf 80' lang='lat' dir='ltr'>dictione</span> <span class='ocrx_word' id='word_1_162' title='bbox 1917 1237 2157 1296; x_wconf 77' lang='lat' dir='ltr'>accepta,</span> <span class='ocrx_word' id='word_1_163' title='bbox 2204 1230 2382 1296; x_wconf 81' lang='lat' dir='ltr'>primo</span> <span class='ocrx_word' id='word_1_164' title='bbox 2442 1246 2476 1282; x_wconf 74' lang='lat' dir='ltr'>a</span> <span class='ocrx_word' id='word_1_165' title='bbox 2520 1247 2692 1297; x_wconf 81' lang='lat' dir='ltr'>puero</span> 
     </span>
     <span class='ocr_line' id='line_1_34' title="bbox 1624 1301 2694 1367; baseline 0.003 -16"><span class='ocrx_word' id='word_1_166' title='bbox 1624 1301 1780 1365; x_wconf 67' lang='lat' dir='ltr'>kmi,</span> <span class='ocrx_word' id='word_1_167' title='bbox 1810 1301 2005 1351; x_wconf 87' lang='lat' dir='ltr'>deinde</span> <span class='ocrx_word' id='word_1_168' title='bbox 2030 1317 2062 1351; x_wconf 78' lang='lat' dir='ltr'>a</span> <span class='ocrx_word' id='word_1_169' title='bbox 2089 1303 2281 1362; x_wconf 81' lang='lat' dir='ltr'>Matre,</span> <span class='ocrx_word' id='word_1_170' title='bbox 2323 1312 2512 1367; x_wconf 74' lang='lat' dir='ltr'>postea</span> <span class='ocrx_word' id='word_1_171' title='bbox 2537 1318 2569 1352; x_wconf 81' lang='lat' dir='ltr'>a</span> <span class='ocrx_word' id='word_1_172' title='bbox 2591 1305 2694 1354; x_wconf 77' lang='lat' dir='ltr'>Jo-</span> 
     </span>
     <span class='ocr_line' id='line_1_35' title="bbox 1625 1374 2694 1443; baseline 0.004 -20"><span class='ocrx_word' id='word_1_173' title='bbox 1625 1374 1779 1439; x_wconf 84' lang='lat' dir='ltr'>seph,</span> <span class='ocrx_word' id='word_1_174' title='bbox 1809 1375 2035 1440; x_wconf 80' lang='lat' dir='ltr'>genibus</span> <span class='ocrx_word' id='word_1_175' title='bbox 2063 1375 2236 1439; x_wconf 79' lang='lat' dir='ltr'>flexis,</span> <span class='ocrx_word' id='word_1_176' title='bbox 2264 1386 2317 1426; x_wconf 87' lang='lat' dir='ltr'>et</span> <span class='ocrx_word' id='word_1_177' title='bbox 2354 1391 2479 1426; x_wconf 90' lang='lat' dir='ltr'>cum</span> <span class='ocrx_word' id='word_1_178' title='bbox 2509 1377 2694 1443; x_wconf 72' lang='lat' dir='ltr'>lacry-</span> 
     </span>
     <span class='ocr_line' id='line_1_36' title="bbox 1625 1445 2696 1513; baseline 0.004 -19"><span class='ocrx_word' id='word_1_179' title='bbox 1625 1445 1736 1495; x_wconf 83' lang='lat' dir='ltr'>mis</span> <span class='ocrx_word' id='word_1_180' title='bbox 1769 1446 2141 1511; x_wconf 77' lang='lat' dir='ltr'>compassione</span> <span class='ocrx_word' id='word_1_181' title='bbox 2177 1462 2372 1513; x_wconf 84' lang='lat' dir='ltr'>magna</span> <span class='ocrx_word' id='word_1_182' title='bbox 2410 1447 2696 1499; x_wconf 74' lang='lat' dir='ltr'>valefacias</span> 
     </span>
     <span class='ocr_line' id='line_1_37' title="bbox 1623 1517 2696 1584; baseline 0.004 -18"><span class='ocrx_word' id='word_1_183' title='bbox 1623 1517 1720 1577; x_wconf 70' lang='lat' dir='ltr'>eia,</span> <span class='ocrx_word' id='word_1_184' title='bbox 1765 1517 1894 1583; x_wconf 74' lang='lat' dir='ltr'>quia</span> <span class='ocrx_word' id='word_1_185' title='bbox 1928 1528 2188 1584; x_wconf 82' lang='lat' dir='ltr'>tanquam</span> <span class='ocrx_word' id='word_1_186' title='bbox 2214 1520 2398 1568; x_wconf 78' lang='lat' dir='ltr'>exules</span> <span class='ocrx_word' id='word_1_187' title='bbox 2432 1534 2464 1569; x_wconf 90' lang='lat' dir='ltr'>a</span> <span class='ocrx_word' id='word_1_188' title='bbox 2499 1520 2696 1584; x_wconf 71' lang='lat' dir='ltr'>patria,</span> 
     </span>
     <span class='ocr_line' id='line_1_38' title="bbox 1625 1589 2694 1655; baseline 0.003 -17"><span class='ocrx_word' id='word_1_189' title='bbox 1625 1589 1742 1639; x_wconf 84' lang='lat' dir='ltr'>sine</span> <span class='ocrx_word' id='word_1_190' title='bbox 1769 1589 1952 1655; x_wconf 72' lang='lat' dir='ltr'>aliqua</span> <span class='ocrx_word' id='word_1_191' title='bbox 1983 1605 2156 1650; x_wconf 75' lang='lat' dir='ltr'>causa,</span> <span class='ocrx_word' id='word_1_192' title='bbox 2182 1600 2235 1641; x_wconf 88' lang='lat' dir='ltr'>et</span> <span class='ocrx_word' id='word_1_193' title='bbox 2263 1590 2560 1650; x_wconf 64' lang='lat' dir='ltr'>exbannifi,</span> <span class='ocrx_word' id='word_1_194' title='bbox 2600 1606 2694 1641; x_wconf 85' lang='lat' dir='ltr'>re-</span> 
     </span>
     <span class='ocr_line' id='line_1_39' title="bbox 1626 1661 2694 1727; baseline 0.003 -18"><span class='ocrx_word' id='word_1_195' title='bbox 1626 1668 1845 1710; x_wconf 86' lang='lat' dir='ltr'>manent</span> <span class='ocrx_word' id='word_1_196' title='bbox 1870 1661 1935 1710; x_wconf 90' lang='lat' dir='ltr'>ad</span> <span class='ocrx_word' id='word_1_197' title='bbox 1973 1661 2419 1727; x_wconf 89' lang='lat' dir='ltr'>peregrinandum</span> <span class='ocrx_word' id='word_1_198' title='bbox 2467 1661 2694 1725; x_wconf 81' lang='lat' dir='ltr'>ibidem,</span> 
     </span>
    </p>
   </div>
   <div class='ocr_carea' id='block_1_6' title="bbox 1626 1734 2710 1855">
    <p class='ocr_par' dir='ltr' id='par_1_6' title="bbox 1626 1734 2710 1855">
     <span class='ocr_line' id='line_1_40' title="bbox 1628 1734 2710 1814; baseline 0.004 -32"><span class='ocrx_word' id='word_1_199' title='bbox 1628 1748 1721 1813; x_wconf 70' lang='lat' dir='ltr'>per</span> <span class='ocrx_word' id='word_1_200' title='bbox 1749 1748 1931 1814; x_wconf 62' lang='lat' dir='ltr'>annos</span> <span class='ocrx_word' id='word_1_201' title='bbox 1951 1743 2174 1800; x_wconf 79' lang='lat' dir='ltr'>septem,</span> <span class='ocrx_word' id='word_1_202' title='bbox 2206 1734 2262 1784; x_wconf 85' lang='lat' dir='ltr'>in</span> <span class='ocrx_word' id='word_1_203' title='bbox 2290 1735 2488 1785; x_wconf 81' lang='lat' dir='ltr'>sudore</span> <span class='ocrx_word' id='word_1_204' title='bbox 2511 1736 2710 1786; x_wconf 60' lang='lat' dir='ltr'>vastus</span> 
     </span>
     <span class='ocr_line' id='line_1_41' title="bbox 1626 1814 1955 1855; baseline -0.003 -1"><span class='ocrx_word' id='word_1_205' title='bbox 1626 1819 1714 1854; x_wconf 79' lang='lat' dir='ltr'>sut</span> <span class='ocrx_word' id='word_1_206' title='bbox 1740 1814 1955 1855; x_wconf 62' lang='lat' dir='ltr'>victuri.</span> 
     </span>
    </p>
   </div>
   <div class='ocr_carea' id='block_1_7' title="bbox 1439 2021 1714 2073">
    <p class='ocr_par' dir='ltr' id='par_1_7' title="bbox 1439 2021 1714 2073">
     <span class='ocr_line' id='line_1_42' title="bbox 1439 2021 1714 2073; baseline 0.004 -1"><span class='ocrx_word' id='word_1_207' title='bbox 1439 2021 1714 2073; x_wconf 80' lang='lat' dir='ltr'>ORATIO</span> 
     </span>
    </p>
   </div>
   <div class='ocr_carea' id='block_1_8' title="bbox 1743 2105 1772 2127">
    <p class='ocr_par' dir='ltr' id='par_1_8' title="bbox 1743 2105 1772 2127">
     <span class='ocr_line' id='line_1_43' title="bbox 1743 2105 1772 2127; baseline 0 0"><span class='ocrx_word' id='word_1_208' title='bbox 1743 2105 1772 2127; x_wconf 60' lang='grc' dir='ltr'><em>Ο</em></span> 
     </span>
    </p>
   </div>
   <div class='ocr_carea' id='block_1_9' title="bbox 455 2188 2704 2631">
    <p class='ocr_par' dir='ltr' id='par_1_9' title="bbox 455 2188 2704 2618">
     <span class='ocr_line' id='line_1_44' title="bbox 515 2188 2701 2259; baseline 0.003 -20"><span class='ocrx_word' id='word_1_209' title='bbox 515 2188 751 2241; x_wconf 82' lang='lat' dir='ltr'>Domine</span> <span class='ocrx_word' id='word_1_210' title='bbox 775 2191 899 2241; x_wconf 78' lang='lat' dir='ltr'>Jesu</span> <span class='ocrx_word' id='word_1_211' title='bbox 926 2190 1156 2255; x_wconf 81' lang='lat' dir='ltr'>Christe,</span> <span class='ocrx_word' id='word_1_212' title='bbox 1188 2191 1283 2258; x_wconf 85' lang='lat' dir='ltr'>qui</span> <span class='ocrx_word' id='word_1_213' title='bbox 1325 2191 1506 2243; x_wconf 83' lang='lat' dir='ltr'>adhuc</span> <span class='ocrx_word' id='word_1_214' title='bbox 1545 2190 1744 2252; x_wconf 77' lang='lat' dir='ltr'>infanS,</span> <span class='ocrx_word' id='word_1_215' title='bbox 1772 2190 2169 2258; x_wconf 82' lang='lat' dir='ltr'>persecutiones</span> <span class='ocrx_word' id='word_1_216' title='bbox 2203 2200 2256 2242; x_wconf 90' lang='lat' dir='ltr'>et</span> <span class='ocrx_word' id='word_1_217' title='bbox 2281 2190 2438 2242; x_wconf 78' lang='lat' dir='ltr'>exilia</span> <span class='ocrx_word' id='word_1_218' title='bbox 2480 2191 2616 2259; x_wconf 80' lang='lat' dir='ltr'>pati,</span> <span class='ocrx_word' id='word_1_219' title='bbox 2646 2202 2701 2245; x_wconf 81' lang='lat' dir='ltr'>et</span> 
     </span>
     <span class='ocr_line' id='line_1_45' title="bbox 455 2260 2701 2328; baseline 0.002 -18"><span class='ocrx_word' id='word_1_220' title='bbox 455 2260 688 2312; x_wconf 73' lang='lat' dir='ltr'>infantes</span> <span class='ocrx_word' id='word_1_221' title='bbox 718 2272 845 2311; x_wconf 88' lang='lat' dir='ltr'>tunc</span> <span class='ocrx_word' id='word_1_222' title='bbox 879 2278 974 2328; x_wconf 89' lang='lat' dir='ltr'>pro</span> <span class='ocrx_word' id='word_1_223' title='bbox 1003 2273 1056 2313; x_wconf 86' lang='lat' dir='ltr'>te</span> <span class='ocrx_word' id='word_1_224' title='bbox 1085 2263 1254 2313; x_wconf 90' lang='lat' dir='ltr'>occidi</span> <span class='ocrx_word' id='word_1_225' title='bbox 1290 2264 1530 2323; x_wconf 87' lang='lat' dir='ltr'>voluisti,</span> <span class='ocrx_word' id='word_1_226' title='bbox 1559 2264 1627 2313; x_wconf 89' lang='lat' dir='ltr'>da</span> <span class='ocrx_word' id='word_1_227' title='bbox 1662 2262 1800 2313; x_wconf 88' lang='lat' dir='ltr'>mihi</span> <span class='ocrx_word' id='word_1_228' title='bbox 1844 2263 2043 2313; x_wconf 89' lang='lat' dir='ltr'>misero</span> <span class='ocrx_word' id='word_1_229' title='bbox 2075 2263 2190 2313; x_wconf 83' lang='lat' dir='ltr'>haec</span> <span class='ocrx_word' id='word_1_230' title='bbox 2219 2262 2421 2323; x_wconf 82' lang='lat' dir='ltr'>omnia,</span> <span class='ocrx_word' id='word_1_231' title='bbox 2442 2278 2502 2313; x_wconf 89' lang='lat' dir='ltr'>ac</span> <span class='ocrx_word' id='word_1_232' title='bbox 2530 2263 2701 2314; x_wconf 86' lang='lat' dir='ltr'>etiam</span> 
     </span>
     <span class='ocr_line' id='line_1_46' title="bbox 456 2335 2700 2404; baseline 0.002 -20"><span class='ocrx_word' id='word_1_233' title='bbox 456 2346 708 2399; x_wconf 86' lang='lat' dir='ltr'>mortem,</span> <span class='ocrx_word' id='word_1_234' title='bbox 750 2335 797 2386; x_wconf 91' lang='lat' dir='ltr'>si</span> <span class='ocrx_word' id='word_1_235' title='bbox 843 2347 1069 2402; x_wconf 87' lang='lat' dir='ltr'>oportet,</span> <span class='ocrx_word' id='word_1_236' title='bbox 1102 2353 1197 2403; x_wconf 86' lang='lat' dir='ltr'>pro</span> <span class='ocrx_word' id='word_1_237' title='bbox 1237 2347 1288 2388; x_wconf 92' lang='lat' dir='ltr'>te</span> <span class='ocrx_word' id='word_1_238' title='bbox 1315 2337 1579 2404; x_wconf 86' lang='lat' dir='ltr'>patienter</span> <span class='ocrx_word' id='word_1_239' title='bbox 1624 2338 1870 2398; x_wconf 89' lang='lat' dir='ltr'>tolerare,</span> <span class='ocrx_word' id='word_1_240' title='bbox 1902 2346 2194 2403; x_wconf 83' lang='lat' dir='ltr'>cunctaque</span> <span class='ocrx_word' id='word_1_241' title='bbox 2225 2352 2474 2402; x_wconf 88' lang='lat' dir='ltr'>prospera</span> <span class='ocrx_word' id='word_1_242' title='bbox 2503 2339 2700 2389; x_wconf 86' lang='lat' dir='ltr'>mundi</span> 
     </span>
     <span class='ocr_line' id='line_1_47' title="bbox 455 2406 2704 2473; baseline 0.002 -18"><span class='ocrx_word' id='word_1_243' title='bbox 455 2406 743 2471; x_wconf 87' lang='lat' dir='ltr'>despicere,</span> <span class='ocrx_word' id='word_1_244' title='bbox 776 2417 827 2457; x_wconf 89' lang='lat' dir='ltr'>et</span> <span class='ocrx_word' id='word_1_245' title='bbox 857 2409 1005 2458; x_wconf 90' lang='lat' dir='ltr'>nulla</span> <span class='ocrx_word' id='word_1_246' title='bbox 1039 2410 1154 2473; x_wconf 84' lang='lat' dir='ltr'>ejus</span> <span class='ocrx_word' id='word_1_247' title='bbox 1181 2409 1399 2459; x_wconf 89' lang='lat' dir='ltr'>adversa</span> <span class='ocrx_word' id='word_1_248' title='bbox 1427 2408 1731 2459; x_wconf 88' lang='lat' dir='ltr'>formidare.</span> <span class='ocrx_word' id='word_1_249' title='bbox 1761 2409 1833 2459; x_wconf 92' lang='lat' dir='ltr'>Et</span> <span class='ocrx_word' id='word_1_250' title='bbox 1864 2425 1978 2470; x_wconf 71' lang='lat' dir='ltr'>VOS,</span> <span class='ocrx_word' id='word_1_251' title='bbox 2012 2425 2045 2460; x_wconf 82' lang='lat' dir='ltr'>o</span> <span class='ocrx_word' id='word_1_252' title='bbox 2075 2408 2402 2459; x_wconf 87' lang='lat' dir='ltr'>sanctissimi</span> <span class='ocrx_word' id='word_1_253' title='bbox 2443 2409 2704 2459; x_wconf 80' lang='lat' dir='ltr'>Innocen-</span> 
     </span>
     <span class='ocr_line' id='line_1_48' title="bbox 458 2476 2699 2563; baseline 0.003 -39"><span class='ocrx_word' id='word_1_254' title='bbox 458 2485 556 2534; x_wconf 88' lang='lat' dir='ltr'>tes,</span> <span class='ocrx_word' id='word_1_255' title='bbox 583 2476 740 2525; x_wconf 88' lang='lat' dir='ltr'>flores</span> <span class='ocrx_word' id='word_1_256' title='bbox 764 2487 816 2526; x_wconf 91' lang='lat' dir='ltr'>et</span> <span class='ocrx_word' id='word_1_257' title='bbox 851 2478 1100 2542; x_wconf 87' lang='lat' dir='ltr'>primitiae</span> <span class='ocrx_word' id='word_1_258' title='bbox 1123 2489 1441 2546; x_wconf 85' lang='lat' dir='ltr'>martyrum,</span> <span class='ocrx_word' id='word_1_259' title='bbox 1471 2479 1568 2545; x_wconf 83' lang='lat' dir='ltr'>qui</span> <span class='ocrx_word' id='word_1_260' title='bbox 1593 2495 1689 2545; x_wconf 90' lang='lat' dir='ltr'>per</span> <span class='ocrx_word' id='word_1_261' title='bbox 1718 2479 2078 2530; x_wconf 86' lang='lat' dir='ltr'>innocentiam</span> <span class='ocrx_word' id='word_1_262' title='bbox 2105 2489 2156 2529; x_wconf 91' lang='lat' dir='ltr'>et</span> <span class='ocrx_word' id='word_1_263' title='bbox 2188 2478 2427 2563; x_wconf 82' lang='lat' dir='ltr'>martyrii</span> <span class='ocrx_word' id='word_1_264' title='bbox 2456 2480 2699 2545; x_wconf 83' lang='lat' dir='ltr'>palmam</span> 
     </span>
     <span class='ocr_line' id='line_1_49' title="bbox 455 2546 2703 2631; baseline 0.003 -36"><span class='ocrx_word' id='word_1_265' title='bbox 455 2546 553 2595; x_wconf 90' lang='lat' dir='ltr'>Dei</span> <span class='ocrx_word' id='word_1_266' title='bbox 584 2546 726 2596; x_wconf 92' lang='lat' dir='ltr'>Filio</span> <span class='ocrx_word' id='word_1_267' title='bbox 758 2546 948 2597; x_wconf 86' lang='lat' dir='ltr'>infanti</span> <span class='ocrx_word' id='word_1_268' title='bbox 981 2550 1301 2631; x_wconf 29' lang='lat' dir='ltr'>adhaesitstiS,</span> <span class='ocrx_word' id='word_1_269' title='bbox 1324 2551 1621 2617; x_wconf 80' lang='lat' dir='ltr'>dignemini</span> <span class='ocrx_word' id='word_1_270' title='bbox 1653 2553 1718 2601; x_wconf 89' lang='lat' dir='ltr'>de</span> <span class='ocrx_word' id='word_1_271' title='bbox 1742 2552 2076 2618; x_wconf 83' lang='lat' dir='ltr'>plenitudine</span> <span class='ocrx_word' id='word_1_272' title='bbox 2096 2552 2278 2618; x_wconf 84' lang='lat' dir='ltr'>gratiae</span> <span class='ocrx_word' id='word_1_273' title='bbox 2304 2562 2357 2602; x_wconf 88' lang='lat' dir='ltr'>et</span> <span class='ocrx_word' id='word_1_274' title='bbox 2380 2551 2703 2602; x_wconf 65' lang='lat' dir='ltr'>innocentiae</span> 
     </span>
    </p>
   </div>
   <div class='ocr_carea' id='block_1_10' title="bbox 455 2617 2702 2757">
    <p class='ocr_par' dir='ltr' id='par_1_10' title="bbox 455 2617 2702 2757">
     <span class='ocr_line' id='line_1_50' title="bbox 455 2617 2702 2689; baseline 0.003 -24"><span class='ocrx_word' id='word_1_275' title='bbox 455 2625 663 2676; x_wconf 81' lang='lat' dir='ltr'>vestrae,</span> <span class='ocrx_word' id='word_1_276' title='bbox 706 2617 1002 2669; x_wconf 87' lang='lat' dir='ltr'>infirmitati</span> <span class='ocrx_word' id='word_1_277' title='bbox 1032 2630 1084 2669; x_wconf 88' lang='lat' dir='ltr'>et</span> <span class='ocrx_word' id='word_1_278' title='bbox 1115 2620 1349 2672; x_wconf 83' lang='lat' dir='ltr'>miseriae</span> <span class='ocrx_word' id='word_1_279' title='bbox 1381 2632 1719 2688; x_wconf 86' lang='lat' dir='ltr'>peccatorum</span> <span class='ocrx_word' id='word_1_280' title='bbox 1758 2637 2004 2674; x_wconf 88' lang='lat' dir='ltr'>meorum</span> <span class='ocrx_word' id='word_1_281' title='bbox 2033 2622 2270 2684; x_wconf 77' lang='lat' dir='ltr'>veniam,</span> <span class='ocrx_word' id='word_1_282' title='bbox 2293 2631 2347 2673; x_wconf 87' lang='lat' dir='ltr'>et</span> <span class='ocrx_word' id='word_1_283' title='bbox 2376 2621 2607 2689; x_wconf 85' lang='lat' dir='ltr'>gratiam</span> <span class='ocrx_word' id='word_1_284' title='bbox 2629 2623 2702 2672; x_wconf 82' lang='lat' dir='ltr'>ab</span> 
     </span>
     <span class='ocr_line' id='line_1_51' title="bbox 458 2687 1865 2757; baseline 0.006 -22"><span class='ocrx_word' id='word_1_285' title='bbox 458 2687 647 2736; x_wconf 91' lang='lat' dir='ltr'>eodem</span> <span class='ocrx_word' id='word_1_286' title='bbox 678 2688 772 2738; x_wconf 91' lang='lat' dir='ltr'>Dei</span> <span class='ocrx_word' id='word_1_287' title='bbox 800 2687 939 2739; x_wconf 85' lang='lat' dir='ltr'>Filio</span> <span class='ocrx_word' id='word_1_288' title='bbox 970 2689 1359 2757; x_wconf 79' lang='lat' dir='ltr'>benignissimo</span> <span class='ocrx_word' id='word_1_289' title='bbox 1389 2692 1656 2744; x_wconf 85' lang='lat' dir='ltr'>obtinere</span> <span class='ocrx_word' id='word_1_290' title='bbox 1672 2693 1865 2745; x_wconf 87' lang='lat' dir='ltr'>Amen.</span> 
     </span>
    </p>
   </div>
   <div class='ocr_carea' id='block_1_11' title="bbox 1293 2991 1845 3064">
    <p class='ocr_par' dir='ltr' id='par_1_11' title="bbox 1293 2991 1845 3064">
     <span class='ocr_line' id='line_1_52' title="bbox 1293 2991 1845 3064; baseline -0.004 -2"><span class='ocrx_word' id='word_1_291' title='bbox 1293 2991 1629 3064; x_wconf 82' lang='lat' dir='ltr'><strong>CAPUT</strong></span> <span class='ocrx_word' id='word_1_292' title='bbox 1673 2993 1845 3061; x_wconf 90' lang='lat' dir='ltr'>XIV</span> 
     </span>
    </p>
   </div>
   <div class='ocr_carea' id='block_1_12' title="bbox 518 3202 1906 3305">
    <p class='ocr_par' dir='ltr' id='par_1_12' title="bbox 518 3202 1906 3305">
     <span class='ocr_line' id='line_1_53' title="bbox 518 3202 1906 3305; baseline 0.005 -32"><span class='ocrx_word' id='word_1_293' title='bbox 518 3202 627 3274; x_wconf 84' lang='lat' dir='ltr'>De</span> <span class='ocrx_word' id='word_1_294' title='bbox 670 3206 917 3276; x_wconf 80' lang='lat' dir='ltr'>reditu</span> <span class='ocrx_word' id='word_1_295' title='bbox 963 3209 1253 3283; x_wconf 78' lang='lat' dir='ltr'>Domini</span> <span class='ocrx_word' id='word_1_296' title='bbox 1298 3233 1391 3279; x_wconf 80' lang='lat' dir='ltr'>ex</span> <span class='ocrx_word' id='word_1_297' title='bbox 1428 3213 1785 3305; x_wconf 74' lang='lat' dir='ltr'>AEgyptO,</span> <span class='ocrx_word' id='word_1_298' title='bbox 1837 3222 1906 3280; x_wconf 80' lang='lat' dir='ltr'>et</span> 
     </span>
    </p>
   </div>
   <div class='ocr_carea' id='block_1_13' title="bbox 1952 3211 2660 3304">
    <p class='ocr_par' dir='ltr' id='par_1_13' title="bbox 1952 3211 2660 3304">
     <span class='ocr_line' id='line_1_54' title="bbox 1952 3211 2660 3304; baseline 0 -23"><span class='ocrx_word' id='word_1_299' title='bbox 1952 3211 2168 3281; x_wconf 79' lang='lat' dir='ltr'>initio</span> <span class='ocrx_word' id='word_1_300' title='bbox 2205 3211 2660 3304; x_wconf 73' lang='lat' dir='ltr'>poenitentiae</span> 
     </span>
    </p>
   </div>
   <div class='ocr_carea' id='block_1_14' title="bbox 1223 3325 1931 3418">
    <p class='ocr_par' dir='ltr' id='par_1_14' title="bbox 1223 3325 1931 3418">
     <span class='ocr_line' id='line_1_55' title="bbox 1223 3325 1931 3418; baseline 0.004 -26"><span class='ocrx_word' id='word_1_301' title='bbox 1223 3325 1522 3394; x_wconf 78' lang='lat' dir='ltr'>Joannis</span> <span class='ocrx_word' id='word_1_302' title='bbox 1565 3325 1931 3418; x_wconf 62' lang='lat' dir='ltr'>Baptistae.</span> 
     </span>
    </p>
   </div>
   <div class='ocr_carea' id='block_1_15' title="bbox 1289 3546 1879 3632">
    <p class='ocr_par' dir='ltr' id='par_1_15' title="bbox 1289 3546 1879 3632">
     <span class='ocr_line' id='line_1_56' title="bbox 1289 3546 1879 3632; baseline 0.007 -23"><span class='ocrx_word' id='word_1_303' title='bbox 1289 3546 1576 3611; x_wconf 83' lang='lat' dir='ltr'>Matthaei</span> <span class='ocrx_word' id='word_1_304' title='bbox 1624 3569 1761 3632; x_wconf 87' lang='lat' dir='ltr'>cap.</span> <span class='ocrx_word' id='word_1_305' title='bbox 1818 3571 1879 3613; x_wconf 87' lang='lat'>2.</span> 
     </span>
    </p>
   </div>
   <div class='ocr_carea' id='block_1_16' title="bbox 465 3754 1532 4043">
    <p class='ocr_par' dir='ltr' id='par_1_16' title="bbox 465 3754 1532 4043">
     <span class='ocr_line' id='line_1_57' title="bbox 536 3754 1532 3810; baseline 0.006 -6"><span class='ocrx_word' id='word_1_306' title='bbox 536 3770 556 3804; x_wconf 92' lang='lat'>1</span> <span class='ocrx_word' id='word_1_307' title='bbox 595 3754 791 3806; x_wconf 69' lang='lat' dir='ltr'>Josnrn</span> <span class='ocrx_word' id='word_1_308' title='bbox 860 3772 1105 3808; x_wconf 69' lang='lat' dir='ltr'>cmm-rus</span> <span class='ocrx_word' id='word_1_309' title='bbox 1144 3774 1399 3810; x_wconf 68' lang='lat' dir='ltr'>nom-:Tun</span> <span class='ocrx_word' id='word_1_310' title='bbox 1465 3777 1532 3810; x_wconf 80' lang='lat' dir='ltr'>m:</span> 
     </span>
     <span class='ocr_line' id='line_1_58' title="bbox 465 3833 1532 3900; baseline 0.008 -24"><span class='ocrx_word' id='word_1_311' title='bbox 465 3843 662 3879; x_wconf 70' lang='lat' dir='ltr'>neon-u</span> <span class='ocrx_word' id='word_1_312' title='bbox 711 3847 780 3881; x_wconf 72' lang='lat' dir='ltr'>Ex</span> <span class='ocrx_word' id='word_1_313' title='bbox 825 3833 1083 3884; x_wconf 69' lang='lat' dir='ltr'>AEotrm.</span> <span class='ocrx_word' id='word_1_314' title='bbox 1127 3861 1187 3871; x_wconf 89' lang='lat'>—</span> <span class='ocrx_word' id='word_1_315' title='bbox 1235 3835 1532 3900; x_wconf 78' lang='lat' dir='ltr'>eompletis</span> 
     </span>
     <span class='ocr_line' id='line_1_59' title="bbox 466 3900 1532 3970; baseline 0.008 -23"><span class='ocrx_word' id='word_1_316' title='bbox 466 3909 645 3949; x_wconf 91' lang='lat' dir='ltr'>autem</span> <span class='ocrx_word' id='word_1_317' title='bbox 677 3900 789 3952; x_wconf 84' lang='lat' dir='ltr'>fere</span> <span class='ocrx_word' id='word_1_318' title='bbox 830 3912 1034 3968; x_wconf 85' lang='lat' dir='ltr'>septem</span> <span class='ocrx_word' id='word_1_319' title='bbox 1081 3904 1241 3955; x_wconf 83' lang='lat' dir='ltr'>annis</span> <span class='ocrx_word' id='word_1_320' title='bbox 1261 3940 1276 3968; x_wconf 91' lang='lat'><strong><em>‚</em></strong></span> <span class='ocrx_word' id='word_1_321' title='bbox 1329 3906 1532 3970; x_wconf 87' lang='lat' dir='ltr'>quibus</span> 
     </span>
     <span class='ocr_line' id='line_1_60' title="bbox 469 3967 1530 4043; baseline 0.013 -26"><span class='ocrx_word' id='word_1_322' title='bbox 469 3967 738 4026; x_wconf 85' lang='lat' dir='ltr'>Dominus</span> <span class='ocrx_word' id='word_1_323' title='bbox 761 3974 1129 4039; x_wconf 85' lang='lat' dir='ltr'>peregrinatus</span> <span class='ocrx_word' id='word_1_324' title='bbox 1157 3986 1245 4029; x_wconf 88' lang='lat' dir='ltr'>est</span> <span class='ocrx_word' id='word_1_325' title='bbox 1275 3976 1330 4028; x_wconf 88' lang='lat' dir='ltr'>in</span> <span class='ocrx_word' id='word_1_326' title='bbox 1353 3978 1530 4043; x_wconf 80' lang='lat' dir='ltr'>AEgy-</span> 
     </span>
    </p>
   </div>
   <div class='ocr_carea' id='block_1_17' title="bbox 1640 3763 2746 4046">
    <p class='ocr_par' dir='ltr' id='par_1_17' title="bbox 1640 3763 2746 4046">
     <span class='ocr_line' id='line_1_61' title="bbox 1641 3763 2746 3830; baseline 0.003 -17"><span class='ocrx_word' id='word_1_327' title='bbox 1641 3772 1764 3829; x_wconf 90' lang='lat' dir='ltr'>pt0,</span> <span class='ocrx_word' id='word_1_328' title='bbox 1818 3775 1871 3815; x_wconf 91' lang='lat' dir='ltr'>et</span> <span class='ocrx_word' id='word_1_329' title='bbox 1907 3764 2160 3830; x_wconf 83' lang='lat' dir='ltr'>defuncto</span> <span class='ocrx_word' id='word_1_330' title='bbox 2201 3763 2442 3826; x_wconf 87' lang='lat' dir='ltr'>Herode,</span> <span class='ocrx_word' id='word_1_331' title='bbox 2483 3773 2746 3816; x_wconf 83' lang='lat' dir='ltr'>vocatus-</span> 
     </span>
     <span class='ocr_line' id='line_1_62' title="bbox 1642 3833 2723 3902; baseline 0.001 -17"><span class='ocrx_word' id='word_1_332' title='bbox 1642 3843 1722 3885; x_wconf 86' lang='lat' dir='ltr'>est</span> <span class='ocrx_word' id='word_1_333' title='bbox 1744 3835 2011 3887; x_wconf 79' lang='lat' dir='ltr'>Dominus</span> <span class='ocrx_word' id='word_1_334' title='bbox 2037 3852 2102 3887; x_wconf 86' lang='lat' dir='ltr'>ex</span> <span class='ocrx_word' id='word_1_335' title='bbox 2125 3838 2379 3902; x_wconf 80' lang='lat' dir='ltr'>AEgypto,</span> <span class='ocrx_word' id='word_1_336' title='bbox 2424 3833 2554 3901; x_wconf 89' lang='lat' dir='ltr'>quia</span> <span class='ocrx_word' id='word_1_337' title='bbox 2598 3835 2723 3886; x_wconf 84' lang='lat' dir='ltr'>sic-</span> 
     </span>
     <span class='ocr_line' id='line_1_63' title="bbox 1640 3905 2723 3966; baseline 0 -11"><span class='ocrx_word' id='word_1_338' title='bbox 1640 3915 1702 3956; x_wconf 88' lang='lat' dir='ltr'>ut</span> <span class='ocrx_word' id='word_1_339' title='bbox 1752 3905 1946 3956; x_wconf 86' lang='lat' dir='ltr'>dicitur</span> <span class='ocrx_word' id='word_1_340' title='bbox 1987 3907 2044 3957; x_wconf 89' lang='lat' dir='ltr'>in</span> <span class='ocrx_word' id='word_1_341' title='bbox 2106 3906 2379 3966; x_wconf 78' lang='lat' dir='ltr'>historiiS,</span> <span class='ocrx_word' id='word_1_342' title='bbox 2433 3905 2723 3956; x_wconf 88' lang='lat' dir='ltr'>tricesimo</span> 
     </span>
     <span class='ocr_line' id='line_1_64' title="bbox 1640 3977 2727 4046; baseline -0.001 -16"><span class='ocrx_word' id='word_1_343' title='bbox 1640 3993 1781 4030; x_wconf 89' lang='lat' dir='ltr'>anno</span> <span class='ocrx_word' id='word_1_344' title='bbox 1807 3978 1959 4046; x_wconf 86' lang='lat' dir='ltr'>regni</span> <span class='ocrx_word' id='word_1_345' title='bbox 1989 3978 2234 4042; x_wconf 86' lang='lat' dir='ltr'>Herodis,</span> <span class='ocrx_word' id='word_1_346' title='bbox 2260 3986 2418 4030; x_wconf 88' lang='lat' dir='ltr'>natus</span> <span class='ocrx_word' id='word_1_347' title='bbox 2446 3986 2526 4030; x_wconf 86' lang='lat' dir='ltr'>est</span> <span class='ocrx_word' id='word_1_348' title='bbox 2552 3977 2727 4030; x_wconf 85' lang='lat' dir='ltr'>Chri-</span> 
     </span>
    </p>
   </div>
  </div>
 </body>
</html>
