2784 4452
989 230 1227 281 PRIMAE
1264 229 1510 281 PARTIS
1542 230 1776 282 CAPUT
1808 231 2045 282 XXXIV.

1553 346 1833 407 correcti0,
1881 357 1933 398 et
1975 348 2126 398 adest
2165 346 2419 408 adulatio,
2462 349 2629 414 quasi

1549 417 1617 467 de
1646 417 1784 468 bene
1812 428 1963 484 gesto
1986 418 2147 484 :quia
2175 418 2291 483 ipsa
2309 418 2631 471 adulatione

1552 487 1792 537 nutritur
1808 488 1862 537 in
1891 488 2063 553 culpa,
2090 498 2142 538 et
2168 490 2425 554 majorem
2463 487 2630 539 sove-

1549 568 1638 608 tur
1677 557 1741 607 ad
1772 573 2004 624 poenam.
2043 559 2152 608 Has
2186 558 2474 609 sententias
2503 560 2630 609 Lu-

1548 643 1638 678 cas
1682 629 1852 695 ponit,
1880 637 1940 678 ut
1967 628 2161 679 veritas
2186 640 2417 695 quatuor
2445 630 2628 680 beati-

1547 698 1798 749 tudinum
1845 714 1978 765 quas
2034 699 2368 764 anteposuit,
2418 700 2626 751 clarius

1547 785 1639 835 per
1665 771 1968 836 oppositam
1996 770 2398 821 damnationem
2428 771 2623 821 eluce-

384 229 490 284 320

377 347 528 398 toris.
554 346 659 406 Qui
680 346 827 397 enim
856 346 994 397 mala
1013 345 1295 412 agentibus
1312 346 1441 396 adu-

379 418 537 479 latur,
568 418 812 484 pulvinar
832 417 933 468 sub
961 416 1133 482 capite
1158 416 1439 466 dormien-

377 489 450 540 tis
506 488 672 554 ponit,
725 499 785 539 ut
829 488 1049 539 fulcitus
1095 487 1346 538 laudibus
1383 487 1437 538 in

373 560 530 610 malis
551 560 865 626 requiescat.
895 558 951 610 Si
979 574 1103 624 ergo
1134 558 1274 609 beati
1291 569 1434 619 sunt,

375 630 470 697 qui
508 632 577 681 ab
611 630 929 680 hominibus
977 629 1160 680 odiose
1209 629 1435 680 maledi-

374 711 594 766 cuntur3
643 701 833 751 merito
878 699 1118 751 infelices
1158 701 1432 765 reputandi

372 782 500 822 sunt
538 772 633 837 qui
664 772 731 821 ab
778 770 1093 821 hominibus
1141 769 1436 821 adulatorie

372 843 781 894 benedicuntur.
830 843 1020 908 Magna
1064 842 1283 909 quidem
1334 843 1431 893 Dei
1545 853 1673 895 scat.
1704 863 1733 891 »

369 914 449 966 ira
469 924 549 965 est
582 924 634 966 et
652 914 804 975 ulti0,
835 913 982 979 quod
1000 913 1259 981 peccatori
1284 914 1433 965 deest

1346 1114 1617 1166 ORATIO

425 1279 657 1331 Domine
683 1282 808 1333 Jesu
830 1281 1061 1342 Christe,
1092 1282 1187 1349 qui
1216 1292 1277 1334 ut
1299 1282 1489 1334 altiora
1517 1284 1778 1335 virtutum
1812 1283 2046 1334 culmina
2074 1284 2310 1346 docere5‚
2353 1282 2410 1332 in
2440 1297 2619 1332 mon-

361 1359 472 1402 tem
497 1366 618 1401 cum
646 1352 926 1419 discipulis
952 1354 1256 1409 ascendisti.
1286 1354 1472 1421 ibique
1497 1354 1852 1407 beatitudines
1879 1364 1929 1405 et
1955 1355 2179 1405 virtutes
2207 1353 2468 1403 sublimes
2495 1353 2613 1403 do-

359 1422 518 1472 cuisti
540 1431 591 1472 et
610 1424 829 1488 praemia
848 1424 1077 1490 singulis
1102 1425 1453 1490 congruentia
1472 1426 1798 1490 promisisti,
1824 1427 1892 1477 da
1927 1425 2087 1486 mihi,
2123 1424 2318 1491 fragili,
2351 1432 2411 1474 ut
2448 1432 2609 1474 tuam

357 1509 542 1544 vocem
586 1496 822 1556 audienS,
859 1498 1101 1547 studeam
1126 1512 1220 1563 per
1247 1496 1508 1547 virtutum
1542 1499 1852 1550 exercitium
1882 1499 2076 1550 habere
2104 1498 2374 1555 meritum,
2404 1505 2611 1561 quate-

362 1581 483 1629 nus,
513 1575 565 1615 te
602 1566 904 1628 miserante,
935 1582 1227 1632 consequar
1245 1578 1297 1617 et
1335 1568 1640 1633 praemium.
1686 1571 1788 1621 Fac
1814 1579 1875 1620 ut
1902 1571 2248 1629 considerans
2280 1566 2614 1627 mercedem,

356 1652 496 1702 opus
519 1638 779 1688 mercedis
808 1654 914 1688 non
938 1653 1196 1699 recusem,
1222 1640 1312 1689 sed
1336 1656 1458 1706 spes
1482 1651 1695 1692 aeternae
1715 1642 1905 1693 salutis
1932 1642 2142 1709 mitiget
2171 1643 2225 1692 in
2244 1655 2332 1690 me
2354 1638 2607 1689 dolorem

361 1708 643 1759 medicinae
664 1709 963 1774 praesentis‚
996 1719 1049 1759 et
1074 1711 1324 1760 accendat
1352 1711 1599 1762 animum
1624 1713 1691 1764 ad
1724 1713 2014 1764 claritatem
2044 1714 2238 1780 operis,
2265 1713 2370 1762 Fac
2393 1724 2481 1758 me
2501 1710 2606 1759 mi-

358 1792 539 1829 serum
569 1794 714 1829 nunc
738 1780 971 1842 beatum,
1002 1779 1326 1830 beatitudine
1349 1781 1451 1832 viae
1469 1797 1564 1849 per
1581 1783 1826 1849 gratiam,
1846 1793 1898 1834 et
1925 1785 2139 1835 tandem
2160 1784 2392 1841 beatum,
2422 1779 2602 1831 beati-

357 1847 544 1899 tudine
570 1848 755 1914 patriae
770 1864 865 1915 per
892 1849 1136 1916 gloriam.
1156 1852 1346 1902 Amen.

1107 2226 1440 2299 CAPUT
1493 2226 1801 2296 XXXIV

1726 2503 1930 2593 Quod
1982 2504 2293 2574 Proelatz·
2335 2506 2587 2577 debent

1823 2656 1891 2715 et
1953 2647 2138 2740 quod

346 2501 710 2582 Sermonis
769 2501 845 2570 in
891 2512 1119 2571 monte
1164 2494 1601 2573 continuatio
1649 2528 1672 2572 .·

749 2643 978 2713 lucere
1030 2668 1231 2737 opere
1275 2657 1342 2715 et
1392 2669 1726 2727 Sermone,

498 2787 828 2856 Christus
872 2786 1007 2855 non
1052 2786 1240 2856 venit
1283 2788 1543 2879 Legem
1600 2787 1889 2869 solvere,
1946 2788 2067 2857 Sed
2115 2788 2422 2881 implere.

1162 3062 1447 3127 Matthaei
1495 3083 1630 3146 cap.
1671 3065 1728 3127 5.

1470 3337 1476 3344 1
1507 3276 1698 3326 debere
1726 3275 1898 3342 magis
1921 3290 2038 3328 esse
2082 3276 2259 3328 fortes.
2308 3277 2387 3327 Ac
2413 3276 2462 3327 si
2489 3276 2575 3328 eis

408 3292 427 3326 1
484 3276 753 3328 Arosrom
806 3290 875 3326 nr
914 3289 1153 3326 pair-:tur
1196 3290 1399 3326 paruum

1504 3346 1701 3397 diceret
1725 3362 1740 3396 ι
1766 3347 1889 3397 Non
1915 3362 2012 3398 vos
2055 3347 2261 3399 debetis
2289 3347 2344 3397 in
2390 3347 2574 3398 tribu-

336 3363 720 3400 commum-run
760 3363 896 3399 sam.
939 3375 1000 3386 —
1027 3348 1093 3397 Et
1122 3348 1248 3415 quia
1279 3349 1397 3399 Do-

336 3419 521 3470 minus
582 3421 825 3471 hortatus
860 3427 939 3468 est
989 3420 1281 3486 Apostolos
1328 3421 1395 3470 ad

333 3492 712 3543 sustinendum
776 3491 1151 3543 tribulationes
1177 3529 1191 3553 ,
1249 3508 1395 3543 nunc

330 3573 724 3629 consequenter
747 3562 901 3630 ponit
936 3571 1172 3628 quatuor
1195 3562 1394 3613 simili-

328 3634 542 3684 tudines
568 3673 582 3696 ‚
641 3634 840 3685 scilicet
890 3633 1250 3699 comparando
1299 3649 1391 3683 eos

330 3703 447 3764 sali,
496 3704 619 3765 luci,
648 3704 867 3766 civitati,
899 3713 950 3756 et
991 3705 1239 3764 lucernae,
1264 3703 1390 3770 qui-

329 3771 433 3822 bus
464 3774 609 3839 ipsos
649 3775 884 3826 ostendit
933 3773 1141 3825 similes
1163 3812 1177 3835 ,
1207 3782 1268 3824 ut
1295 3789 1391 3840 per

232 3868 241 3875 ·
327 3842 432 3895 hoc
462 3845 761 3914 intelligant
786 3862 846 3899 se
864 3848 923 3899 in
948 3846 1388 3901 tribulationibus

1506 3416 1795 3467 lationibus
1843 3416 2093 3479 deficere,
2148 3418 2276 3484 quia
2325 3418 2572 3470 defectus

1502 3497 1675 3538 vester
1715 3487 1902 3538 multis
1951 3499 2093 3540 esset
2121 3489 2326 3539 occasio
2371 3489 2567 3540 ruinae.

1515 3558 1621 3609 Vos
1653 3558 1790 3610 enim
1820 3559 1953 3609 estis
1976 3560 2063 3609 sal
2092 3565 2284 3621 terrae,·
2309 3573 2406 3610 vos
2432 3559 2571 3610 estis

1502 3629 1604 3681 lux
1642 3628 1851 3691 mundi,·
1895 3645 1991 3680 vos
2020 3630 2147 3681 estis
2173 3629 2359 3681 civitas
2399 3643 2570 3694 supra.

1501 3710 1739 3751 montem
1767 3701 1969 3766 posita,
2029 3710 2080 3752 et
2132 3701 2348 3751 lucerna
2396 3714 2568 3766 supra

1499 3773 1872 3825 candelabrum
1901 3773 2092 3840 posita.
2135 3773 2258 3836 Vox,
2310 3773 2563 3839 inquam,

1497 3845 1645 3909 esur,
1675 3845 1731 3898 id
1764 3857 1843 3899 est
1857 3848 1989 3913 {esse
2023 3845 2246 3897 debetis.
2275 3844 2409 3897 Duae
2437 3843 2564 3910 pri-
