2784 4452
565 379 659 429 DE
689 380 1118 434 vocAnonE
1142 380 1494 433 nai-rium
1528 382 1620 434 ET
1652 363 1815 436 'Esus
1844 375 2221 435 coNvtvto.'
2273 377 2278 382 ·

255 505 373 557 quo
397 493 730 557 exspectabat
748 494 889 544 bona
908 503 1178 560 perpetua.
1194 494 1331 546 Con-

263 560 373 612 vivi
377 576 480 625 um,
498 563 715 629 quidem
731 564 966 628 exhibet,
985 580 1258 631 magnum,
1274 564 1330 615 id
1371 551 1378 634 {

259 641 362 696 est,
395 647 459 682 ex
493 649 686 699 magna
716 634 1001 692 devotione
1029 645 1082 686 et
1097 635 1331 685 delecta-
1371 662 1376 690 ;

259 702 411 753 tione
435 704 649 767 menti5‚
659 719 760 769 pro
784 704 1014 755 adventu
1037 715 1090 756 et
1105 719 1332 771 praesen—
1371 701 1376 761 }

262 772 337 823 tia
358 773 494 823 tanti
531 774 777 838 hospitis,
823 785 876 825 et
918 784 1029 825 tam
1072 790 1332 842 magnum
1371 773 1374 776 ’

262 855 323 897 ut
346 846 414 895 de
444 846 691 913 reliquiis
716 846 1022 898 reficiantur
1044 848 1233 914 Angeli
1255 848 1329 908 ¹⁴in
1371 849 1374 856 '

257 918 436 982 coelis3
481 919 608 985 quia
655 919 915 986 gaudium
972 928 1050 970 est
1097 919 1330 985 Angelis

258 989 367 1040 Dei
404 1003 565 1056 super
606 1006 705 1041 uno
737 997 1021 1057 peccatore
1055 992 1327 1057 poeniten·
1370 1015 1373 1034 ι

255 1063 390 1114 tiam
423 1070 633 1130 agente.
655 1063 722 1114 Et
749 1064 882 1114 bene
905 1064 1155 1131 congruit
1179 1066 1326 1131 quod

261 1151 518 1202 magnum
538 1146 693 1186 esset.
717 1136 823 1196 Qui
843 1136 987 1187 enim
1004 1175 1018 1196 ,
1041 1146 1101 1188 ut
1116 1136 1330 1187 aitAm-

258 1205 490 1267 brosius,
520 1205 798 1255 domicilio
823 1206 1104 1256 Christum
1129 1206 1328 1272 recipit

253 1275 508 1336 intern0,
555 1276 807 1326 maximis
872 1277 1326 1327 delectationibus

252 1348 665 1398 exuberantium
700 1348 941 1415 pascitur
968 1349 1323 1415 voluptatum.
1369 1363 1370 1366 ’

259 1422 443 1503 Itaque
463 1421 729 1472 Dominus
757 1422 987 1473 libenter
1005 1421 1323 1489 ingreditur,

250 1502 310 1543 et
359 1493 419 1542 in
472 1493 587 1558 ejus
648 1494 912 1543 recumbit
958 1493 1165 1544 affec-tu.
1217 1494 1325 1545 Ubi
1369 1499 1370 1502 ’

260 1565 731 1631 Chryso-stemus,-
759 1583 789 1612 ιι
818 1565 1009 1616 Statim
1028 1576 1092 1617 ut
1121 1567 1324 1617 dictum

175 1681 182 1682 ff
246 1644 342 1699 sest
371 1635 453 1685 illi
488 1650 519 1686 a
548 1635 802 1697 Domine,
833 1650 1050 1702 sequere
1087 1652 1185 1700 me,
1218 1654 1326 1688 non

256 1716 517 1769 moratur,
549 1722 657 1756 non
693 1708 880 1765 tardat,
909 1707 1003 1757 sed
1031 1722 1163 1757 mox
1199 1722 1326 1758 sur-
1366 1701 1370 1736 ³

253 1788 406 1844 gens,
436 1784 648 1828 secutus
676 1785 757 1829 est
782 1793 916 1829 eum.
942 1779 1002 1829 In
1032 1794 1140 1845 quo
1168 1794 1225 1829 se
1253 1779 1325 1830 fi-
1365 1783 1371 1844 j

246 1851 428 1901 <telem
475 1851 586 1901 Deo
631 1862 683 1901 et
723 1851 953 1902 Abrahae
995 1851 1171 1902 filium
1205 1868 1326 1903 esse
1366 1885 1370 1902 2

254 1924 427 1975 simin
468 1925 715 1992 exemplo
747 1942 935 1977 vocem
976 1925 1195 1978 Domini
1237 1942 1325 1977 se-
1365 1959 1370 1992 5

246 1996 473 2062 quendo
534 1996 782 2062 probavit
829 2013 843 2046 ε
896 1998 1040 2047 unde
1110 1997 1320 2062 statim,

239 2072 501 2137 exemplo
522 2072 777 2133 Abrahae,
800 2081 856 2121 et
879 2072 1121 2138 hospitio
1143 2072 1325 2124 Domi-

251 2159 392 2194 num
422 2142 631 2208 recipit,
660 2154 714 2193 et
739 2143 1049 2194 convivium
1075 2144 1318 2206 exhibet,

247 2222 317 2265 ut
353 2229 479 2264 vere
513 2230 609 2279 per
644 2214 832 2265 omnia
865 2214 1062 2282 dignus
1089 2214 1319 2267 Abrahae
1356 2243 1366 2279 ᾗ

888 2305 911 2331 x·
953 2287 1069 2337 haec
1126 2287 1320 2352 Chry·-
1365 2326 1366 2329 η

247 2362 539 2407 sostomuS.
575 2356 818 2422 Mystice„
858 2357 1000 2408 sicut
1037 2358 1321 2408 Μετώπης,
1362 2370 1367 2409 i

243 2434 376 2491 post
386 2441 540 2476 suam
549 2426 952 2477 conversionem
965 2427 1088 2477 fecit
1101 2427 1320 2478 Christo
1363 2430 1364 2433 ’

247 2283 405 2335 filius
462 2296 772 2335 nosceretur
822 2303 839 2335 ;

238 2496 560 2548 convivium
592 2498 651 2547 in
683 2497 849 2547 domo
875 2513 976 2547 sua
1006 2515 1022 2549 ε
1053 2498 1131 2548 sic
1163 2498 1321 2565 quin»

249 2570 344 2620 bet
389 2585 680 2621 conversus
728 2571 795 2620 ad
845 2570 1126 2621 Christum
1158 2572 1320 2622 debet
1363 2584 1366 2589 “

237 2641 363 2691 -sibi
401 2642 574 2693 facere
614 2642 923 2694 convivium
953 2642 1234 2708 spirituale
1261 2645 1316 2694 in
1361 2696 1364 2703 Α

241 2715 526 2766 domosua
545 2716 831 2782 spirituali,
844 2716 1053 2768 scincet
1076 2717 1134 2767 in
1160 2719 1319 2769 corde
1362 2724 1365 2741 ²

241 2794 306 2836 et
339 2786 682 2848 conscientia,
716 2786 812 2837 ubi
842 2787 1044 2838 servire
1072 2789 1120 2838 ei
1154 2789 1313 2839 debet

248 2855 320 2905 de
363 2857 562 2906 sanctis
598 2858 1030 2922 cogitationibus,
1083 2859 1317 2909 medita-

241 2927 494 2978 tionibus
539 2939 594 2980 et
633 2929 1024 2981 affectionibus.
1068 2931 1223 2981 Unde
1256 2932 1317 2981 in

240 3002 620 3084 Apocalypsi:
660 3004 790 3069 Ego
815 3010 901 3054 sto
932 3005 1008 3053 ad
1037 3004 1233 3055 ostium
1266 3011 1320 3056 et

239 3071 461 3137 pulso:
495 3073 546 3124 si
580 3073 701 3139 quis
735 3074 1012 3140 aperuerit
1040 3075 1189 3136 mihi,
1230 3075 1317 3125 in-

241 3144 426 3195 troibo
462 3146 700 3206 adeum,
737 3147 1036 3250 etcoeuabo
1074 3162 1194 3200 cum
1230 3162 1366 3211 eo‚.

1363 3232 1364 3235 ¹
1424 3213 1838 3280 publicanorum
1864 3213 2329 3279 participationem
2356 3209 2497 3260 vitat-

237 3220 306 3267 a
329 3215 449 3280 ipse
479 3229 701 3266 mecum.

318 3285 347 3336 3
381 3288 566 3337 Mur-m
593 3303 872 3338 pusmmm
918 3303 1030 3338 emt
1076 3289 1314 3340 Camsro

239 3359 1123 3412 nmmum—Discumbentibus
1140 3372 1319 3413 autem

247 3427 333 3478 eis
353 3429 412 3478 in
431 3429 606 3493 domo,
627 3445 747 3482 ecce
778 3431 932 3481 multi
947 3431 1230 3497 publicani
1258 3438 1312 3483 et

233 3505 576 3564 peccatores,
614 3515 674 3550 ac
702 3500 865 3550 ceteri
896 3501 1137 3566 ejusdem
1166 3501 1315 3551 ordi·

237 3567 339 3620 nis
356 3569 624 3630 homines,
647 3571 774 3621 illuc
783 3572 853 3621 ad
871 3572 1183 3623 convivium
1201 3589 1318 3623 con·

247 3640 557 3704 veniebant,
588 3647 638 3691 et
658 3656 774 3693 cum
795 3643 929 3692 Jesu
953 3649 1004 3692 et
1029 3643 1312 3708 discipulis

237 3710 366 3778 ejus
393 3732 394 3735 ¹
419 3712 832 3765 discumbebant.
881 3714 1120 3766 Fuerant
1166 3715 1314 3765 enim

239 3781 382 3833 socii
419 3782 680 3843 Matthaei,
710 3794 763 3833 et
798 3784 1036 3849 ejusdem
1063 3785 1191 3835 artis
1218 3800 1313 3836 seu

231 3850 451 3902 officii:
486 3862 539 3902 et
580 3852 701 3903 ideo
745 3856 998 3905 recedens
1030 3856 1100 3905 ab
1138 3856 1217 3906 eis
1262 3865 1314 3907 et

237 3923 433 3974 volens
450 3925 604 3990 sequi
622 3925 920 3985 Christum,
945 3926 1072 3977 fecit
1094 3927 1173 3977 eis
1192 3944 1314 3979 con-

238 3992 474 4060 vivium,
522 3994 663 4046 sicut
709 3994 833 4046 fecit
876 3995 1105 4048 Elisaeus
1150 3998 1312 4049 sociis

2403 387 2510 454 295

1446 496 1576 554 suiS,
1597 497 1784 548 volens
1808 499 1962 564 sequi
1988 497 2166 548 Eliam
2191 499 2514 566 magistrum

1445 583 1625 617 suum.
1651 567 1818 618 Erant
1838 570 1998 619 etiam
2027 569 2184 619 multi
2211 580 2513 635 peccatores

1442 641 1554 700 alii,
1577 642 1672 707 qui
1688 642 1797 707 jam
1813 642 2133 707 poenitentes
2148 644 2513 708 sequebantur

1440 710 1755 771 Dominum,
1784 722 2056 777 sperantes
2079 712 2295 762 veniam
2321 728 2509 765 conse-

1440 782 1534 847 qui
1549 795 1908 847 peccatorum.
1920 784 2077 834 Unde
2093 784 2507 851 Hieronymus,

1442 870 1469 897 α
1500 852 1648 912 Quia
1674 852 1926 904 viderunt
1943 852 2290 919 publicanum
2314 869 2345 905 a
2374 869 2507 921 pec-

1437 924 1571 974 catis
1603 940 1943 985 conversum,
1983 934 2036 974 et
2065 908 2425 989 poenifentiae
2412 942 2506 977 in·-

1436 993 1647 1044 venisse
1673 994 1872 1055 locum,
1899 995 1967 1044 ob
1997 995 2050 1044 id
2073 994 2232 1045 etiam
2262 994 2367 1061 ipsi
2392 1012 2504 1047 non

1435 1064 1786 1131 desperabant
1816 1082 1831 1130 3
1868 1065 1960 1115 sed
1991 1065 2157 1115 veluti
2186 1065 2504 1132 poenitentes

1432 1136 1719 1186 veniebant
1737 1142 1788 1186 et
1816 1136 2213 1186 discumbebant
2231 1149 2348 1186 cum
2366 1136 2503 1188 Jesu

1434 1215 1487 1259 et
1535 1208 1820 1275 discipulis
1861 1208 1994 1275 ejus,
2047 1209 2184 1260 forte
2228 1208 2437 1280 invitati
2471 1225 2504 1261 a

1435 1281 1706 1345 Matthaeo‚
1738 1291 1798 1331 ut
1837 1281 2059 1331 haberet
2088 1281 2266 1331 socios
2297 1281 2353 1331 in
2386 1295 2504 1348 poe-

1436 1352 1680 1416 nitentia,
1709 1368 1848 1419 quos
1872 1353 2065 1402 habuit
2093 1352 2271 1416 socios
2296 1352 2354 1403 in
2383 1354 2503 1406 cul-

1434 1440 1519 1490 pa.
1553 1444 1576 1470 »
1598 1425 1693 1485 Et,
1726 1426 2027 1475 ¹secundum
2068 1424 2340 1487 Glossam,
2372 1425 2504 1490 pul-

1432 1496 1626 1545 chrum
1684 1496 1787 1546 fuit
1829 1494 2182 1561 praesagium,
2224 1496 2353 1561 q-uia
2405 1495 2503 1562 qui

1431 1566 1725 1631 Apostolus
1772 1575 1824 1615 et
1864 1566 2048 1614 doctor
2097 1564 2344 1631 gentium
2390 1574 2503 1616 erat

1430 1635 1665 1696 futurus,
1714 1638 1771 1687 in
1801 1635 1977 1702 prima
2014 1652 2111 1686 sua
2147 1635 2502 1687 conversione

1431 1709 1763 1774 peccantium
1803 1724 2021 1775 gregem
2066 1718 2188 1774 post
2228 1723 2288 1758 se
2334 1708 2503 1759 trahit

1429 1782 1771 1843 adsalutem,
1804 1792 1866 1832 ut
1886 1782 1991 1847 jam
2022 1781 2297 1847 perficeret
2325 1796 2500 1831 exem-

1430 1854 1542 1919 p10,
1557 1854 1703 1920 quod
1726 1852 1975 1920 perficere
1993 1854 2222 1903 debebat
2242 1862 2294 1902 et
2311 1852 2496 1903 verbo.

1429 1929 1538 1980 Ubi
1564 1930 2024 1997 chrysostomus:
2048 1947 2075 1974 (ι
2096 1928 2225 1977 Post
2253 1942 2498 1993 compro-

1429 2000 1607 2049 batam
1660 1999 1829 2065 igitur
1874 1998 2038 2048 fidem
2095 1997 2365 2061 Matthaei,
2397 1995 2496 2077 qui

1365 2073 1368 2106 ’ἶ
1427 2086 1568 2120 unus
1621 2085 1686 2119 ex
1748 2067 2048 2151 publicanis
2118 2068 2252 2130 fuit,
2302 2066 2498 2118 merito

1365 2147 1366 2154 ’
1423 2144 1531 2210 iam
1559 2159 1687 2194 cum
1719 2137 1954 2204 Domino
1991 2140 2049 2190 in
2088 2106 2334 2198 convi'vio
2368 2156 2499 2206 pec-

1425 2230 1631 2271 catores
1685 2228 1737 2269 et
1801 2215 2076 2284 publicani
2138 2215 2497 2280 recumbunt;

1424 2291 1752 2343 conveniunt
1772 2299 1955 2339 autem
1986 2287 2260 2353 publicani
2288 2287 2357 2337 ad
2375 2301 2503 2337 eum

1425 2362 1564 2412 sicut
1590 2361 1657 2410 ad
1689 2360 2019 2425 collegamet
2047 2358 2334 2408 hominem
2365 2357 2505 2422 ejus-

1424 2433 1548 2482 dem
1580 2430 1779 2495 officii;
1820 2430 2103 2479 decoratus
2141 2428 2288 2478 enim
2321 2426 2382 2477 in
2416 2444 2505 2476 mv-

1365 2494 1366 2539 ]
1424 2515 1613 2566 gressu
1642 2499 1869 2560 Christi,
1906 2509 1959 2549 et
1988 2498 2227 2565 glorians
2260 2498 2325 2548 de
2358 2512 2502 2563 prae·

1422 2574 1594 2624 sentia
1636 2574 1769 2638 eim,
1802 2589 1995 2624 omnes
2036 2588 2128 2622 eos
2168 2570 2498 2635 convocavit.

1426 2644 1680 2695 Christus
1706 2643 1871 2694 etiam
1901 2643 2182 2710 quodlibet
2211 2657 2380 2708 genus
2408 2656 2502 2690 re.-

1423 2717 1590 2767 medii
1618 2716 1927 2780 exhibebat,
1962 2726 2015 2766 et
2046 2731 2156 2765 non
2184 2715 2366 2764 solum
2397 2712 2502 2765 dis·

1424 2788 1663 2855 putando
1718 2798 1776 2839 et
1840 2786 2145 2853 praestando
2209 2785 2499 2835 sanitatum

1423 2857 1677 2918 remedia,
1714 2857 1798 2907 vel
1831 2854 2101 2923 arguendo
2129 2852 2499 2914 aemu105,5ed

1425 2929 1588 2980 etiam
1620 2930 1947 2980 comedendo
1978 2929 2272 2978 nonnullos
2308 2942 2497 2981 erran-

1423 3004 1563 3054 tium
1592 3001 1886 3068 dirigebat3
1924 3001 2047 3053 inde
2086 3017 2186 3052 nos
2215 3000 2496 3051 instruens

1425 3074 1571 3139 quod
1600 3073 1883 3139 quodlibet
1911 3088 2048 3138 opus
2073 3082 2125 3122 et
2145 3082 2360 3137 tempus
2386 3086 2497 3136 po·

1424 3154 1529 3193 test
1555 3142 1714 3193 nobis
1742 3143 2029 3194 utilitatem
2060 3142 2248 3193 afferre
2258 3157 2274 3205 ;
2299 3140 2374 3190 sic
2402 3152 2499 3189 nec

1425 3286 1520 3346 vit,
1569 3296 1786 3352 propter
1829 3286 2116 3336 utilitatem
2157 3291 2494 3364 sequentem,

1428 3371 1577 3406 more
1612 3354 1742 3406 boni
1776 3355 1990 3419 medici,
2020 3355 2114 3420 qui
2150 3354 2253 3403 nisi
2284 3349 2494 3402 saniem

1425 3438 1692 3495 tangeret,
1723 3444 1754 3479 a
1787 3429 1979 3478 morbo
2022 3444 2131 3477 non
2161 3426 2430 3476 liberaret.
2463 3443 2493 3472 η

1428 3499 1588 3551 Unde
1620 3508 1675 3550 et
1710 3496 2096 3567 Hieronymus
2131 3515 2147 3546 .·
2183 3512 2209 3542 κ
2239 3496 2355 3547 Ibat
2393 3510 2494 3544 au·-

1424 3580 1530 3620 tem
1597 3568 1868 3619 Dominus
1910 3568 1975 3618 ad
2019 3565 2263 3617 convivia
2313 3579 2492 3630 pecca-

1421 3652 1635 3702 torum,
1664 3650 1727 3692 ut
1761 3640 2092 3691 occasionem
2134 3638 2356 3688 haberet
2386 3637 2492 3686 d00.

1420 3710 1577 3765 cendi
1593 3751 1617 3776 „
1655 3724 1708 3765 et
1756 3712 2062 3779 spirituales
2123 3708 2490 3763 imitatoribus

1420 3783 1536 3832 suis
1574 3783 1834 3849 praeberet
1871 3781 2041 3832 cibos,
2081 3780 2330 3846 Denique
2361 3794 2488 3839 cum

1418 3855 1724 3922 frequenter
1753 3870 1973 3922 pergere
2011 3854 2076 3904 ad
2115 3853 2359 3904 convivia
2395 3854 2488 3904 de—

1418 3926 1700 3988 scribatur,
1730 3926 1873 3977 nihil
1904 3925 2131 3976 refertur
2176 3925 2352 3988 aliud,
2377 3922 2484 3979 nisi

1417 4000 1554 4067 quid
1586 4000 1665 4051 ibi
1694 3999 1907 4062 fecerit,
1944 3992 2075 4066 quid
2117 3999 2386 4066 docuerit,
2424 4009 2487 4052 ut
