2784 4452
678 293 785 383 'DE
817 331 1089 384 amru
1118 331 1383 385 nom
1408 335 1503 387 Ex
1532 299 1865 392 AEGYPTO.

152 458 285 506 ειυς,
317 457 372 498 et
409 446 690 498 tricesimo
736 458 923 499 octavo
954 464 1096 498 anno
1132 464 1224 500 re·-

151 519 247 586 gni
271 519 383 583 sui,
410 529 661 569 mortuus
691 530 775 569 est
818 521 1074 570 Herodes-
1106 522 1225 570 Hoc

148 600 327 641 sutem
375 591 580 641 factum
620 600 727 650 est,
772 601 837 641 ut
876 592 1223 644 consecutive

147 661 536 727 adimpleretur
587 663 731 729 quod
800 662 1006 713 dictum
1055 675 1141 715 est
1187 680 1221 715 a

144 734 389 784 Domino
438 750 535 800 per
601 736 801 786 Oseam
854 737 1176 802 prophetam
1202 753 1220 787 z

145 806 246 857 Ex
276 807 550 875 AEgypto
574 809 762 859 vocavi
790 809 994 860 Filium
1024 824 1215 873 mem,

144 878 353 928 scilicet
389 880 916 936 consubstantialem.
958 882 1075 931 Hoc
1113 896 1218 932 au·-

143 961 254 1001 tem
289 953 362 1001 de
383 952 661 1004 vocatione
699 964 752 1004 et
778 955 925 1005 exitu
962 956 1127 1006 Israel
1149 957 1216 1006 de

142 1023 414 1088 AEgypm,
471 1024 537 1073 ad
565 1024 797 1076 litteram
850 1026 1062 1092 legitur,
1117 1027 1214 1093 qui

142 1094 304 1143 etiam
360 1096 685 1162 quandoque
733 1113 866 1164 puer
910 1107 964 1149 et
1008 1098 1157 1149 filius
1183 1114 1216 1149 a

141 1164 380 1215 Domino
427 1167 739 1232 appellatur.
796 1170 900 1219 Ista
942 1185 1069 1236 ergo
1111 1185 1213 1221 au—

141 1235 359 1285 ctoritas
389 1235 552 1287 habet
578 1238 846 1305 duplicem
875 1256 1094 1291 sensum
1119 1241 1213 1291 lit-

141 1307 383 1367 teralem,
414 1308 543 1374 quia
584 1310 856 1361 verificata
893 1322 977 1363 est
1010 1314 1077 1363 ad
1113 1313 1212 1363 lit-

140 1389 329 1441 teram,
371 1382 441 1431 de
487 1384 689 1447 populo
734 1385 923 1446 Israel,
958 1397 1144 1437 vocato
1179 1403 1211 1438 a

140 1450 378 1501 Domino
414 1454 480 1502 de
506 1456 766 1520 AEgypt03
811 1456 1096 1521 perfectius
1123 1468 1211 1509 ta-

138 1540 265 1574 men
298 1526 368 1575 de
390 1526 644 1577 Domino
680 1539 864 1579 nostro
888 1531 1013 1581 Jesu
1045 1532 1211 1582 Chri-

138 1606 253 1656 ste,
313 1597 446 1663 quia
495 1598 610 1663 ipse
646 1609 729 1649 est
762 1600 939 1651 Filius
965 1602 1064 1652 Dei
1105 1618 1208 1653 na-

136 1667 366 1729 turaliS,
419 1669 508 1718 alii
552 1680 731 1720 autem
778 1681 908 1722 sunt
955 1672 1053 1722 filii
1113 1690 1208 1739 per

134 1739 501 1804 adoptionem.
542 1741 731 1792 Primo
757 1758 886 1808 ergo
913 1758 1057 1793 anno
1097 1746 1208 1795 Ar·-

135 1811 341 1873 chelai,
403 1813 631 1865 senioris
687 1815 788 1865 filii
839 1817 1094 1879 Herodis,
1155 1828 1209 1869 et

133 1896 280 1932 anno
302 1884 527 1934 Domini
557 1895 759 1946 octavo,
801 1889 1062 1953 apparuit
1085 1891 1206 1940 An*-

132 1954 295 2019 gelus
322 1955 544 2006 Domini
570 1958 771 2023 ,Ioseph
800 1960 854 2009 in
883 1960 1086 2011 somnis
1115 1962 1206 2012 di-

133 2037 258 2073 cens
292 2026 345 2074 ei
375 2043 395 2075 .-
436 2027 592 2077 Tolle
612 2029 854 2079 Puerum
886 2036 940 2080 et
965 2030 1204 2083 Matrem

132 2094 266 2159 eius,
292 2103 351 2145 et
379 2099 523 2148 vade
541 2099 595 2149 in
635 2106 839 2151 terram
872 2102 1067 2166 Israel,
1093 2104 1202 2155 sci-

130 2167 257 2217 licet
310 2168 369 2217 in
430 2170 700 2236 Judaeam3
776 2172 1019 2239 defuncti
1080 2184 1205 2228 sunt

131 2240 288 2300 enim,
311 2241 405 2306 qui
422 2244 732 2307 quaerebant
755 2245 993 2296 anima-m
1010 2248 1198 2312 Pueri,

130 2309 184 2358 id
242 2321 324 2360 est
368 2312 536 2362 vitam
589 2316 917 2379 corporalem
936 2356 951 2378 ,
1001 2319 1203 2370 scilicet

132 2381 379 2432 Herodes
416 2393 473 2433 et
500 2385 787 2451 complices
826 2388 968 2453 ejus,
999 2400 1053 2441 et
1076 2391 1200 2443 fau-

128 2462 275 2502 tores
326 2453 386 2503 in
436 2467 665 2506 mortem
717 2458 961 2526 Domini,
1002 2463 1201 2514 scilicet

127 2523 329 2574 Scribae
352 2535 406 2575 et
429 2526 710 2593 Pharisaei3
729 2531 874 2596 quia,
899 2535 1197 2585 secundum

126 2593 437 2660 fias-epham,
502 2598 741 2650 Herodes
813 2603 1064 2669 praecepit
1139 2605 1196 2655 in

126 2677 300 2716 morte
328 2683 444 2729 sua,
487 2671 667 2734 plures
699 2673 770 2723 de
792 2674 1065 2726 nobilibus
1099 2678 1196 2727 Ju-

125 2737 368 2788 daeorum
433 2739 692 2808 interfici,
744 2754 805 2794 ut
856 2746 937 2796 sic
984 2761 1197 2814 cogeret

124 2809 341 2861 Judaeos
377 2813 470 2878 qui
509 2829 635 2864 eum
669 2817 917 2878 oderant,
963 2818 1089 2870 flere
1140 2821 1194 2872 in

124 2895 218 2932 sua
270 2893 472 2947 morte3
519 2887 604 2935 vel
657 2887 896 2939 Herodes
946 2901 1194 2943 mortuus

125 2963 202 3002 est
228 2955 297 3003 ad
326 2955 560 3005 litteram
577 2995 591 3021 ,
628 2958 719 3009 alii
748 2960 925 3025 quoad
954 2971 1192 3026 potesta-

123 3032 250 3072 tem.
284 3024 371 3074 Ex
409 3025 515 3076 hoc
554 3042 681 3094 ergo
718 3029 855 3090 loco,
893 3033 1191 3084 secundum

123 3093 550 3163 Hieronymum,
579 3097 934 3166 intelligimus
962 3118 1069 3152 non
1097 3119 1191 3154 so-

121 3164 233 3214 him
272 3167 573 3230 Herodem,
603 3171 696 3220 sed
734 3181 786 3222 et
812 3174 1111 3224 sacerdotes
1139 3185 1192 3226 et

119 3235 352 3299 scribas,
410 3239 604 3288 eodem
661 3251 939 3307 tempore,
1001 3259 1189 3296 necem

118 3304 339 3356 Domini
391 3308 561 3360 fuisse
607 3313 910 3364 meditatos.
979 3316 1051 3366 Ut
1103 3333 1192 3368 au-

113 3386 225 3427 tem
269 3379 345 3429 ait
382 3382 706 3449 Remigius,
755 3401 856 3452 per
888 3387 993 3438 hoc
1042 3393 1188 3456 qnod

114 3448 361 3514 Angelus
416 3451 474 3501 in
528 3455 741 3506 somnis
796 3457 997 3523 Joseph
1039 3474 1190 3527 appa-

108 3518 288 3571 ruisse
327 3522 550 3584 dicitur,
594 3526 820 3593 mystice
858 3528 1186 3596 designatur,

109 3591 263 3654 quod
292 3592 376 3641 ini
406 3594 500 3660 qui
528 3610 558 3645 a
586 3596 733 3647 curis
761 3599 993 3650 terrenis
1021 3610 1074 3650 et
1101 3617 1188 3652 se-

112 3661 391 3712 cularibus
417 3666 657 3730 negotiis
672 3667 1036 3733 requiescunt,
1060 3687 1187 3737 per-

109 3729 214 3782 frui
245 3735 502 3800 Angelica
532 3737 745 3790 visione
769 3751 1059 3794 merentur.
1092 3744 1190 3810 lgi-

110 3811 197 3852 tur
255 3804 460 3871 Joseph
519 3822 881 3876 consurgens,
928 3821 1186 3879 tanquam

110 3885 401 3940 promptus
456 3877 740 3940 obediens,
787 3883 998 3948 aceepit
1038 3885 1186 3934 Pue-

107 3960 262 4008 rum,
307 3957 566 4014 tanquam
613 3951 869 4006 nutritius
897 3955 1183 4022 sollicitus,
1230 3956 1231 3959 ’

2295 351 2396 415 143

1329 457 1385 499 et
1426 450 1667 503 Malum
1710 455 1856 522 ejus,
1905 465 2162 524 tanquam
2215 477 2398 516 comes

1329 524 1709 592 obsequiosus,
1743 538 1797 579 et
1822 530 1983 595 coepit
2009 532 2188 584 redire
2216 536 2269 586 in
2292 544 2399 588 ter-

1325 609 1447 645 ram
1478 596 1675 649 Israel.

1391 682 1424 716 2
1460 668 1569 719 Psa
1598 687 1879 723 uastarunt
1922 690 2167 727 Tmsrr.
2199 706 2261 716 —
2286 681 2395 732 Va-

1323 738 1463 789 dunt
1497 756 1625 809 ergo
1664 753 1716 793 et
1765 753 2042 795 transeunt
2077 763 2175 812 per
2206 750 2393 801 deser·-

1322 818 1459 871 tum,
1499 826 1595 876 per
1637 815 1785 879 quod
1819 827 2101 868 venerunta
2148 819 2297 870 Vade
2340 832 2393 874 et

1320 892 1379 943 tu
1409 900 1533 935 cum
1569 886 1666 952 eis,
1708 889 1974 941 auxilium
2013 901 2064 941 et
2104 893 2388 947 servitium·

1304 953 1614 1017 exhibens,
1672 968 1724 1008 et
1778 958 2097 1024 impendens
2145 963 2278 1029 ipsis
2333 966 2388 1015 in

1318 1027 1523 1092 quibus
1572 1032 1789 1095 poteris.
1835 1033 1906 1083 Et
1937 1033 1994 1084 in
2042 1034 2160 1101 ipso
2200 1037 2394 1090 itinere

1320 1098 1521 1161 poteris
1573 1102 1804 1167 compati
1853 1103 1932 1154 eis
2005 1116 2058 1156 et
2123 1107 2392 1173 respicere

1317 1166 1468 1233 ipsos
1513 1169 1764 1237 fatigatos
1806 1183 1862 1224 et
1896 1175 2076 1227 labore
2115 1177 2384 1244 devictos,

1317 1249 1371 1291 et
1399 1250 1512 1292 tam
1540 1244 1607 1293 de
1648 1245 1736 1296 die
1781 1262 1945 1311 quam
1985 1249 2053 1299 de
2082 1259 2257 1310 nocte,
2288 1267 2386 1317 pa-

1316 1328 1439 1362 rum
1479 1315 1680 1379 quietis
1715 1316 1988 1370 habentes.
2033 1321 2083 1370 O
2118 1333 2386 1388 quantum

1320 1386 1457 1435 Puer
1500 1388 1748 1454 egregius
1796 1406 1856 1440 ac
1923 1392 2213 1455 delicatus,
2271 1398 2388 1447 Rex

1315 1457 1433 1506 coeli
1460 1466 1516 1507 et
1538 1468 1693 1510 terrae
1708 1498 1724 1523 ‚
1769 1478 1870 1527 pro
1906 1464 2063 1514 nobis
2109 1465 2393 1528 laboravit,

1315 1536 1366 1575 et
1394 1542 1557 1593 quam
1584 1529 1689 1580 cito
1712 1532 1960 1597 coeperit!
1993 1534 2146 1585 Unde
2168 1547 2223 1586 et
2250 1538 2396 1588 Pro-⁷

1312 1599 1474 1663 pheta
1535 1601 1590 1651 in
1639 1604 1752 1668 ejus
1812 1621 2040 1671 persona
2089 1610 2336 1673 praedixit
2369 1629 2394 1662 :a

1313 1669 1537 1735 Pauper
1570 1686 1687 1722 sum
1722 1689 1846 1740 ego,
1885 1683 1938 1726 et
1959 1677 2329 1736 inlaboribus
2346 1695 2388 1731 a

1307 1740 1582 1805 juventute
1634 1759 1769 1796 mea.
1829 1747 2092 1800 Penni-ias
2132 1766 2380 1818 magnass,

1311 1811 1524 1863 iabores
1547 1815 1762 1876 arduos,
1796 1828 1851 1867 et
1876 1819 2198 1872 afflictiones
2218 1824 2383 1875 duras

1311 1886 1570 1951 corporis,
1601 1891 2047 1943 con-‘nantissime⁴
2067 1897 2389 1962 assumpsit‚.

1311 1964 1365 2004 et
1412 1956 1651 2023 seipsum
1690 1961 1844 2026 quasi
1890 1964 2016 2013 odio
2062 1981 2160 2031 pro
2196 1982 2382 2018 amore

1309 2026 1478 2077 nostri
1508 2028 1716 2080 habuit.
1738 2032 1893 2082 Certe
1910 2033 2060 2083 solus
2089 2035 2177 2085 hic
2204 2037 2375 2097 labor,

1308 2096 1380 2147 de
1402 2114 1513 2165 quo
1540 2117 1684 2172 nunc
1716 2112 2038 2162 tractamus,
2072 2108 2140 2155 ad
2163 2109 2378 2172 plenam

1309 2171 1736 2238 redemptionem
1815 2185 2055 2228 nostram
2128 2179 2375 2233 sufficere

1308 2241 1602 2295 debuisset.

1372 2310 1401 2360 3
1447 2313 1552 2362 Hm
1603 2330 1700 2364 su
1739 2331 2118 2368 »mmm-run
2169 2335 2377 2371 asem-r

1304 2381 1537 2432 ,Ioannes
1593 2385 1874 2438 BmtsrA.
1909 2415 1976 2426 -
2003 2388 2215 2440 Dicitur
2271 2407 2373 2442 au—

1304 2465 1416 2504 tem
1472 2457 1620 2521 quod
1677 2474 1844 2525 prope
1903 2460 2070 2512 finem
2136 2464 2372 2529 praedicti

1303 2526 1519 2587 deserti,
1559 2528 1665 2593 jam
1694 2546 1830 2595 puer
1865 2533 2102 2584 ,loannes
2138 2535 2373 2600 Baptista

1303 2600 1670 2665 poenitentiam
1723 2619 1880 2670 agae
1932 2618 2188 2672 coeperat,
2247 2625 2372 2660 cum

1300 2679 1482 2721 tamen
1536 2673 1751 2724 nullum
1792 2686 2067 2742 peccatum
2113 2678 2335 2730 haberet
2355 2719 2370 2736 ,

1300 2741 1431 2806 quia
1457 2741 1655 2794 dicitur
1678 2745 1896 2810 petiisse
1913 2747 2204 2812 desem,
2235 2750 2369 2800 dum

1298 2821 1502 2878 septem
1529 2829 1799 2866 annorum
1828 2827 1984 2877 esset,
2009 2828 2064 2868 et
2102 2821 2251 2885 quod
2281 2821 2379 2870 lo-

1299 2898 1400 2933 cus
1440 2884 1715 2949 Jordanis,
1761 2887 1860 2937 ubi
1915 2888 2204 2953 baptizavit
2253 2890 2370 2956 ipse

1297 2953 1554 3015 Joannes,
1584 2966 1670 3006 est
1691 2957 1783 3008 ine
1822 2958 1920 3008 ubi
1946 2960 2269 3011 transierunt
2295 2961 2368 3012 fi-

1297 3024 1358 3073 lii
1428 3026 1585 3076 Israel
1609 3064 1626 3087 ,
1693 3030 1911 3094 quando
1969 3043 2240 3082 venerunt
2298 3034 2366 3084 de

1295 3096 1531 3162 AEgypto
1560 3113 1656 3163 per
1682 3098 1862 3165 ipsum
1889 3101 2158 3152 desertum
2190 3120 2204 3152 :
2237 3120 2365 3170 pro-

1298 3182 1367 3230 pe
1391 3183 1555 3232 quem
1587 3170 1787 3234 locum,
1818 3171 1879 3222 in
1913 3173 2105 3222 eodem
2132 3174 2360 3235 desert0,

1294 3240 1528 3290 loannes
1563 3240 1690 3292 fecit
1725 3244 2114 3309 poenitentiam.
2155 3246 2365 3296 Praedi-

1295 3322 1446 3363 cator
1480 3314 1810 3379 poenitentiae
1853 3317 2098 3382 futuruS,
2163 3328 2372 3384 quanto

1295 3386 1457 3436 citius
1485 3388 1677 3453 potuit,
1701 3405 1887 3458 aspera
1912 3391 2221 3442 solitudinis
2248 3393 2363 3442 ele-

1295 3458 1374 3524 git
1404 3468 1457 3509 et
1489 3460 1658 3525 petiit,
1684 3462 1778 3513 ubi
1816 3463 2124 3530 primaevam
2150 3473 2361 3514 aetatem

1293 3531 1569 3597 transegit,
1601 3543 1664 3583 ut
1701 3534 1888 3585 vivens
1914 3535 1972 3584 in
2001 3534 2241 3594 desertiS,
2271 3535 2361 3585 vi-

1289 3610 1405 3650 tam
1440 3613 1705 3654 austeram
1738 3605 1974 3665 duceret,
2007 3614 2060 3656 et
2086 3606 2152 3656 ab
2180 3621 2361 3656 amore

1295 3682 1347 3722 et
1383 3673 1644 3727 illecebris
1683 3678 1889 3738 mundi,
1928 3687 1981 3729 et
2013 3694 2070 3729 se
2114 3686 2167 3728 et
2201 3676 2361 3728 audi-

1293 3753 1436 3795 tores
1476 3762 1606 3797 suos
1647 3749 1993 3814 suspenderet
2037 3748 2268 3807 faciliu5‚
2309 3759 2365 3800 et

1282 3827 1581 3876 revocaret,
1620 3828 1673 3868 et
1713 3829 1774 3869 ut
1811 3818 1888 3869 ibi
1921 3820 2357 3887 contemplationi

1291 3898 1502 3938 vacaret
1546 3888 1798 3955 liberius,
1846 3890 2087 3947 divinam
2144 3891 2360 3958 sapien-

1290 3956 1422 4009 tiam
1453 3959 1769 4025 hauriend0‚
1805 3979 1971 4030 quam
2013 3970 2196 4031 postea
2217 3965 2360 4017 effia-
