2784 4452
309 411 376 448 22
997 396 1235 447 PRIMAE
1271 397 1521 449 PARTIS
1563 396 1797 448 CAPUT
1829 397 1891 446 11.

306 511 547 577 periculi,
575 521 628 560 et
651 520 915 576 quantum
939 510 1044 561 fuit
1068 520 1363 576 peccatum3

303 590 357 631 et
394 596 558 646 quam
605 596 798 647 magna
839 580 1126 632 difficultas
1167 582 1239 632 sit
1278 582 1369 633 in-

301 653 486 704 venire
538 653 853 704 remedium.
912 654 972 702 In
1022 652 1129 702 hoc
1182 653 1365 720 itaque

303 734 691 774 consenserunt
731 723 998 789 praedictae
1038 722 1280 783 virtutes,
1318 734 1372 774 et

301 806 431 847 tunc
471 796 754 863 impletum
796 806 849 846 et
892 795 1027 846 illud
1083 796 1369 863 propheti-

302 883 427 918 cnm
459 885 473 918 ε
503 868 892 919 Misericordia
943 874 995 919 et
1040 869 1244 919 veritas
1286 868 1372 919 ob-

305 938 584 989 viaverunt
611 938 731 1000 sibi,
744 938 966 1005 justitia
991 944 1042 989 et
1071 953 1199 1005 pax
1224 952 1372 990 oscu-

305 1008 433 1059 latoe
460 1015 599 1058 sunt.

369 1076 398 1128 5
466 1079 751 1127 ΚΕΜΕοιυκ
805 1094 1023 1128 umcmr.
1084 1106 1155 1118 --
1216 1077 1372 1130 Circa

301 1162 427 1199 vero
456 1150 733 1214 praemissa
760 1150 836 1200 sic
875 1150 1118 1218 loquitur
1142 1151 1252 1201 Leo
1283 1150 1373 1199 Pa-

300 1235 369 1286 pa
399 1237 413 1270 :
444 1238 472 1267 α
503 1222 641 1281 Quia
667 1239 777 1272 non
807 1223 880 1272 ita
904 1223 962 1272 in
1004 1223 1246 1289 primum
1275 1222 1370 1272 ho·

300 1291 505 1343 minem
547 1293 795 1344 diabolus
845 1294 1117 1345 violentus
1170 1294 1368 1345 extite-

302 1371 384 1411 rat
404 1399 420 1426 ,
469 1372 530 1412 ut
576 1378 700 1412 eum
757 1363 813 1414 in
867 1374 1041 1429 partes
1089 1380 1214 1416 suas
1253 1364 1374 1415 sine

299 1430 509 1481 arbitrii
543 1433 898 1499 consensione
924 1434 1262 1499 transferret3
1293 1435 1374 1486 sic

299 1502 686 1552 destruendum
727 1503 831 1554 fuit
860 1515 1074 1570 pactum
1115 1507 1371 1556 volunta-

301 1572 445 1622 rium
469 1583 521 1623 et
558 1574 757 1625 hostile
797 1576 1105 1636 consilium,
1136 1587 1197 1627 ut
1224 1577 1371 1628 dono

300 1643 486 1709 gratiae
512 1661 621 1695 non
653 1646 866 1697 obesset
910 1662 1100 1697 norma
1129 1647 1368 1712 justitiae.

302 1715 363 1764 In
413 1715 581 1766 totius
643 1717 807 1783 igitur
862 1717 1089 1768 humani
1158 1719 1372 1784 generis

214 1832 219 1837 .
299 1794 474 1852 strage
515 1788 811 1848 communi,
844 1804 1016 1838 unum
1041 1790 1220 1840 solum
1267 1788 1371 1841 fuit

299 1858 617 1919 remedium,
653 1860 755 1909 sub
781 1860 979 1911 divinae
1018 1861 1247 1913 rationis
1274 1878 1371 1913 oc-

299 1929 461 1989 culto,
506 1932 652 1996 quod
695 1941 874 1996 posset
911 1932 1199 1984 subvenire
1237 1950 1371 1999 pro-

299 2000 524 2051 stratis:
555 2000 602 2051 si
649 2002 848 2068 aliquis
895 2001 1134 2053 filiorum
1193 2004 1367 2054 Adam

299 2070 584 2136 originalis
641 2073 1094 2138 praevaricationis
1157 2075 1369 2126 alienus

297 2153 459 2210 atque
488 2145 750 2197 innocens
779 2157 1099 2209 nasceretur,
1132 2149 1228 2215 qui
1275 2165 1366 2200 ce-

298 2214 428 2265 teris
456 2217 703 2283 exemplo
741 2218 1013 2283 prodesset
1049 2229 1100 2270 et
1152 2220 1364 2272 merito,

295 2288 403 2338 Sed
438 2289 566 2355 quia
617 2291 732 2341 haee
784 2292 1042 2343 naturalis
1094 2294 1368 2360 generatio

297 2372 410 2409 non
451 2359 678 2424 sinebat,
722 2363 992 2413 Dominus
1047 2364 1235 2426 David,
1279 2364 1366 2415 fa-

296 2437 414 2479 ctus
439 2440 520 2481 est
549 2430 694 2481 filius
724 2433 911 2492 David,
937 2444 991 2484 et
1019 2434 1087 2484 de
1108 2435 1364 2500 promissi

296 2502 508 2566 generis
537 2502 711 2553 fructu
749 2506 925 2569 proles
961 2516 1044 2556 est
1081 2517 1215 2567 orta,
1247 2508 1366 2557 sine

294 2571 491 2623 vitio.»
512 2574 668 2625 Unde
688 2576 850 2626 etiam
864 2577 1188 2627 AnselmuS.
1174 2594 1188 2606 ·
1219 2597 1247 2624 α
1267 2580 1366 2629 Na-

295 2651 419 2694 tura
465 2656 645 2696 nostra
690 2647 754 2696 ad
796 2648 1214 2698 similitudinem
1265 2650 1362 2700 Dei

296 2712 356 2763 in
408 2714 677 2781 principio
726 2729 896 2769 creata
924 2718 1045 2778 fuit,
1098 2730 1363 2785 quatenus

296 2783 662 2836 indesinenter
703 2788 821 2853 ipso
858 2790 969 2839 Deo
997 2788 1280 2850 frueretur,
1310 2801 1363 2840 et

294 2853 410 2917 ejus
455 2856 624 2920 gloria
663 2858 781 2908 sine
823 2859 973 2909 omni
1018 2860 1362 2925 corruptione

294 2933 350 2975 et
364 2926 728 2978 mutabilitate
754 2929 1043 2994 aliquando
1080 2930 1358 2996 potiretur.

296 2995 413 3045 Hoc
452 3006 562 3047 tam
593 3001 792 3064 grande
843 3002 1047 3051 bonum
1088 3002 1270 3052 statim
1300 3003 1357 3053 in

230 3083 235 3087 ’
294 3066 489 3150 primis
539 3070 850 3134 parentibus
901 3072 1150 3155 perdidit,
1198 3084 1363 3140 atque

294 3139 354 3189 in
379 3139 542 3206 hujus
570 3142 761 3192 mundi
808 3143 1052 3195 miserias
1089 3144 1278 3196 infelix
1305 3157 1359 3197 et

294 3223 530 3275 praeceps
580 3211 689 3261 ruit
731 3212 789 3261 in
819 3222 1044 3263 aeternas
1089 3214 1354 3275 miserias,

292 3277 516 3329 decurso
540 3280 665 3331 vitae
693 3282 920 3332 labentis
947 3283 1189 3344 articulo,
1223 3287 1358 3335 mul·

291 3357 351 3399 to
399 3348 668 3401 infelicius
722 3352 943 3404 ruitura.
1001 3354 1357 3405 Transierunt

293 3420 464 3470 multa
490 3422 683 3482 secula,
714 3432 767 3472 et
793 3422 1158 3474 damnationis
1183 3424 1356 3490 ipsius

294 3491 604 3544 immanitas
631 3510 794 3561 super
832 3511 1024 3547 omnes
1064 3496 1207 3548 filios
1247 3496 1354 3547 ho-

293 3562 507 3615 minum
553 3575 634 3616 est
690 3566 746 3616 in
801 3567 1034 3618 deterius
1086 3568 1353 3620 roborata.

293 3632 404 3683 Nec
424 3635 571 3685 enim
606 3637 809 3687 summi
850 3637 1111 3719 sapientia
1135 3638 1232 3688 Dei
1261 3639 1353 3688 ul·-

291 3701 401 3753 lam
447 3704 505 3755 in
548 3723 725 3758 massa
776 3708 1058 3759 creationis
1098 3708 1353 3760 humanae

260 3791 263 3792 ⁷
291 3773 434 3824 viam
472 3776 696 3839 invenit,
747 3795 840 3844 per
874 3794 1036 3845 quam
1073 3790 1135 3830 ut
1162 3780 1353 3846 dispo-

291 3855 472 3896 suerat
520 3848 576 3897 in
628 3850 895 3900 mundum
954 3850 1178 3902 veniens
1241 3862 1351 3903 tam

287 3914 545 3967 luctuosae
576 3920 862 3983 perditioni
893 3920 1219 3984 subveniret,
1248 3923 1351 3973 do-

291 4000 390 4037 nee
411 3987 478 4036 ad
503 3987 661 4038 istam
690 3990 756 4040 de
785 4007 891 4056 qua
918 3991 1197 4057 loquimur
1219 3993 1351 4044 Vir-

1481 511 1664 578 ginem
1692 521 1914 561 ventum
1947 520 2102 560 esset.
2152 510 2254 561 Sed
2282 508 2398 560 haec
2423 524 2560 571 mox

1477 581 1624 632 utin
1652 581 1920 631 mundum
1964 581 2130 640 venit,
2181 595 2275 644 per
2297 580 2560 632 humanae

1478 651 1840 718 generationis
1894 650 2126 710 lineam,
2168 659 2314 700 tanta
2366 649 2554 703 omnis

1478 721 1606 772 boni
1637 722 1835 772 virtute
1875 731 2035 787 atque
2091 720 2392 771 constantia
2419 735 2554 786 per-

1476 794 1610 844 fecte
1651 794 2004 858 resplenduit,
2056 803 2116 843 ut
2158 808 2276 843 eam
2315 793 2435 859 ipsa
2456 807 2552 846 sa·-

1476 863 1679 930 pientia
1720 864 1819 914 Dei
1859 878 1982 915 vere
2006 863 2228 929 dignam
2269 863 2552 928 judicaret,

1477 948 1571 998 per
1627 948 1794 999 quam
1851 932 1911 982 in
1965 933 2248 983 hominem
2302 931 2548 993 veniens„

1478 1019 1588 1054 non
1639 1003 2015 1054 tantummodo
2077 1013 2284 1053 reatum
2337 1003 2553 1069 primo-

1476 1091 1599 1127 rum
1626 1075 1935 1136 hominum,
1967 1076 2061 1127 sed
2089 1086 2141 1126 et
2182 1075 2352 1127 totius
2376 1092 2550 1126 mun-

1475 1147 1530 1196 di
1545 1157 1770 1228 ’peccata
1795 1149 2010 1208 deleret,
2059 1158 2224 1213 atque
2269 1147 2549 1199 diabolum

1476 1218 1560 1268 sui
1590 1218 1768 1283 operis
1797 1218 2084 1269 inimicum
2129 1234 2251 1269 cum
2284 1218 2399 1270 suis
2440 1218 2549 1269 eli-

1476 1290 1642 1351 deret,
1667 1305 1766 1340 nec
1813 1307 1925 1341 non
1967 1291 2165 1341 damna
2206 1290 2391 1356 patriae
2433 1306 2552 1341 coe-

1477 1359 1659 1422 lestis,
1712 1360 1995 1411 hominem
2046 1360 2176 1411 illuc
2227 1360 2551 1420 reducendo,

1477 1430 1839 1497 reintegraret.
1887 1432 2023 1490 Quis
2076 1431 2242 1497 igitur
2282 1431 2384 1483 ista
2425 1446 2557 1496 per-

1478 1500 1720 1565 pendens
1747 1501 2015 1552 aestimare
2051 1511 2227 1567 queat,
2257 1516 2365 1567 qua
2388 1500 2550 1552 laude

1477 1572 1640 1639 digna
1670 1573 1759 1634 sit,
1790 1589 1914 1639 quae
1958 1583 2234 1624 tantorum
2277 1573 2552 1624 bonorum

1478 1646 1592 1696 sola
1647 1661 1757 1712 prae
1809 1647 2015 1697 cunctis
2070 1644 2356 1697 mediatrix
2403 1644 2550 1698 effici

1477 1713 1710 1765 meruit?
1736 1734 1763 1762 η
1791 1715 1908 1766 haec
1930 1716 2235 1766 Ansclmus.

1540 1783 1576 1834 6
1624 1785 2064 1836 Pmnnsrmno
2116 1786 2177 1836 Β.
2219 1785 2285 1836 V.
2331 1785 2551 1837 Mnus.

1476 1883 1537 1893 -
1563 1855 1676 1905 Nec
1725 1854 1831 1906 fuit
1894 1855 1995 1905 ista
2045 1855 2213 1920 Virgo
2261 1855 2442 1906 subito
2493 1864 2556 1908 et

1475 1943 1603 1979 casu
1629 1928 1863 1989 inventa,
1916 1928 2010 1978 sed
2050 1929 2117 1978 ab
2161 1937 2360 1980 aeterno
2402 1943 2549 1994 prae-

1474 1999 1758 2051 destinata.
1778 2000 1934 2051 Unde
1951 2001 2322 2050 Damascenus
2335 2017 2353 2050 .·
2378 2017 2407 2046 ιι
2426 1998 2554 2064 Ipsa

1474 2068 1572 2119 Dei
1657 2069 1903 2120 Genitrix
1989 2070 2056 2120 ab
2128 2079 2328 2120 aeterno
2383 2068 2551 2121 etiam

1475 2141 1705 2206 praeviso
1746 2150 1986 2207 tempore
2013 2140 2111 2190 Dei
2150 2139 2381 2190 consilio
2414 2154 2549 2204 prae·

1474 2212 1845 2275 determinata,
1899 2222 1951 2264 et
1990 2212 2216 2264 diversis
2274 2211 2556 2279 imagina—

1472 2283 1716 2334 tionibus
1765 2294 1817 2335 et
1862 2281 2378 2334 sanctificationibus
2409 2283 2549 2333 Pro-

1474 2352 1760 2419 phetarum
1811 2369 1905 2419 per
1956 2352 2222 2417 Spiritum
2286 2353 2547 2403 Sanctum

1473 2425 1879 2491 praeimaginata
1920 2434 1972 2475 et
2015 2424 2298 2489 praedicata
2345 2423 2465 2474 fuit.
2513 2442 2545 2472 n

1473 2495 1840 2561 Exsurgamus
1868 2510 1995 2560 ergo
2023 2494 2081 2543 in
2120 2493 2413 2559 gratiarum
2449 2509 2548 2544 ac-

1470 2567 1664 2628 tioneS,
1694 2578 1748 2618 et
1775 2583 1872 2634 pro
1916 2577 2065 2618 tanta
2104 2568 2201 2617 Dei
2253 2567 2391 2617 circa
2441 2582 2547 2620 nos

1469 2640 1784 2707 dignatione
1829 2641 2013 2691 laudes
2062 2640 2357 2690 referamus
2415 2655 2542 2691 cum

1467 2713 1738 2774 Anselmo‚
1770 2713 2008 2763 dicentes
2038 2729 2053 2762 ι
2085 2730 2113 2757 (ι
2136 2713 2439 2763 Adoramus
2468 2723 2542 2774 te,

1469 2783 1683 2834 Christe
1724 2784 1838 2833 Rex
1886 2784 2063 2843 Israel,
2121 2784 2216 2833 lux
2260 2783 2541 2844 Gentium,

1469 2851 1722 2918 Princeps
1747 2868 1938 2919 regum
1975 2862 2150 2912 terrae,
2179 2853 2413 2903 Domine
2438 2854 2546 2904 Sa-

1467 2920 1651 2982 baoth,
1707 2922 1895 2973 Virtus
1949 2922 2047 2972 Dei
2114 2922 2542 2987 omnipotentis-

1465 2994 1621 3046 sima.
1689 2995 1993 3046 Adoramus
2062 3004 2145 3055 te,
2239 2993 2544 3060 pretiosum.

1466 3079 1665 3120 nostrae
1704 3069 2092 3134 redemptionis
2135 3069 2385 3134 pretium,
2427 3069 2540 3119 ho-

1463 3143 1624 3194 stiam
1665 3142 1957 3209 pacificam,
2008 3157 2129 3206 quae
2185 3143 2298 3192 sola
2344 3142 2531 3193 odoris

1462 3212 1542 3263 tui
1590 3211 1957 3263 inaestimabili
1999 3211 2257 3263 suavitate
2302 3213 2534 3273 Patrem,

1460 3283 1553 3350 qui
1580 3284 1634 3334 in
1675 3284 1807 3334 altis
1855 3283 2078 3345 habitat,
2127 3284 2193 3333 ad
2235 3283 2536 3349 respicien-

1459 3357 1594 3406 dum
1647 3355 1881 3406 humilia
1936 3355 2240 3418 inclinasti3
2300 3364 2352 3405 et
2401 3355 2535 3407 filiis

1461 3426 1555 3478 irae
1604 3427 1920 3492 placabilem
1988 3425 2285 3477 reddidisti.
2362 3427 2538 3486 Tuas,

1459 3497 1692 3559 Christe,
1725 3498 2100 3549 miserationes
2153 3497 2536 3563 praedicamus,

1459 3579 1568 3620 tuae
1639 3569 1919 3620 suavitatis
2001 3569 2319 3619 memoriam
2400 3584 2534 3630 curu

1458 3640 1788 3690 abundantia
1825 3649 2157 3703 eructamus3
2198 3639 2318 3699 tibi,
2359 3638 2536 3690 Chri-

1459 3719 1555 3771 ste,
1583 3710 1904 3761 sacrificium
1935 3710 2109 3760 laudis
2154 3710 2527 3773 immolamus,

1459 3796 1557 3847 pro
1574 3781 1924 3832 multitudine
1938 3781 2195 3831 bonitatis
2209 3791 2334 3841 tuae,
2359 3796 2531 3847 quam
2559 3811 2562 3814 ι

1457 3850 1741 3903 ostendisti
1802 3851 1960 3901 nobis
2020 3852 2215 3902 semini
2271 3867 2527 3918 nequam,

1456 3920 1585 3973 filiis
1628 3922 1915 3983 sceleratiS‚
1981 3932 2034 3972 et
2081 3921 2323 3988 perditis.
2381 3923 2524 3973 Cum

1455 3993 1606 4045 enim
1653 3994 1830 4045 adhuc
1873 4007 2114 4043 essemus
2170 3991 2379 4043 inimici
2417 3992 2530 4044 tuit
