2784 4452
599 356 694 406 DE
725 354 946 405 PRIMA
975 352 1367 408 EJECTIONE
1395 353 1866 407 VENDENTIUM
1897 352 1995 405 DE
2027 353 2336 404 TEMPLO.

2490 354 2594 420 267

350 470 552 522 niculis
565 479 899 536 peccatorum
913 468 1422 551 modoflagellantur
1524 467 1686 521 corde
1729 438 1868 520 t'uo:
1893 467 2040 527 Quid
2089 466 2229 518 mihi
2284 478 2364 518 est
2413 483 2598 520 curare

353 543 420 593 ad
437 542 866 594 correctionem:
889 542 1097 608 quibus
1121 539 1417 601 incorrecti,
1523 539 1699 590 aliena
1725 537 1968 604 peccata?
2004 535 2212 588 Sufficit
2245 537 2382 588 mihi
2415 539 2597 590 anima

348 614 416 664 in
441 612 551 664 fine
565 613 882 680 ligabuntur
898 614 965 665 ad
993 612 1419 665 &masticatum
1528 624 1678 669 met,
1727 618 1789 660 ut
1842 608 2016 674 ipsam
2064 606 2330 674 integram
2389 624 2598 660 servem

354 686 543 738 Posuit
589 696 773 737 autem
815 686 1087 738 Dominus
1122 684 1422 736 remedium

356 766 411 808 et
435 756 635 823 operis,
663 766 718 807 et
739 756 936 807 verbi:
961 766 1023 807 ut
1062 756 1277 806 doceret
1307 770 1421 815 eos,

346 828 451 895 qui
473 843 656 878 curam
692 828 896 878 habent
916 827 1190 891 Ecclesiae,
1229 826 1424 878 subdi-

357 909 445 951 tos
464 899 605 951 facto
635 909 687 950 et
710 899 873 950 verbo
915 888 1113 951 debere
1137 898 1420 965 corrigere.

357 972 416 1022 Si
458 971 626 1038 igitur
660 972 714 1022 in
756 971 966 1038 figurali
1008 971 1230 1037 templo,
1259 970 1422 1022 etiam

350 1042 416 1095 in
438 1042 579 1093 atrio
614 1043 746 1108 ejus,
775 1043 924 1109 quod
950 1052 1035 1094 est
1070 1042 1268 1094 domus
1296 1057 1423 1093 ora—

356 1112 527 1165 tionis
548 1151 563 1174 ,
647 1114 898 1181 prohibet
965 1112 1384 1180 negotiationem
1407 1151 1422 1174 ,

352 1201 479 1253 quae
501 1185 727 1236 honesta
747 1195 981 1252 putatur,
1000 1200 1125 1236 cum
1145 1185 1217 1235 sit
1243 1186 1311 1235 de
1335 1185 1425 1236 his

351 1271 481 1322 -quae
531 1254 592 1306 in
624 1257 826 1321 templo
871 1255 1196 1319 offerti-utun
1250 1255 1430 1306 multo

357 1327 532 1394 magis
576 1327 827 1394 prohibet
852 1327 1289 1388 comessationes,
1320 1343 1425 1393 po-

354 1397 608 1463 tationes,
645 1398 807 1458 risuS,
853 1399 995 1462 lites,
1028 1398 1424 1463 vaniloquium,

349 1477 410 1519 «et
437 1469 750 1534 hujusmodi
801 1467 915 1521 fieri
960 1463 1016 1520 in
1046 1468 1285 1520 Ecclesia
1306 1468 1424 1519 Dei.

356 1539 500 1605 Et·go
526 1555 650 1589 cum
676 1539 861 1590 omnis
902 1538 1107 1590 Christi
1136 1538 1275 1589 actio
1320 1555 1426 1590 no-

354 1610 448 1662 bis
498 1612 690 1662 debeat
741 1626 860 1662 esse
891 1611 977 1662 lex
1018 1620 1070 1662 et
1120 1610 1424 1676 praeceptio,

355 1699 472 1736 non
499 1685 623 1736 licet
648 1686 913 1746 candelas,
933 1685 1016 1735 vel
1049 1685 1183 1737 alias
1203 1700 1424 1745 merces,

351 1756 519 1808 etiam
539 1757 773 1809 Domino
790 1756 1105 1819 offerendas,
1130 1757 1184 1807 in
1209 1757 1430 1808 ecclesia

359 1827 548 1891 vendi,
608 1844 709 1878 nec
741 1828 962 1894 aliquod
1013 1827 1272 1888 officium,
1318 1827 1426 1878 nisi

357 1913 573 1948 metum
597 1898 1035 1959 ecclesiasticum,
1053 1898 1305 1950 exerceri.

423 1982 460 2031 4
490 1968 571 2018 De
610 1969 777 2019 Zeto.
824 1997 886 2006 —
927 1968 1226 2020 Recordati
1300 1982 1428 2018 vero

356 2044 487 2088 sunt
526 2038 783 2103 discipuli
825 2039 960 2106 ejus,
1005 2039 1132 2105 quia
1172 2038 1429 2105 scriptum

356 2113 443 2159 est
470 2107 528 2157 in
564 2108 846 2160 Psalmista
869 2109 936 2160 de
969 2109 1193 2161 Christo
1214 2125 1237 2159 ι
1261 2108 1430 2159 ΖεΙιιε

362 2181 552 2233 domus
570 2189 681 2234 tuoe
718 2183 947 2235 comedit
977 2197 1076 2247 me,
1109 2182 1164 2234 id
1209 2191 1309 2243 est,
1335 2196 1431 2233 ac-

362 2253 557 2304 cendit.
609 2254 694 2304 Ex
739 2255 943 2306 Christi
974 2255 1123 2306 enim
1166 2253 1305 2307 facto
1338 2269 1431 2304 re-

356 2324 559 2374 cordati
588 2335 717 2376 sunt
739 2326 1024 2392 Scripturae
1043 2326 1209 2390 illius,
1243 2334 1298 2376 et
1319 2324 1432 2376 im-

366 2395 621 2461 pletionis
667 2398 789 2463 ejus
825 2396 888 2448 ,in
955 2398 1194 2450 Christo.
1246 2397 1432 2447 Bonus

354 2467 506 2518 zelus
546 2477 626 2517 est
674 2467 845 2518 animi
891 2467 1066 2519 fervor
1094 2467 1151 2518 in
1180 2468 1384 2518 bonum
1414 2481 1427 2514 t

358 2552 472 2604 quo
502 2553 677 2599 menS,
698 2539 884 2590 relicto
916 2549 971 2590 et
1000 2539 1203 2605 abjecto
1230 2540 1432 2590 huma-

364 2624 437 2660 no
471 2608 688 2672 timore,
731 2625 828 2675 pro
872 2609 1183 2662 defensione
1231 2610 1433 2661 verita-

369 2680 440 2733 tis
484 2681 805 2732 accenditur.
845 2682 999 2734 Unde
1043 2683 1384 2749 Augustinus
1412 2699 1431 2733 .·

358 2769 391 2798 ιι
416 2752 649 2813 FratreS,
679 2753 1057 2820 unusquisque
1088 2753 1434 2806 Christianus

368 2825 426 2874 in
485 2824 747 2875 membris
798 2825 1002 2877 Christi
1070 2826 1185 2876 zelo
1238 2825 1435 2877 domus

360 2894 463 2946 Dei
537 2896 864 2946 comedatur.
940 2896 1079 2957 Quis
1134 2897 1436 2948 comeditur

365 2966 485 3016 zelo
513 2966 711 3018 domus
750 2965 886 3017 Dei?
936 2966 1045 3027 Qui
1097 2967 1285 3020 omnia
1310 2983 1436 3035 quae

373 3036 513 3088 forte
540 3037 618 3089 ibi
649 3038 795 3089 videt
816 3054 1085 3104 perversa,
1108 3039 1300 3106 satagit
1327 3056 1437 3091 cor-

373 3107 501 3173 rigi,
516 3108 972 3174 cupitemendari,
988 3119 1161 3160 etnon
1187 3109 1435 3176 quiescit.

369 3179 428 3230 Si
450 3180 736 3231 emendare
759 3196 870 3231 non
886 3190 1057 3248 potes,
1066 3182 1249 3242 tolera,
1262 3197 1436 3248 geme,

360 3249 596 3315 suspira,
607 3250 811 3303 sustine
824 3252 1060 3317 paleam;
1084 3252 1230 3303 verbi
1249 3253 1436 3320 gratia,

364 3320 514 3372 vides
548 3319 766 3373 fratrem
788 3337 997 3373 currere
1036 3323 1102 3373 ad
1137 3322 1439 3376 theatrum?

375 3391 630 3451 Prohibe,
670 3408 850 3452 mone,
895 3393 1237 3459 contristare;
1264 3394 1343 3446 sic
1361 3409 1442 3445 ze·

364 3463 459 3513 lus
482 3462 680 3513 domus
715 3463 939 3514 Domini
971 3465 1207 3516 comedit
1236 3474 1308 3516 te.
1335 3465 1439 3516 Vi-

369 3532 464 3583 des
495 3532 632 3584 alios
657 3549 888 3595 currere,
911 3543 966 3585 et
993 3534 1247 3586 inebriari
1271 3534 1440 3587 velle?

369 3604 607 3655 Prohibe
642 3619 780 3671 quos
820 3616 995 3672 potes,
1019 3615 1140 3656 tene
1172 3621 1310 3672 quos
1332 3622 1438 3673 po-

336 3685 470 3737 tes,
515 3685 656 3727 terre
688 3691 830 3742 quos
863 3685 1041 3742 potes;
1088 3676 1288 3743 quibus
1324 3693 1437 3728 non

366 3759 546 3815 potes,
597 3748 857 3809 blandire,
918 3747 1033 3799 noli
1081 3748 1435 3815 acquiescere.

370 3820 433 3870 Si
459 3831 641 3871 autem
668 3819 836 3871 fueris
862 3819 1092 3887 frigidus
1142 3829 1195 3870 et
1234 3820 1437 3872 marci-

368 3890 496 3953 duS,
548 3890 617 3942 ad
670 3900 724 3942 te
772 3890 952 3941 solum
997 3900 1306 3956 exspectans
1319 3928 1337 3954 .
1381 3901 1437 3946 et

370 3960 530 4027 quasi
582 3960 684 4013 tibi
753 3958 1067 4023 sufficiens,
1115 3960 1316 4014 dixeris
1373 3960 1434 4014 in

1527 647 1678 733 Deo!v
1711 680 1832 742 Eia,
1858 696 1971 731 non
1993 680 2147 731 venit
2191 680 2291 730 tibi
2345 680 2402 731 in
2434 697 2596 734 men-

1527 760 1644 803 tem
1678 766 1865 802 servus
1916 751 2027 811 ille,
2075 750 2174 817 qui
2203 751 2481 802 abscondit
2510 762 2599 805 ta-
2657 758 2662 763 '

1525 825 1755 885 lentim,
1801 833 1856 876 et
1911 823 2092 875 noluit
2129 824 2377 890 erogare?
2425 825 2600 877 Num-

1525 895 1663 962 quid
1734 894 1883 947 enim
1953 904 2232 947 accusatus
2312 904 2393 946 est
2471 896 2601 963 quia

1531 965 1766 1032 perdidit
1786 1003 1806 1027 ,
1853 975 1906 1016 et
1951 981 2064 1017 non
2109 966 2240 1032 quia
2285 966 2406 1017 sine
2451 967 2600 1019 luem

1528 1035 1792 1088 servavit?
1839 1036 1931 1087 Sic
1981 1050 2114 1102 ergo
2156 1036 2368 1097 audite,
2411 1035 2602 1088 fratres

1530 1108 1674 1171 mei,
1721 1119 1785 1162 ut
1860 1125 1973 1160 non
2042 1109 2350 1175 quiescatis.
2423 1110 2602 1161 Nolite

1530 1178 1807 1245 quiescere
1828 1178 2024 1230 lucrari
2066 1179 2306 1240 Christo,
2350 1179 2479 1246 quia
2510 1181 2600 1231 lu-

1529 1248 1661 1301 crati
1708 1249 1838 1300 estis
1894 1264 1928 1299 a
1971 1248 2237 1301 Christo.
2225 1267 2236 1277 ·
2265 1269 2292 1297 n
2318 1250 2433 1301 haec
2476 1252 2598 1301 Au-

1529 1319 1803 1386 gustinus,
1853 1319 1960 1370 Ubi
2003 1319 2286 1369 sciendum
2327 1320 2475 1402 quod
2523 1334 2604 1370 ze-

1530 1393 1618 1442 lus
1691 1391 1824 1441 dicit
1894 1391 2188 1457 quamdam
2238 1391 2603 1443 intensionem

1529 1462 1751 1522 amoris,
1794 1476 1903 1528 quo
1936 1461 2202 1512 immense
2243 1462 2418 1511 Deum
2472 1461 2605 1513 dili-

1530 1551 1665 1601 gens
1716 1535 1858 1586 nihil
1915 1535 2184 1596 sustinet,
2234 1535 2379 1601 quod
2431 1535 2602 1586 amori
2659 1570 2666 1579 ·

1529 1624 1634 1660 suo
1687 1617 1965 1674 repugnet.
2017 1607 2113 1657 Ille
2160 1606 2329 1674 igitur
2392 1607 2608 1675 proprie

1529 1680 1710 1730 zelum
1738 1679 1835 1728 Dei
1859 1678 2037 1737 habet,
2080 1678 2181 1744 qui
2219 1678 2364 1729 nihil
2396 1679 2607 1745 patien-

1532 1762 1613 1802 ter
1640 1750 1907 1803 sustinere
1930 1760 2108 1816 potest
2133 1760 2322 1801 contra
2340 1750 2605 1802 honorem

1531 1824 1649 1885 Dei,
1676 1839 1840 1890 quem
1870 1823 2107 1874 maxime
2133 1822 2334 1889 diligit.
2376 1823 2490 1874 Nos
2506 1838 2605 1874 au-

1531 1907 1642 1948 tem
1670 1898 1930 1949 debemus
1971 1897 2196 1962 diligere
2224 1898 2451 1947 domum
2483 1896 2605 1953 Dei,

1532 1970 1591 2020 in
1620 1972 1834 2021 tantum
1862 1969 2007 2037 quod
2034 1969 2182 2020 zelus
2228 1970 2346 2033 ejus
2382 1984 2482 2021 nos
2508 1984 2606 2021 cn·-

1534 2042 1735 2092 medat.
1779 2041 1922 2091 Cum
1954 2039 2002 2091 si
2026 2040 2161 2106 quid
2200 2039 2455 2090 contrarii
2489 2039 2604 2091 fieri

1532 2112 1799 2170 videmus,
1823 2111 2101 2183 studemus
2124 2110 2288 2160 etiam
2320 2120 2607 2191 quantum·

1532 2197 1745 2250 cunque
1778 2181 1886 2234 cari
1940 2170 2110 2234 nostri
2160 2191 2289 2233 sunt
2343 2180 2438 2248 qui
2491 2181 2607 2234 haec

1533 2255 1770 2316 faciunt,
1824 2269 2128 2308 removere·
2115 2292 2132 2318 ‚
2207 2270 2306 2306 nec
2348 2255 2607 2307 timemus

1537 2337 1753 2394 propter
1802 2326 1908 2378 hoc
1964 2326 2147 2392 aliqua
2195 2328 2336 2377 mala
2382 2327 2604 2393 perpeti.

1535 2396 1938 2447 Attendendum
1966 2406 2048 2448 est
2074 2407 2259 2448 autem
2286 2397 2476 2463 quanti
2499 2413 2606 2449 me-

1536 2466 1630 2518 riti
1651 2467 1723 2518 sit
1755 2470 1906 2520 zelus
1929 2470 2130 2521 domus
2156 2469 2399 2531 Domini,
2427 2479 2480 2521 et
2508 2486 2605 2536 ge·-

1537 2538 1789 2589 neraliter
1837 2539 2022 2590 omnis
2046 2540 2196 2592 zelus
2235 2541 2428 2602 bonus,
2454 2542 2607 2607 cuiue

1534 2621 1716 2663 actum
1746 2612 1887 2664 inter
1928 2612 2108 2680 prima
2145 2629 2307 2679 opera
2353 2613 2609 2670 christus

1536 2681 1789 2743 ostendit,
1819 2684 1975 2764 cujus
2003 2682 2200 2734 metito
2228 2683 2455 2735 Phinees
2505 2699 2607 2750 pa-

1535 2762 1683 2805 ctum
1723 2749 2037 2819 sempiterni
2078 2753 2364 2804 sacerdotii
2388 2754 2606 2821 accepit,

1535 2825 1689 2891 cujus
1748 2824 1957 2876 fervore
2005 2824 2333 2876 Mathathias
2407 2826 2607 2892 Legem

1538 2894 1796 2956 defendit,
1814 2896 1965 2961 cujus
1988 2894 2115 2961 igne
2141 2911 2431 2949 succensus
2456 2896 2609 2954 Elias

1540 2966 1831 3034 prophetas
1853 2966 1979 3016 Baal
2005 2965 2292 3018 interfecit.

1604 3038 1635 3089 5
1665 3040 1828 3089 stom
1850 3053 2061 3089 rerum·
2093 3039 2287 3090 Junm.
2319 3067 2386 3078 —
2418 3039 2607 3092 Etdi-

1538 3114 1742 3161 xerunt
1788 3108 1840 3160 ei
1876 3108 2061 3160 Judoei
2110 3110 2341 3173 :Quod
2391 3111 2609 3176 signum

1539 3174 1781 3231 ostendis
1815 3179 1970 3232 nobis
1999 3180 2127 3247 quia
2153 3180 2284 3232 haec·
2308 3181 2513 3247 sacis?
2549 3181 2608 3232 id

1540 3261 1657 3313 est,
1719 3251 1850 3318 quia
1904 3267 2033 3303 cum
2080 3261 2230 3303 tanta
2297 3250 2611 3306 anctoritate

1541 3333 1595 3374 et
1625 3331 1883 3389 potestate
1917 3339 2035 3376 non
2083 3322 2337 3390 expellis,
2382 3338 2496 3375 non
2521 3323 2609 3378 vi·-

1541 3395 1699 3445 detur
1724 3393 1830 3445 hoc
1866 3393 1947 3446 tui
1977 3393 2141 3445 officii
2171 3408 2316 3455 esse,
2356 3408 2457 3444 nec
2479 3409 2605 3446 cre—

1542 3466 1726 3518 dimus
1782 3465 1882 3519 tibi
1922 3465 2083 3517 licere
2131 3483 2151 3516 z
2200 3480 2328 3532 ergo
2387 3467 2608 3521 ostende

1542 3536 1698 3589 nobis
1720 3537 1936 3603 signum
1955 3552 2065 3604 quo
2089 3537 2386 3588 credamus.
2410 3537 2607 3598 Quam·

1541 3607 1623 3659 vis
1651 3608 1800 3659 enim
1831 3607 2031 3659 factum
2050 3617 2188 3657 esset
2210 3608 2418 3659 bonum
2441 3609 2509 3659 de
2525 3624 2604 3672 se,

1541 3694 1650 3730 non
1676 3688 1857 3730 tamen
1882 3676 2182 3744 pertinebat
2208 3678 2276 3728 ad
2306 3678 2607 3745 quemlibet

1542 3749 1647 3801 hoc
1680 3748 1878 3812 facere,
1920 3747 2014 3799 sed
2041 3747 2219 3798 solum
2259 3750 2325 3798 ad
2354 3765 2481 3800 eum
2508 3749 2605 3818 qui

1541 3819 1762 3871 haberet
1792 3818 2161 3870 auctoritatem
2190 3819 2494 3886 corrigendi
2519 3836 2606 3874 ex·

1540 3905 1722 3942 cessus
1749 3888 2089 3942 sacerdotum
2102 3905 2117 3952 ;
2147 3890 2297 3956 quod
2327 3906 2440 3942 non
2469 3906 2604 3943 con-

1538 3961 1782 4014 veniebat
1803 3961 1967 4015 alicui
1985 3963 2054 4016 de
2077 3963 2357 4017 communi
2380 3963 2603 4033 populu,
