2784 4452
357 324 461 391 346

353 443 483 510 quia
532 442 645 508 ipse
690 443 786 509 qui
832 453 914 494 est
969 444 1269 509 inspector,
1319 443 1423 493 erit

352 514 647 582 exauditor.
671 516 749 565 Et
771 516 942 565 Pater
970 521 1108 577 ταας,
1138 515 1291 577 cujus
1315 514 1420 564 ho-

353 603 541 637 norem
570 588 729 638 debes
756 587 1048 647 intendere,
1075 587 1168 653 qui
1192 587 1334 638 videt
1364 588 1419 638 in

350 659 680 719 abscondito,
704 658 891 708 reddet
926 658 1020 707 tibi
1039 656 1272 707 fructum
1293 672 1422 707 ora-

347 729 513 781 tionis
553 731 608 780 in
650 740 849 795 aperto·
888 730 1043 780 Unde
1084 729 1420 797 chrysosto-

349 818 467 853 mus
498 821 513 853 .·
546 823 570 849 κ
606 802 711 862 Qui
752 802 828 852 sic
867 811 982 852 orat
1011 810 1225 861 secret0,
1252 811 1314 851 ut
1351 802 1421 852 ab

350 874 668 926 hominibus
702 874 960 925 absconse
987 887 1137 922 orare
1159 872 1418 936 videatur,

348 962 458 996 non
487 947 660 997 Deum
688 946 900 1011 aspicit,
925 946 1018 995 sed
1052 944 1319 995 homines.
1353 946 1421 995 Et

343 1018 462 1069 ideo
499 1028 764 1084 quantum
801 1017 868 1067 ad
898 1016 1233 1083 propositum
1257 1034 1418 1068 suum

346 1089 405 1140 in
439 1089 740 1156 Synagogis
763 1099 896 1150 orat,
923 1105 982 1140 ac
1013 1089 1174 1140 etiam
1203 1090 1280 1140 sic
1309 1090 1419 1140 du·—

344 1161 553 1227 pliciter
601 1162 863 1222 laudatur,
913 1169 967 1210 et
1017 1161 1146 1225 quia
1189 1169 1321 1224 orat,
1365 1170 1418 1211 et

344 1234 472 1300 quia
530 1234 788 1283 absconse
835 1243 967 1284 orat.
1020 1233 1186 1296 Cujus
1234 1242 1415 1283 autem

344 1302 547 1353 orantis
585 1319 740 1353 mens
777 1305 953 1354 solum
997 1304 1185 1370 aspicit
1219 1304 1412 1364 Deum,

343 1374 590 1440 quamvis
611 1374 685 1424 =in
728 1376 1015 1441 Synanoga
1051 1384 1198 1435 oret,
1236 1384 1414 1424 tamen

341 1445 483 1509 apud
532 1461 606 1506 se,
649 1445 707 1496 in
754 1455 956 1497 secreto
998 1446 1208 1497 videtur
1243 1462 1410 1497 orare.

345 1517 520 1570 Orans
542 1534 668 1585 ergo
688 1519 828 1569 nihil
848 1535 1050 1569 novum
1068 1518 1241 1579 faciat,
1265 1520 1412 1585 quod

340 1591 600 1657 aspiciant
649 1591 899 1642 homines
919 1631 932 1652 ,
969 1592 1053 1642 vel
1112 1592 1410 1655 clamando,

340 1663 424 1711 vel
463 1673 644 1728 pectus
684 1662 1061 1728 percutiendo,
1096 1663 1180 1713 vel
1220 1678 1412 1713 manus

340 1735 692 1800 expandendo
747 1752 760 1784 :
820 1753 845 1779 ιι
903 1735 1015 1785 haec
1088 1735 1413 1799 Chrysosto-

338 1817 474 1855 mus,
523 1804 627 1855 Ubi
685 1804 965 1855 sciendum
1020 1805 1164 1870 quod
1214 1805 1411 1870 duplex

336 1884 417 1925 est
439 1876 628 1927 oratio,
656 1875 910 1935 Quaedam
934 1876 1165 1940 publica,
1187 1892 1311 1942 quae
1349 1874 1413 1927 fit

338 1960 370 1995 a
416 1946 683 1997 ministris
721 1946 993 2007 Ecclesiae,
1048 1956 1099 1997 et
1145 1946 1250 1997 ista
1299 1964 1409 1998 non

338 2015 495 2067 debet
543 2014 658 2067 fieri
710 2014 772 2070 in
814 2018 1049 2078 occulto,
1097 2018 1190 2068 sed
1234 2018 1408 2084 magis

338 2086 397 2136 in
448 2088 680 2152 public0,
728 2097 781 2138 et
840 2087 897 2138 in
948 2088 1187 2140 Ecclesia
1225 2105 1406 2139 coram

336 2161 554 2228 populo,
590 2161 718 2229 quia
740 2177 839 2228 pro
864 2170 977 2212 tota
1009 2162 1229 2213 offertur
1251 2178 1406 2213 com-

336 2233 617 2294 munitate,
656 2243 709 2284 et
739 2233 970 2298 populus
1018 2232 1075 2282 in
1115 2233 1217 2283 hoc
1267 2248 1405 2284 con-

333 2300 565 2353 formare
614 2319 672 2354 se
708 2303 865 2354 debet
913 2303 1179 2354 ministris
1214 2305 1404 2355 Eccle-

333 2372 430 2424 siae
453 2413 468 2435 ,
550 2375 731 2439 ipsum
784 2375 959 2425 Deum
1038 2374 1401 2440 deprecando,

332 2445 629 2495 secundum
656 2445 879 2495 modum
900 2460 1197 2511 congruum
1222 2456 1275 2497 et
1294 2446 1400 2497 sibi

333 2514 670 2579 possibilem.
713 2515 833 2564 Alia
861 2525 941 2565 est
972 2515 1144 2565 oratio
1176 2516 1398 2580 privata,

332 2596 385 2637 et
407 2588 529 2636 talis
556 2587 732 2653 magis
760 2588 918 2638 debet
944 2587 1059 2638 fieri
1091 2588 1149 2638 in
1176 2599 1398 2649 secreto,

333 2656 534 2722 duplici
559 2658 625 2708 de
646 2673 804 2708 causa
826 2675 839 2709 z
871 2674 980 2709 una
1002 2668 1101 2719 est,
1123 2659 1250 2725 quia
1272 2675 1399 2709 ora—-

332 2727 410 2777 tio
468 2738 547 2777 est
593 2729 815 2779 elevatio
856 2730 1055 2780 mentis
1099 2729 1156 2779 in
1202 2730 1395 2791 Deum,

335 2813 491 2848 mens
537 2808 714 2849 autem
754 2800 913 2851 citius
957 2811 1009 2851 et
1059 2800 1255 2851 melius
1283 2802 1397 2850 ele—

329 2869 553 2919 vaturin
578 2870 769 2930 Deum,
793 2871 1012 2936 quando
1035 2870 1203 2920 homo
1232 2870 1313 2920 e'st
1336 2870 1394 2920 in

332 2949 533 2990 secreto
557 2942 672 2990 loco
700 2951 753 2991 et
778 2957 809 2991 a
837 2942 1073 2992 tumultu
1094 2950 1367 3006 separatus
1375 2957 1392 3005 3

326 3012 433 3064 alia
474 3024 554 3064 est
600 3015 666 3063 ad
702 3014 1042 3064 evitationem
1077 3029 1228 3065 vanae
1271 3015 1396 3080 glo-

327 3084 589 3151 riae,„quae
634 3084 699 3134 de
728 3083 871 3135 facili
913 3084 1147 3151 insurgit
1176 3085 1235 3134 in
1286 3101 1392 3150 pu-

328 3154 487 3206 blico.
534 3155 701 3205 Orare
742 3153 923 3220 itaque
947 3155 1266 3217 ,volentibus
1304 3171 1394 3205 sa-

326 3225 483 3275 lubre
527 3226 618 3275 dat
662 3224 913 3275 Christus
957 3224 1277 3285 consilium,
1331 3235 1392 3276 ut

327 3295 532 3346 intrent
557 3297 614 3347 in
637 3295 963 3355 cubiculum,
985 3295 1189 3346 scilicet
1212 3296 1392 3347 cordis

327 3378 590 3418 secretum
617 3377 684 3417 ·et
719 3365 968 3416 claudant
999 3366 1219 3427 ostium,
1255 3366 1395 3416 scili-

325 3449 408 3490 cet
438 3440 673 3490 carnales
708 3454 920 3498 sensuS,
951 3454 1045 3504 per
1077 3453 1216 3504 quos
1239 3448 1391 3489 exte-

323 3509 470 3560 riora
500 3510 745 3575 improbe
766 3525 823 3560 se
848 3509 1118 3574 ingerunt,
1143 3518 1195 3558 et
1218 3510 1391 3560 turbae

324 3579 764 3645 phantasmatum
829 3578 1108 3629 orantibus
1177 3578 1392 3630 obstre-

325 3661 499 3717 punt3
554 3661 615 3702 ut
668 3651 746 3702 sic
800 3650 963 3702 etiam
1021 3651 1201 3701 cLauso
1248 3651 1390 3702 ostio

323 3722 541 3782 mentiS‚
575 3732 629 3772 et
657 3722 894 3772 collectis
922 3720 1117 3772 animae
1159 3722 1388 3784 viribus,

324 3795 497 3845 oratio
568 3795 863 3862 spiritualis
912 3795 1004 3846 fiat
1057 3795 1118 3844 in
1176 3795 1387 3847 intimis

321 3863 519 3925 cordis,
568 3876 621 3914 et
650 3864 775 3915 inde
814 3865 1076 3930 dirigatur
1118 3866 1185 3916 ad
1212 3867 1387 3917 Deum

319 3932 629 3996 ferventius,
699 3937 794 3987 ubi
859 3946 1039 3988 oratur
1105 3937 1257 3989 Pater
1328 3938 1387 3988 in

952 283 1192 376 PRIMAE
1225 325 1474 376 PARTIS
1502 324 1738 376 CAPUT
1766 325 2000 380 XXXVI.

1524 444 1870 511 abscondito;
1923 444 2053 514 quia
2101 444 2479 496 absconditum
2538 455 2591 497 et

1524 517 1832 576 cubiculum
1868 527 1951 569 est
1984 525 2183 567 secreta
2218 515 2393 566 cordis
2421 516 2589 567 inten-

1524 589 1619 641 tio,
1637 591 1914 650 Quantum
1933 590 2080 642 enim
2101 591 2267 640 homo
2287 589 2590 640 contemnit

1525 660 1670 725 quod
1693 672 1774 713 est
1809 673 1956 714 extra
1986 677 2063 722 se,
2086 670 2295 711 tantum
2326 669 2502 725 potest
2533 677 2590 711 se

1524 732 1833 798 recolligere
1865 732 2007 783 intra
2033 747 2123 793 se;
2163 741 2215 780 et
2243 739 2509 795 quantum
2533 746 2591 781 se

1524 806 1790 871 recolligit
1833 807 1976 857 intra
2022 820 2098 864 se,
2154 813 2367 853 tantum
2413 813 2591 868 potest

1524 889 1685 939 supra
1719 892 1777 927 se
1811 877 1878 928 ad
1904 876 2203 927 orationem
2235 883 2287 924 et
2313 873 2411 923 Dei
2444 888 2584 923 con-

1524 946 1926 1010 templationem
2002 944 2300 996 ascendere.
2378 942 2590 994 Deinde

1522 1014 1660 1065 circa
1681 1016 1997 1077 orationem,
2023 1013 2254 1066 excludit
2283 1013 2587 1065 Gentilium

1522 1102 1774 1147 errorem,
1795 1088 1978 1139 dicens
1999 1105 2013 1137 z
2041 1088 2274 1137 Orantes
2296 1092 2477 1136 autem
2500 1100 2590 1135 no-

1522 1159 1615 1208 lite
1663 1160 1884 1210 multum
1935 1159 2096 1225 loqui,
2168 1158 2306 1208 sicut
2363 1156 2591 1222 faciunt

1520 1230 1757 1295 Ethnici,
1785 1233 1876 1298 qui
1910 1237 2109 1298 putant
2148 1231 2202 1280 in
2232 1228 2589 1294 multiloqui0‚

1521 1312 1572 1353 et
1622 1299 1922 1369 altiloquiO,
1975 1318 2035 1352 ac
2077 1300 2434 1365 suaviloquio,
2486 1314 2588 1351 suo

1519 1373 1778 1423 exaudiri
1799 1390 1819 1436 ‚-
1865 1383 1918 1424 et
1960 1373 2107 1439 quod
2151 1371 2256 1438 ipsi
2294 1371 2369 1421 ita
2405 1370 2589 1421 verbis

1519 1442 1726 1494 flectere
1760 1453 1961 1511 queant
2003 1443 2195 1503 Deum,
2234 1442 2371 1492 sicut
2404 1450 2590 1491 orator

1517 1516 1765 1580 judicem.
1815 1517 1935 1567 Scit
1988 1516 2125 1566 enim
2178 1517 2350 1566 Pater
2401 1520 2588 1564 vester

1517 1588 1764 1651 coelestiS,
1801 1589 1928 1654 quid
1954 1601 2088 1652 opus
2132 1587 2204 1637 sit
2229 1586 2395 1648 vobiS,
2429 1591 2589 1635 ante-

1517 1673 1674 1723 quam
1705 1659 1908 1723 petatis
1947 1672 2080 1720 eum,
2111 1656 2240 1723 quia
2269 1655 2420 1706 audit
2457 1670 2587 1720 prae-

1518 1732 1848 1797 parationem
1878 1730 2054 1782 cordis
2082 1731 2444 1798 singulorum.
2468 1729 2588 1779 Hoc

1516 1802 1662 1852 addit
1683 1802 1749 1851 ad
1779 1799 2201 1855 excludean
2189 1811 2419 1849 istorum
2447 1799 2587 1850 Gen·

1514 1872 1695 1922 tilium
1742 1871 1938 1922 falsum
1981 1871 2330 1929 intellectum,
2384 1883 2586 1919 secun-

1514 1945 1646 1995 dum
1677 1960 1839 2011 quem
1879 1943 2085 2009 aliquid
2120 1943 2232 1995 Deo
2275 1940 2587 1992 notificatur

1513 2018 1579 2069 de
1609 2034 1771 2079 nove,
1800 2018 1929 2084 quia
1955 2015 2140 2066 omnia
2180 2014 2280 2065 scit
2314 2014 2384 2063 ab
2420 2024 2584 2065 aeter-

1513 2104 1602 2139 no.
1634 2089 1756 2138 Non
1786 2087 2037 2154 prohibet
2064 2085 2336 2136 Dominus
2366 2085 2426 2134 in
2451 2098 2582 2135 ora-

1512 2160 1660 2210 tione
1707 2159 2211 2226 multiplicationem
2262 2156 2580 2215 verborum,
2632 2205 2641 2219 ,

1511 2231 1831 2298 simpliciter
1855 2242 1908 2282 et
1934 2232 2194 2289 absolute,
2228 2228 2359 2296 quia
2380 2237 2434 2278 et
2461 2226 2581 2292 ipse

1511 2302 1838 2386 pernoctavit
1871 2302 1929 2353 in
1951 2301 2210 2361 oratione,
2237 2310 2294 2349 et
2301 2299 2497 2365 sactus
2521 2298 2581 2347 in

1508 2375 1713 2441 agonia
1726 2374 2008 2440 prolixius
2026 2372 2373 2434 oraba15sed
2397 2368 2583 2436 prohi-

1510 2445 1598 2496 bet
1641 2461 1710 2495 ne
1739 2445 2085 2511 multiloquio
2113 2453 2330 2495 utamur
2361 2441 2422 2492 in
2450 2455 2579 2491 ora-—

1506 2517 1674 2578 tione,
1702 2532 1765 2566 eo
1794 2516 1903 2566 fine
1933 2526 1984 2565 et
2007 2530 2067 2564 ea
2095 2512 2414 2571 intentione,
2446 2509 2580 2576 qui-

1507 2589 1609 2639 bus
1626 2590 1942 2645 utebantur
1982 2586 2223 2637 Gentiles
2255 2584 2577 2643 idololatrae,

1505 2660 1602 2725 qui
1638 2659 1836 2724 triplici
1876 2659 1942 2708 de
1970 2673 2127 2708 causa
2164 2655 2454 2706 utebantur
2487 2670 2578 2704 vo-

1504 2729 1603 2779 cali
1645 2730 1886 2780 oratione
1922 2728 1983 2778 in
2030 2726 2378 2792 multiloquio
2416 2723 2571 2774 facta.

1505 2798 1705 2860 Prima,
1745 2799 1874 2865 quia
1903 2798 2125 2849 orabant
2153 2796 2448 2854 daemoneS,
2477 2793 2575 2859 qui

1504 2870 1772 2920 nescirent
1811 2870 1943 2936 quid
2000 2869 2081 2918 illi
2144 2875 2435 2948 peterent
2466 2864 2575 2915 nisi

1501 2940 1680 2990 verbis
1718 2949 1770 2990 et
1816 2940 1975 3006 signo
2015 2937 2263 2989 exteriori
2315 2935 2568 2986 instructi

1501 3020 1708 3073 essent;
1732 3020 1929 3061 secreta
1954 3008 2101 3060 enim
2135 3007 2313 3058 cordis
2341 3004 2572 3057 humani

1502 3092 1774 3148 penetrare
1819 3098 1928 3132 non
1972 3083 2167 3133 valent.
2202 3108 2263 3117 —
2306 3079 2573 3137 Secunda,

1499 3153 1628 3219 quia
1694 3144 1951 3218 putabant
2000 3151 2366 3208 daemonibu5‚
2412 3150 2572 3216 quasi

1500 3226 1835 3288 hominibuS,
1897 3226 2076 3277 verbis
2160 3222 2574 3290 persuasibilius

1498 3306 1551 3346 et
1608 3296 1796 3347 multis
1849 3296 2277 3362 persuadendum
2335 3309 2471 3357 esse,
2522 3302 2575 3344 et

1498 3367 1575 3417 sic
1619 3383 1710 3417 eos
1750 3367 1817 3416 ad
1859 3367 2228 3418 miserandum
2271 3364 2570 3431 provocari.

1497 3467 1557 3476 —
1584 3437 1785 3499 Tertia,
1809 3439 1939 3505 quia
1961 3440 2253 3497 daemones,
2279 3453 2419 3504 quos
2443 3452 2568 3487 ora-

1498 3511 1663 3575 bant,
1738 3512 2061 3577 quandoque
2124 3510 2371 3560 absentes
2447 3524 2568 3559 esse

1497 3583 1770 3656 putabant,
1802 3592 1855 3633 et
1879 3583 2022 3661 quod
2052 3597 2147 3647 per
2169 3582 2330 3631 talem
2357 3579 2565 3630 oratio-

1497 3668 1624 3702 nem
1682 3651 1912 3702 revocari
1981 3661 2216 3733 possent.
2273 3652 2380 3701 Ista
2434 3658 2568 3700 sunt

1497 3724 1653 3783 mala,
1693 3732 1745 3773 et
1775 3722 1896 3773 ideo
1928 3723 1994 3773 ab
2034 3723 2276 3773 oratione
2317 3721 2562 3771 fidelium

1496 3793 1832 3845 removenda.
1863 3793 2125 3843 Similiter
2161 3802 2342 3844 autem
2366 3792 2562 3858 triplex

1494 3878 1576 3919 est
1613 3883 1786 3932 causa,
1815 3883 1981 3934 quare
2012 3883 2111 3918 nos
2138 3878 2354 3918 utamur
2390 3866 2557 3917 vocali

1494 3938 1749 3990 oratione.
1798 3966 1860 3976 —
1905 3936 2102 4003 Prima,
2129 3948 2188 3989 ut
2231 3937 2558 4005 obsequium
