2784 4452
643 238 737 287 DE
770 231 1212 314 NATIVITATE
1238 229 1687 283 SALVATORIS
1720 233 2000 285 NOSTRI.
2379 236 2444 286 83

201 356 525 409 carnationis
564 353 836 420 apposuit,
871 361 931 402 ut
961 351 1057 418 qui
1094 349 1271 429 Deum

201 428 252 478 in
280 435 494 478 secreto
530 424 824 489 majestatis
849 422 1144 488 fulgentem
1181 435 1272 469 vi·-

199 498 317 548 dere
344 513 462 548 non
491 506 824 561 poteramus,
853 495 1028 544 Deum
1072 491 1134 542 in
1167 490 1273 540 ho—

200 568 341 619 mine
354 575 712 633 apparentem
734 565 1114 631 aspiceremuS,
1133 560 1273 627 aspi·

198 641 386 692 ciendo
405 654 877 706 cognosceremuS,
898 633 1274 704 cognoscendo

199 711 570 777 diligeremus,
597 709 872 775 diligendo
911 722 1131 759 summo
1154 715 1276 757 stu-

200 783 304 841 dio,
333 782 405 831 ad
435 781 561 845 ejus·
579 780 808 846 gloriam
830 779 1111 846 pervenire
1145 788 1277 831 sata-

200 867 465 919 geremus,
508 852 815 901 Incarnatus
843 859 939 911 est,
968 860 1032 900 ut
1069 865 1169 900 nos
1207 849 1276 899 ad

201 922 507 990 spiritualia
551 931 819 973 revocaret
852 938 868 972 :
901 919 1277 972 mutabilitatis

203 1004 396 1046 nostrae
441 994 707 1061 particeps
741 993 913 1047 factus
945 1001 1044 1055 est,
1081 1001 1143 1043 ut
1174 1006 1277 1041 nos

202 1081 310 1118 suae
366 1065 936 1117 incommutabilitatis
989 1063 1275 1132 participes

202 1136 408 1187 faceret.
466 1135 750 1187 Inclinavit
804 1152 861 1187 se
924 1135 992 1187 ad
1044 1133 1277 1185 humilia

204 1216 404 1268 nostra,
437 1215 499 1256 ut
525 1221 627 1256 nos
659 1206 722 1256 ad
752 1207 958 1257 excelsa
984 1220 1083 1255 sua
1114 1203 1280 1255 subli-

202 1291 388 1332 maret.
443 1281 513 1331 Et
574 1282 876 1331 secundum
938 1280 1277 1348 chrysosto-

202 1366 367 1414 ηιιιηι,
427 1351 605 1401 Filius
647 1351 745 1402 Dei
796 1351 1075 1412 naturalis,
1117 1349 1280 1401 etiam

203 1420 371 1472 David
398 1419 550 1470 filius
574 1435 692 1471 esse
713 1421 966 1486 dignatus
985 1430 1084 1482 est,
1103 1430 1165 1471 ut
1182 1433 1283 1469 nos

204 1490 342 1541 filios
369 1490 474 1540 Dei
501 1489 715 1541 faceret.
742 1493 967 1542 Servum
999 1506 1163 1541 suum
1189 1490 1283 1539 ha-

207 1563 326 1613 bere
370 1571 584 1627 patrem
625 1561 878 1627 dignatus
903 1571 999 1622 est,
1032 1570 1093 1611 ut
1120 1559 1284 1609 nobis

207 1644 412 1701 patrem
461 1633 657 1684 faceret
712 1635 905 1685 Deum.
963 1634 1086 1684 Non
1132 1633 1282 1684 enim

209 1709 420 1769 frustra,
450 1723 548 1758 nec
579 1723 715 1759 vane
749 1709 818 1758 ad
852 1718 1059 1759 tantam
1091 1708 1284 1759 humi·-

210 1779 410 1830 limtem
454 1778 573 1843 ipse
614 1780 908 1844 descendit,
952 1781 1044 1831 sed
1085 1790 1146 1830 ut
1184 1795 1286 1829 nos

216 1866 277 1902 ex
333 1851 537 1902 humili
585 1851 921 1903 sublimaret.
979 1853 1150 1903 Natus
1205 1862 1287 1902 est

214 1924 505 1975 secundum
525 1939 760 1986 carnem,
782 1936 845 1977 ut
862 1942 962 1977 nos
986 1925 1285 1977 secundum

214 1994 465 2060 spiritum
492 2009 909 2047 renasceremur.

280 2081 339 2115 10
373 2065 558 2116 Locus
582 2082 957 2119 concarrroms
986 2084 1056 2117 ΕΤ
1084 2082 1287 2118 ΡΑιιτυε

217 2135 438 2187 Caius-rx
490 2151 772 2188 concauus
825 2153 1179 2188 osmmrun.
1226 2165 1288 2175 —

192 2206 442 2260 ‚Adverte
491 2206 654 2258 etiam
695 2210 871 2275 quod,
917 2208 1049 2277 quia
1100 2218 1285 2276 partus

218 2278 459 2343 sequitur
480 2280 902 2344 conceptionem,
918 2281 1059 2331 sicut
1084 2280 1290 2331 fructus

119 2393 129 2403 ,
217 2347 576 2410 floritionem,
629 2365 929 2416 congruum
978 2350 1084 2402 fuit
1136 2352 1284 2418 quod

220 2418 484 2481 Christus,
505 2419 602 2486 qui
628 2432 915 2487 conceptus
935 2421 1039 2474 fuit
1060 2423 1119 2472 in
1136 2421 1290 2484 flore,

219 2488 413 2540 scilicet
438 2489 724 2552 Nazareth,
746 2493 893 2557 quod
909 2492 1292 2559 interpretatur

210 2558 338 2624 flos,
388 2571 699 2610 nasceretur
741 2561 799 2611 in
844 2561 1047 2624 fructu,
1085 2562 1290 2614 scilicet

222 2630 275 2680 in
318 2631 662 2692 Bethlehem,
707 2633 855 2700 quod
913 2634 1292 2701 interpretatur

223 2699 402 2751 domus
436 2702 620 2766 paniS,
658 2704 743 2753 vel
787 2704 1116 2769 resectionis,
1144 2704 1292 2772 quod

223 2770 451 2835 pertinet
478 2771 546 2821 ad
576 2770 828 2824 fructum.
863 2774 1119 2834 Quotidie
1146 2791 1288 2842 quo-

222 2855 321 2906 que
343 2841 620 2891 Dominus
657 2842 714 2892 in
756 2844 1019 2894 Nazareth
1050 2844 1293 2911 concipi-

222 2918 320 2975 tur,
350 2921 406 2961 et
435 2911 493 2962 in
522 2911 844 2963 Bethlehem
874 2914 1130 2979 nascitur,
1163 2931 1288 2967 cum

222 2979 414 3047 aliquis
448 2980 587 3031 flore
613 2982 763 3034 verbi
806 2994 1070 3051 suscept0‚
1109 3001 1170 3036 se
1201 2986 1292 3036 do-

223 3065 368 3102 mum
390 3052 581 3101 aeterni
602 3052 756 3118 panis
772 3053 950 3106 efficit.
972 3056 1097 3105 Ideo
1124 3056 1290 3107 etiam

224 3135 521 3188 congruum
565 3121 671 3174 fuit
716 3134 780 3175 ut
826 3126 888 3176 in
939 3127 1290 3190 Bethlehem,

224 3205 339 3257 quae
405 3191 600 3243 domus
652 3196 819 3261 panis
880 3196 1291 3263 interpretatur,

225 3261 476 3313 Christus
524 3276 860 3332 nasceretur,
902 3267 1033 3333 quia
1069 3268 1183 3333 ipse
1215 3276 1296 3319 est

222 3331 377 3396 panis
400 3332 574 3396 vivuS,
607 3335 700 3401 qui
727 3337 792 3387 de
819 3338 953 3388 coelo
995 3337 1286 3401 descendit,

227 3405 314 3469 qui
336 3404 635 3457 electorum
660 3417 869 3459 mentes
898 3410 1108 3460 interna
1131 3409 1294 3460 satie-

227 3482 326 3525 tate
348 3474 541 3527 reficit.
586 3479 758 3530 Natus
793 3496 1013 3548 quoque
1049 3481 1108 3532 in
1138 3481 1297 3533 Beth-

227 3546 422 3614 lehem,
474 3566 598 3616 quae
642 3552 781 3603 inter
821 3570 1012 3606 omnes
1053 3555 1295 3608 civitates

227 3613 369 3669 Judae
429 3621 625 3686 exigua
671 3633 814 3689 erat,
865 3625 1041 3676 noluit
1100 3641 1298 3692 quem-

229 3696 388 3756 quam
417 3692 487 3743 de
512 3702 737 3745 terrenae
776 3694 1005 3748 civitatis
1042 3697 1297 3750 sublimi-

230 3765 331 3812 tate
382 3763 650 3831 gloriari.'
687 3767 794 3826 Qui
845 3784 955 3819 non
1010 3769 1068 3820 in
1117 3774 1298 3836 paren·

235 3835 341 3883 tum
370 3834 556 3898 dom0‚
595 3836 687 3887 sed
736 3836 793 3887 in
832 3837 920 3891 via
958 3838 1209 3907 nascitur,
1238 3848 1300 3896 ut

1374 363 1435 398 se
1451 349 1794 415 peregrinum
1820 367 1953 414 esse,
1978 363 2031 402 et
2047 368 2274 418 regnum
2295 369 2456 405 suum

1376 420 1445 470 de
1471 419 1576 470 hoc
1607 421 1810 471 mundo
1853 439 1962 472 non
1992 438 2106 473 esse
2133 426 2456 491 ostenderet,

1377 489 1476 556 qui
1508 490 1670 541 etiam
1695 491 1826 542 dicit
1855 508 1869 541 :
1898 494 2031 559 Ego
2061 508 2179 544 sum
2209 496 2316 557 via,
2344 512 2454 562 qua

1377 561 1582 613 scilic’et
1603 564 1672 614 ad
1697 565 1923 631 patriam
1950 565 2251 617 veniamus·
2282 568 2340 618 In
2369 568 2455 618 di-

1377 635 1679 686 versorium
1726 652 1786 687 se
1837 636 2060 702 recepit,
2099 648 2160 688 ut
2204 654 2304 691 nos
2344 656 2456 690 non

1377 707 1590 772 palatia,
1619 708 1713 758 sed
1741 708 2031 760 diversoria
2060 708 2114 758 in
2150 709 2260 761 hoc
2289 711 2457 763 munss

1379 779 1451 828 do
1498 794 1740 845 quaerere
1785 781 2015 830 doceret.
2066 780 2349 833 Stabulum
2391 776 2458 834 ad

1379 853 1706 902 nascendum
1761 852 1947 919 elegit,
1992 863 2051 904 ut
2096 853 2460 906 curiositatem

1381 920 1738 973 aedificiorum
1774 933 1827 973 et
1864 923 2091 989 gloriam
2138 925 2325 974 mundi
2364 924 2461 976 da'-

1382 1001 1607 1043 mnaret.
1637 992 1897 1044 Parvulus
1923 994 2097 1044 factus
2128 1004 2227 1056 est,
2257 1004 2319 1045 ut
2357 1012 2460 1047 nos

1383 1077 1610 1128 magnos
1636 1078 1695 1113 ac
1724 1062 1868 1114 viros
1898 1063 2161 1128 perfectos
2206 1064 2458 1128 efficeret,

1384 1141 1438 1182 et
1458 1147 1528 1182 ne
1553 1133 1694 1184 ultra
1723 1133 2062 1199 magnificare
2084 1150 2142 1185 se
2171 1135 2339 1187 homo
2364 1152 2460 1187 su—

1384 1221 1481 1272 per
1514 1214 1708 1256 terram
1745 1218 2051 1274 apponeret.
2094 1208 2345 1261 Infirmus
2381 1212 2464 1261 fa-

1386 1289 1506 1329 ctus
1526 1288 1622 1343 est,
1643 1289 1705 1329 ut
1730 1296 1832 1331 nos
1859 1283 1921 1332 ad
1947 1281 2090 1332 bona
2113 1298 2275 1348 opera
2301 1285 2466 1339 fortes

1386 1357 1439 1400 et
1493 1358 1740 1415 potentes
1778 1348 1992 1402 faceret.
2054 1352 2259 1418 Pauper
2294 1354 2465 1408 factus·

1386 1429 1484 1484 est,
1514 1428 1575 1470 ut
1610 1435 1707 1470 sua
1737 1420 1921 1485 inopia
1950 1436 2049 1471 nos
2076 1422 2282 1489 ditaret,
2317 1433 2369 1476 et
2397 1440 2468 1478 ne

1387 1493 1454 1542 de
1480 1491 1709 1542 terrenis
1741 1491 1947 1542 divitiis
1967 1493 2254 1561 quisquam
2286 1511 2344 1547 se
2369 1511 2468 1569 ²1⁶.

1386 1561 1612 1612 tolleret.
1634 1561 1836 1612 Pannis
1856 1562 2055 1612 vilibus
2075 1564 2352 1616 involutus
2365 1576 2466 1632 est,

1386 1643 1450 1684 ut
1477 1650 1577 1684 nos
1605 1634 1813 1700 laqueis
1842 1635 2033 1684 mortis
2064 1636 2380 1702 absolveret,
2416 1648 2471 1691 et

1388 1704 1526 1754 stola
1553 1703 1727 1771 prima
1750 1706 2166 1756 immortalitatis
2205 1706 2468 1773 indueretg

1391 1775 1581 1825 Manus
1606 1786 1658 1825 et
1681 1776 1843 1842 pedes
1873 1776 1988 1842 ejus
2007 1777 2471 1844 constringuntur,

1388 1858 1452 1899 ut
1491 1865 1686 1900 manus
1724 1860 1920 1901 nostrae
1956 1852 2020 1900 ad
2061 1852 2198 1902 bene
2234 1856 2472 1919 operan-'‘

1390 1920 1524 1970 dum
1577 1920 1843 1985 laxentur,
1891 1931 1945 1972 et
1997 1922 2160 1987 pedes
2199 1923 2369 1974 nostri
2411 1924 2474 1988 in

1389 1993 1535 2043 viam
1566 1994 1712 2060 pacis
1741 1994 2055 2060 dirigantur.
2086 1996 2146 2044 In
2174 1995 2471 2065 diversorio

1391 2064 1511 2114 loco
1548 2072 1686 2130 eget,
1713 2072 1774 2114 ut
1813 2064 1971 2114 nobis
2013 2065 2067 2114 in
2104 2065 2268 2116 domo
2300 2067 2472 2117 Patris

1391 2133 1476 2184 sui
1534 2134 1844 2184 mansiones
1899 2132 2097 2184 multas
2135 2132 2475 2205 praepararet{

1395 2204 1461 2255 Et
1499 2203 1574 2254 sic
1606 2203 1660 2254 in
1699 2203 1960 2270 praesepio
1997 2213 2226 2271 angusto
2265 2205 2479 2271 positus

1396 2283 1499 2338 est,
1543 2284 1604 2324 ut
1649 2274 1815 2324 lectos
1862 2275 2141 2339 delicatOS,
2195 2284 2247 2326 et
2295 2271 2474 2345 ampla'

1395 2344 1621 2397 aedificia
1670 2346 1999 2411 reprobaret,
2040 2356 2094 2397 et
2130 2356 2191 2397 ut
2236 2363 2334 2398 nos
2378 2365 2475 2416 per

1395 2414 1625 2468 coelestis
1665 2416 1818 2482 regni
1873 2417 2070 2483 gaudia
2123 2419 2383 2485 dilataret,
2420 2430 2478 2473 et

1394 2503 1494 2538 nos
1536 2488 1718 2537 locum
1757 2488 1936 2539 cordis
1972 2490 2139 2540 nostri
2185 2491 2291 2542 sibi
2341 2487 2474 2558 pro-'

1394 2559 1577 2626 prium
1605 2559 1969 2623 dilataremuS,
1998 2563 2144 2628 iuxta
2171 2562 2306 2613 illud
2331 2581 2346 2614 z
2377 2564 2477 2615 Fi-

1397 2630 1455 2692 li,
1483 2629 1667 2694 praebe
1699 2644 1794 2681 cor
1825 2637 1970 2682 tuum
1999 2633 2145 2683 mihi.
2177 2635 2238 2683 In
2275 2628 2478 2702 praese-j

1395 2703 1487 2769 pio
1535 2701 1698 2753 etiam
1738 2704 2020 2755 reclinatus
2075 2718 2185 2770 est,
2238 2717 2298 2757 ut
2348 2707 2477 2768 n05,⁴

1396 2773 1550 2840 quasi
1597 2783 1777 2824 sancta
1822 2775 2092 2841 animalia,
2138 2777 2312 2828 carnis
2362 2793 2478 2850 sua}

1398 2845 1672 2896 frumento
1714 2845 1971 2909 reficeret,
2003 2859 2054 2899 et
2095 2859 2155 2900 ut
2196 2850 2350 2902 cibus
2386 2867 2478 2903 es-

1398 2925 1479 2967 set
1505 2917 1899 2982 jumentorum;
1932 2919 2099 2969 horno
2128 2920 2273 2971 enim
2302 2922 2479 2975 factus

1399 2995 1480 3037 est
1509 2987 1809 3052 jumentum
1839 3003 1933 3053 per
1954 2998 2248 3056 peccatum,
2279 2981 2481 3043 secun-2

1400 3059 1530 3109 dum
1576 3057 1711 3108 illud
1752 3075 1766 3108 :
1804 3060 1983 3112 Homo
2022 3077 2138 3114 cum
2184 3064 2240 3114 in
2280 3057 2481 3117 honore

1399 3134 1539 3179 esset
1567 3143 1669 3178 non
1702 3129 1990 3195 intellexit,
2022 3141 2371 3199 comparatus
2397 3140 2481 3185 est

1395 3198 1652 3264 jumentis
1669 3199 2058 3266 insipientibus,
2086 3211 2138 3255 et
2160 3205 2357 3256 similis
2370 3205 2479 3271 sa-

1400 3268 1519 3322 ct'us
1547 3277 1629 3322 est
1660 3273 1803 3337 illis;
1840 3274 1961 3325 ideo
2005 3277 2271 3328 Dominus
2310 3269 2481 3328 factus'

1401 3353 1484 3394 est
1522 3344 1726 3410 fenum,
1758 3349 1905 3413 quod
1950 3358 2032 3399 est
2075 3350 2229 3400 cibus
2271 3350 2483 3416 jumen-

1400 3423 1609 3480 torum,
1653 3416 1782 3482 quia
1837 3419 2064 3470 Verbum
2101 3434 2231 3470 caro
2259 3419 2481 3485 factum

1401 3493 1499 3553 est,
1532 3497 1583 3538 et
1610 3490 1788 3540 omnis
1805 3505 1937 3543 caro
1948 3493 2159 3560 senum.
2191 3492 2297 3542 Bos
2324 3490 2480 3559 quip-

1400 3574 1485 3625 pe,
1524 3559 1622 3627 qui
1673 3561 1919 3627 designat
1960 3564 2221 3630 populum
2261 3561 2484 3616 Judaeoi

1401 3647 1545 3697 rum,
1575 3640 1627 3682 et
1653 3632 1856 3695 asinus,
1887 3635 1981 3700 qui
2013 3635 2254 3701 designat
2298 3651 2480 3702 popu-

1402 3704 1518 3753 lum
1560 3704 1837 3770 Gentium,
1873 3707 2171 3757 Dominum
2209 3706 2269 3756 in
2299 3707 2481 3758 medio

1402 3774 1679 3837 habentes,
1717 3784 1768 3826 et
1796 3777 2113 3827 miraculose
2146 3785 2480 3843 cognoscen÷

1403 3852 1502 3911 teS‚
1532 3843 1685 3898 flexis
1725 3846 1968 3913 genibuS,
2002 3847 2327 3903 incessanter
2354 3865 2481 3930 eun}
