2784 4452
465 353 558 403 DE
589 351 1029 403 TESTIMONIO
1058 351 1353 403 JOANNIS
1384 350 1480 402 DE
1511 351 1817 403 CHRISTO
1846 352 1962 403 DEI
1995 352 2211 404 AGNO.

2354 354 2454 420 ²43

1031 676 1367 748 CAPUT
1409 675 1659 744 XXIII

431 925 535 993 De
582 923 983 993 testimonio
1025 921 1325 991 Jommis
1367 923 1454 991 de
1504 921 1793 992 Christo
1839 923 1977 991 Dei
2020 924 2263 1018 quzo.
2343 918 2349 927 ’

1050 1172 1085 1234 J
1091 1173 1320 1237 oannis
1363 1193 1501 1257 cap.
1546 1195 1569 1235 1
1587 1222 1601 1234 .

292 1413 312 1448 1
341 1397 713 1453 Tssrmomuu
733 1396 951 1447 Jomms
979 1410 1048 1444 nn.
1077 1394 1286 1446 Cnnrro

219 1483 290 1518 υτ
314 1469 568 1520 Aeuom-
597 1469 775 1518 Altera
809 1477 990 1518 autem
1031 1466 1118 1516 die
1164 1477 1286 1532 post

215 1554 528 1605 regressum
547 1554 578 1588 a
601 1540 807 1588 deserto
822 1577 834 1600 ,
865 1539 1014 1589 venit
1039 1539 1194 1588 Jesus
1216 1538 1283 1587 ad

213 1610 501 1661 Jordanem
525 1627 538 1658 z
560 1625 722 1675 quem
740 1610 982 1660 ,Ioannes
1002 1609 1189 1659 videns
1208 1609 1285 1658 ad

214 1694 273 1731 se
301 1680 612 1741 venientem,
648 1679 882 1730 ostendit
912 1694 1038 1729 eum
1077 1678 1278 1747 digit0,

210 1761 265 1802 et
292 1751 625 1810 exclamavit,
653 1751 839 1800 dicens
867 1767 882 1799 ε
911 1751 1059 1801 Ecce
1083 1753 1287 1817 Agnus

210 1825 335 1885 Dei,
357 1838 477 1880 ecce
500 1824 594 1890 qui
614 1824 755 1874 toltit
770 1830 1051 1892 peccatum
1078 1824 1278 1874 mundi.

212 1895 321 1951 Ubi
363 1894 601 1960 tangitur
641 1894 1020 1947 testimonium
1052 1894 1295 1946 Joannis-

211 1966 280 2020 de
305 1965 524 2017 Christo
547 1965 865 2031 dupliciter:
889 1965 1083 2031 prim0‚
1111 1981 1277 2033 quan-

210 2050 331 2093 tum
362 2039 428 2089 ad
473 2039 586 2103 ejus
625 2054 806 2089 veram
849 2039 1286 2101 humanitatem„

212 2111 270 2163 in
311 2125 419 2176 qua
461 2125 557 2175 pro
598 2109 754 2159 nobis
799 2109 1111 2160 immolatus
1159 2120 1275 2169 est,

210 2199 338 2238 cum
376 2178 574 2236 dicitur
604 2199 617 2234 z
647 2183 793 2234 Ecce
828 2185 1023 2250 Agnus
1050 2182 1171 2246 Dei,
1224 2182 1279 2234 id

210 2267 297 2310 est
318 2257 479 2309 aDeo
504 2257 722 2317 missus,
751 2257 1010 2307 ut.hostia
1035 2257 1285 2325 acceptis-

208 2327 356 2381 sima
380 2327 772 2388 immolandus3
822 2328 1073 2390 secundo,
1110 2343 1281 2395 quan-

208 2407 329 2449 tum
360 2397 427 2448 ad
456 2397 570 2461 ejus
598 2396 956 2458 divinitatem,
983 2413 1109 2447 cum
1138 2398 1289 2453 sub--

209 2467 358 2518 ditur
384 2483 401 2516 ι
422 2467 512 2532 qui
564 2466 705 2516 tollit
741 2473 1021 2533 peccatum
1057 2468 1276 2532 mundi,

209 2536 340 2602 quia
376 2537 561 2587 toliere
593 2546 832 2602 peccata,
876 2547 955 2587 est
998 2538 1277 2605 proprium

208 2605 382 2674 ipsius
429 2605 546 2656 Dei.
586 2607 710 2656 Haec
751 2607 954 2673 quippe
1000 2618 1082 2658 est
1119 2624 1283 2662 causa

203 2692 315 2743 qua
336 2676 499 2736 venit,
528 2687 589 2729 ut
619 2678 892 2742 pereuntis
922 2678 1113 2729 mundi
1144 2696 1298 2745 pec—-

206 2758 323 2800 cata?
363 2748 665 2814 suscipiens
688 2788 702 2810 ,
752 2749 947 2815 peccati
1006 2751 1189 2801 labem
1224 2761 1289 2806 et

203 2822 714 2874 omniummortem
753 2823 810 2873 in
855 2839 942 2883 se,
996 2824 1091 2890 qui
1133 2825 1274 2875 vinci

208 2908 322 2944 non
359 2903 579 2959 posset,‚
613 2893 865 2944 aboleret.
907 2894 1024 2944 Jam
1062 2906 1290 2949 venerat*

205 2973 260 3013 et
332 2979 444 3016 non
509 2965 924 3030 agnoscebatur,
982 2966 1079 3015 sed
1132 2982 1290 3020 nunc·

206 3034 622 3084 demonstratur.
672 3034 808 3084 Ecce
857 3045 940 3084 est
976 3035 1069 3085 hic
1113 3052 1275 3105 quern

205 3105 644 3159 desideraverunt
700 3107 1018 3157 Patriarchae
1040 3146 1055 3172 ,
1111 3125 1279 3176 quem

199 3177 701 3241 praenuntiaverunt
752 3177 1032 3243 Prophetae
1053 3217 1066 3239 ,
1109 3195 1273 3246 quem

203 3248 549 3315 praesignavit
584 3251 712 3300 Lex.
758 3251 901 3302 Ecce
927 3253 1124 3318 Agnus
1150 3253 1272 3317 Dei,

200 3334 323 3373 ecce
344 3320 438 3386 qui
466 3320 607 3371 tollit
636 3329 916 3386 peccatum
962 3323 1179 3386 mundi,
1208 3339 1272 3374 ac

201 3390 253 3442 si
279 3389 481 3445 diceret
503 3408 516 3440 z
542 3392 673 3442 Ecce
701 3391 964 3442 innocens
990 3394 1132 3444 inter
1156 3410 1273 3460 pec-

166 3470 172 3475 ·
198 3471 436 3521 catores,
466 3463 638 3526 justus
668 3462 807 3514 inter
833 3465 1108 3530 reproboS,
1144 3466 1268 3533 pius

199 3530 346 3582 inter
377 3531 611 3598 impios3
659 3532 716 3582 in
756 3549 867 3599 quo
907 3535 1119 3586 nulium
1149 3552 1274 3602 pec-

200 3613 385 3656 catum
408 3605 585 3670 potuit
603 3606 854 3667 inveniri,
873 3616 925 3656 et
940 3607 1058 3658 ideo
1082 3619 1273 3675 potens

199 3683 287 3726 est
341 3675 529 3725 tollere
580 3687 792 3741 peccata
838 3677 1072 3739 mundi,
1128 3680 1273 3731 unde

200 3744 346 3798 sicut
370 3759 540 3812 agnus
567 3747 779 3797 oblatus
813 3758 893 3798 est
920 3764 1016 3815 pro
1046 3750 1274 3815 peccatis

201 3815 564 3880 populorum,
605 3817 734 3884 quia
774 3817 828 3867 in
860 3833 922 3868 eo
963 3829 1053 3869 est*
1072 3819 1269 3886 gratia,

200 3897 257 3954 et
285 3886 456 3941 virtus
481 3889 758 3957 purgativa
788 3900 1142 3958 peccatorum.

1459 1408 1490 1442 2
1523 1394 1707 1442 Aenus
1725 1407 1831 1442 emt
1845 1408 2037 1443 merus
2055 1409 2149 1443 ssi·
2163 1394 2474 1449 cantet-mh

1392 1490 1454 1500 —
1493 1462 1804 1528 specialiter
1860 1473 2048 1513 amem·
2089 1463 2227 1514 inter
2293 1475 2476 1515 cetum

1389 1535 1662 1595 animalia,
1704 1552 1826 1602 quae
1854 1537 1911 1586 in
1943 1537 2081 1603 Lege
2117 1537 2295 1587 offerri
2332 1554 2465 1588 con*

1388 1616 1679 1657 sueverunt
1695 1643 1708 1663 ‚
1739 1607 2019 1656 Ciu-Istum
2041 1622 2244 1673 agnum
2270 1608 2459 1658 nomi·-

1390 1678 1570 1743 navit,
1614 1678 1741 1745 quia
1778 1678 1901 1728 licet
1929 1672 2032 1730 alia
2066 1680 2324 1730 animalia
2350 1681 2461 1730 im-

1386 1750 1716 1800 molarentur
1743 1749 1802 1798 in
1819 1750 1973 1816 Lege,
2001 1760 2061 1800 ut
2086 1751 2201 1810 bos,
2225 1751 2452 1811 vitulus,

1386 1833 1566 1884 capra,
1600 1829 1696 1869 etc.
1718 1857 1732 1879 ‚
1782 1828 1961 1870 tamen
2004 1820 2256 1871 Christus
2286 1821 2466 1887 magis

1384 1899 1439 1940 et
1466 1889 1647 1955 potius
1665 1899 1888 1939 vocatur
1912 1905 2104 1955 agnus,
2131 1906 2297 1957 quarn
2327 1902 2473 1942 ωε»-

1386 1974 1446 2009 ra
1497 1959 1752 2009 animalia
1810 1959 2171 2010 immolatitia.
2234 1960 2426 2011 Primo·
2444 2001 2466 2024 ,

1385 2029 1515 2094 quia
1559 2030 1704 2080 inter
1750 2044 1941 2079 omnes
1990 2028 2194 2095 figuras
2251 2031 2471 2081 Veteris

1386 2101 1746 2161 Testamenti,
1824 2117 1996 2167 agnus
2047 2103 2318 2166 paschalis
2363 2119 2466 2153 exs-

1387 2173 1630 2239 pressius
1674 2172 1938 2240 figurabat
1974 2173 2254 2223 Christum
2294 2173 2470 2223 inm·

1385 2256 1598 2296 centem
1675 2246 2070 2296 immoiandum
2090 2284 2108 2304 ,
2179 2245 2316 2312 (χαῖα
2367 2246 2472 2298 isse-2

1386 2321 1660 2386 paschalis
1686 2335 1868 2386 agnus·
1904 2330 2014 2370 erat
2045 2319 2163 2370 sine
2200 2321 2414 2371 macula.
2434 2359 2450 2382 ‚

1386 2401 1440 2442 et
1466 2407 1560 2456 per
1582 2392 1700 2457 ejus
1723 2390 2152 2440 immolatiomem
2173 2390 2273 2441 filii
2295 2392 2468 2442 Isrnd

1388 2463 1598 2514 liberati
1627 2473 1758 2515 sunt
1787 2479 1819 2513 a
1841 2463 2100 2513 servitute
2123 2463 2458 2529 AEgyptiaca.

1385 2534 1482 2584 Sic
1506 2544 1570 2584 et·
1587 2533 1842 2584 Christus
1866 2544 1982 2583 erat
1999 2533 2116 2583 sine
2139 2544 2370 2599 peccato,
2401 2545 2454 2586 et

1391 2621 1494 2671 per.
1517 2607 1631 2672 ejus
1656 2605 1971 2656 Passionem
2000 2605 2212 2656 liberati
2265 2622 2466 2658 sumus·

1384 2692 1417 2727 a
1444 2677 1701 2728 servitute
1729 2677 2010 2728 diabolica.
2037 2676 2109 2727 Et
2142 2694 2252 2727 non
2276 2678 2472 2729 solum.

1385 2757 1605 2814 propter
1633 2746 2022 2810 innocentiam,
2048 2748 2140 2797 sed
2161 2757 2216 2797 et
2238 2759 2474 2813 propter

1385 2818 1788 2883 simplicitatem·
1844 2818 2097 2869 Christus
2150 2818 2330 2870 dictus
2377 2829 2457 2871 est

1383 2904 1588 2953 agnus3
1636 2889 1776 2956 quia·
1806 2889 1949 2939 sicut
1982 2904 2163 2954 agnus
2196 2890 2270 2939 ad.
2295 2889 2455 2940 victi-

1383 2974 1533 3009 mam
1556 2960 1747 3010 ductus
1777 2971 1889 3024 est,
1925 2969 1977 3010 et
2006 2976 2122 3009 non
2150 2960 2358 3025 aperuit
2392 2977 2455 3012 os

1383 3048 1562 3083 suum.
1595 3061 1659 3071 —
1684 3034 1930 3083 Secundo
1953 3072 1965 3092 ,
2011 3033 2139 3100 quia
2184 3034 2313 3086 licet
2350 3034 2455 3086 aha

1382 3104 1573 3156 fierent
1620 3104 1877 3156 sacrificia
1930 3108 1988 3156 in
2041 3107 2245 3172 templo
2296 3106 2455 3157 certia

1382 3177 1750 3244 temporibus,
1781 3193 1955 3229 unum
1984 3190 2095 3229 erat
2120 3190 2301 3230 tamen
2322 3195 2452 3246 qun·

1382 3253 1651 3303 tidianum
1670 3291 1685 3312 ,
1744 3252 1804 3302 in
1873 3268 1983 3319 quo
2041 3254 2246 3320 jugiter
2307 3268 2468 3303 unus·

1381 3338 1562 3389 agnus
1583 3338 1745 3373 mane
1767 3333 1822 3373 et
1841 3323 1981 3374 alius
2007 3339 2226 3390 vespere
2256 3324 2449 3373 offere*

1383 3397 1568 3460 batur3
1599 3412 1693 3447 nec
1725 3396 1830 3446 hoc
1855 3398 2164 3449 mutabatur
2181 3412 2445 3464 unquam,

1381 3468 1476 3520 sed
1507 3478 1765 3535 tanquam
1795 3469 2087 3536 principale
2126 3469 2452 3519 observabo-

1382 3551 1471 3591 tur
1500 3557 1515 3590 :
1545 3540 1649 3590 alia
1685 3551 1836 3591 erant
1859 3557 1924 3591 ex
1953 3542 2202 3606 adjuncto
2228 3549 2279 3589 et
2305 3549 2449 3590 tema-

1381 3625 1512 3676 pore
1553 3611 1926 3662 determinato.
1983 3612 2097 3660 Hoc
2151 3625 2278 3675 ergo
2328 3610 2449 3675 juge

1380 3680 1701 3733 sacrificium
1720 3721 1734 3745 ,
1774 3683 1922 3748 quod
1962 3680 2225 3747 figurabat
2258 3696 2447 3747 perpe-

1379 3752 1628 3803 tuitatem
1700 3753 2049 3804 beatitudinis
2075 3791 2089 3813 ‚
2159 3751 2317 3803 fiebat
2381 3753 2448 3802 de

1379 3839 1519 3892 agno
1552 3841 1565 3875 ε
1594 3824 1671 3876 sic
1698 3835 1750 3875 et
1779 3824 2030 3876 Christus
2063 3833 2241 3874 nostra
2270 3840 2446 3890 perpe*

1379 3904 1472 3946 tua
1500 3895 1772 3948 beatitudo
1796 3905 1894 3947 est.
1924 3897 2115 3962 Agnus
2132 3896 2293 3947 etiam
2318 3895 2446 3947 dici·-
