2784 4452
1027 231 1272 282 PRIMAE
1303 230 1557 282 PARTts
1583 231 1821 286 CAPUT
1846 235 1987 285 XLI.

1207 610 1547 681 CAPUT
1601 611 1770 679 XLI

1077 871 1186 940 De
1229 869 1596 940 curatione
1636 866 1922 962 leprosi.

1211 1117 1503 1181 Matthaei
1553 1138 1688 1201 cap.
1725 1121 1785 1182 8.

458 1361 790 1410 1'M1RACULA
838 1376 971 1410 rost
1022 1375 1326 1410 noc-ramim
1381 1375 1453 1408 ET

387 1447 626 1482 morth-,n
661 1448 979 1483 noct-mnu,
1026 1460 1091 1470 —-
1129 1432 1274 1497 Lege
1324 1444 1451 1497 ergo

388 1503 690 1570 evangelica
745 1504 798 1553 in
840 1515 1023 1554 monte
1061 1504 1207 1563 data,
1258 1518 1450 1555 conse-

387 1587 615 1643 quenter
664 1577 888 1642 ponitur
939 1576 1056 1640 ejus
1110 1573 1450 1627 confirmatio

296 1705 300 1711 ὁ
388 1662 482 1712 per
503 1647 777 1706 miracula,
805 1646 932 1712 quia
954 1646 1079 1696 boni
1108 1645 1350 1712 magistri
1370 1654 1452 1695 est

383 1717 686 1767 doctrinam
742 1733 894 1767 suam
947 1717 1297 1782 comprobare
1356 1731 1452 1781 per

385 1786 536 1838 facta.
557 1788 695 1837 Cum
718 1787 916 1852 itaque,
941 1787 1208 1852 completo
1233 1802 1451 1837 sermo-

385 1875 471 1920 ne,
492 1860 753 1911 Dominus
783 1860 1147 1912 descendisset
1166 1860 1233 1910 de
1253 1867 1447 1923 monte,

383 1936 577 1981 seeutae
599 1935 724 1979 sunt
751 1944 866 1980 eum
885 1929 1060 1980 turbae
1088 1930 1287 1991 multae,
1318 1946 1451 1996 pno-

381 2012 502 2068 pter
532 2013 762 2068 quarum
797 2000 1228 2063 aedificationem,
1279 2012 1331 2051 et
1355 2017 1450 2052 ro-

388 2073 565 2140 gantis
592 2074 778 2138 populi
809 2073 1169 2135 devotionem,
1196 2074 1452 2125 moveba-

388 2157 477 2197 tur
505 2147 572 2200 ad
600 2145 903 2196 faciendum
932 2145 1271 2196 miracuium.
1300 2147 1453 2197 Unde

388 2218 762 2285 Hieronymus
785 2237 805 2269 τ
836 2237 862 2265 α
879 2217 1452 2284 Postpraedicationem

386 2298 546 2355 atque
569 2288 892 2349 doctrinam,
911 2288 1193 2355 signorum
1223 2289 1452 2341 offertur

387 2360 611 2419 oecasiO,
653 2369 716 2408 ut
766 2375 860 2425 per
885 2359 1146 2411 virtutum
1175 2360 1449 2422 miracula,

388 2421 690 2497 fita-‚teritus
742 2432 885 2497 apud
937 2433 1219 2484 audientes
1271 2448 1453 2486 sermo

388 2502 649 2552 firmetur.
713 2521 741 2551 r>
795 2504 862 2553 Et
931 2503 1365 2570 Chrysostonms
1434 2522 1453 2554 .-

388 2592 416 2621 α
458 2575 584 2625 Post
610 2589 916 2624 sermonem
937 2613 950 2635 ,
981 2574 1292 2628 immediate
1320 2592 1452 2642 pro-

387 2644 525 2695 cedit
556 2645 621 2695 ad
646 2645 917 2706 miracula,
952 2656 1011 2696 ut
1035 2645 1215 2697 verbis
1249 2660 1452 2713 praece-

387 2714 638 2765 dentibus
662 2716 1029 2768 auctoritatem
1057 2726 1356 2783 praestaret3
1389 2728 1453 2769 ut

388 2786 654 2838 mirabilis
671 2787 728 2838 in
754 2789 953 2852 verbis,
978 2788 1241 2838 mirabilis
1281 2805 1452 2857 appa-

387 2868 527 2909 reret
554 2859 610 2908 in
641 2874 817 2925 opere.
864 2878 894 2907 »
940 2860 1006 2911 Et
1059 2860 1385 2925 Tloeophilus
1432 2879 1451 2913 .·

390 2927 418 2976 α’
445 2928 714 2979 Doctrinae
737 2940 917 2982 autern
936 2930 1306 2996 operationem
1339 2931 1450 2984 im-

388 3000 625 3059 miscuit,
655 3000 761 3050 nisi
785 3002 928 3051 enim
958 3001 1260 3052 ostenderet
1275 3002 1451 3053 mira-

387 3074 523 3132 cula,
565 3073 679 3136 ejus
727 3073 963 3123 sermoni
987 3090 1095 3124 non
1128 3075 1449 3125 crederetur.

386 3144 475 3194 Sic
502 3153 554 3197 et
580 3152 640 3192 tu
669 3151 790 3207 post
809 3142 1106 3194 doctrinam
1129 3158 1365 3211 operare,
1390 3154 1453 3196 ut

389 3232 498 3267 non
520 3215 590 3266 sit
617 3215 674 3265 in
705 3225 758 3265 te
804 3230 1002 3270 vacuus
1037 3226 1164 3267 tuus
1192 3232 1388 3267 serm0.
1420 3236 1448 3264 υ

388 3289 615 3355 Mystice
655 3300 773 3339 cum
810 3288 1171 3339 descendisset
1200 3291 1367 3344 Jesus
1385 3289 1453 3340 de

386 3364 578 3423 monte,
607 3360 815 3412 scilicet
862 3359 1075 3419 divinae,
1100 3360 1448 3421 excellentiae,

386 3432 445 3483 in
472 3431 666 3482 vallem
698 3429 1024 3481 humilitatis
1064 3430 1153 3482 vel
1187 3429 1449 3481 humani-

386 3503 511 3554 tatis
537 3503 800 3554 manendo
815 3504 962 3568 quod
983 3512 1111 3563 erat,
1128 3502 1450 3553 assumendo

390 3574 537 3639 quod
554 3589 661 3624 non
688 3584 817 3635 erat,
846 3584 974 3626 tunc
1002 3573 1146 3625 enim
1169 3574 1236 3623 de
1265 3582 1453 3624 monte

388 3644 689 3704 descendit,
731 3645 950 3710 quando
1004 3658 1062 3695 se
1108 3643 1446 3706 exinanivit,

377 3715 621 3781 sormam
650 3716 795 3768 servi
833 3716 1100 3782 accipiens
1114 3732 1135 3779 ‚⁶
1171 3724 1301 3765 tunc
1329 3723 1451 3779 post

388 3787 723 3848 descensum,
762 3794 955 3839 secutae
991 3793 1114 3841 sunt
1134 3801 1249 3838 eum
1282 3786 1452 3838 turbae

389 3856 599 3920 multae3
623 3858 751 3924 quia
771 3857 876 3909 nisi
900 3858 1046 3910 Deus
1072 3856 1447 3920 descendisset,

1563 1358 1730 1408 homo
1753 1359 1819 1408 ad
1843 1360 2124 1426 sequelam
2146 1376 2299 1410 suam
2312 1376 2429 1411 non
2452 1377 2618 1413 ascen

1561 1430 1744 1490 disset,
1772 1431 1903 1497 quia
1932 1448 2126 1498 magna
2167 1433 2334 1500 gioria
2367 1442 2421 1483 et
2445 1433 2640 1501 digni-

1557 1512 1642 1552 tas
1676 1511 1758 1552 est
1791 1502 2001 1553 homini
2054 1504 2211 1568 sequi
2243 1503 2396 1555 hunc
2435 1505 2638 1554 Domi-

1561 1589 1715 1624 num.
1769 1575 1852 1636 Et,
1892 1576 2199 1625 secundum
2238 1575 2665 1645 Aug-ustitiam„

1559 1645 1737 1710 primo
1779 1647 2054 1712 leprosum
2092 1647 2406 1708 mundavit,
2460 1657 2532 1699 ut
2570 1665 2637 1700 ex

1559 1715 1662 1765 hoc
1685 1727 1958 1781 appareret
1983 1717 2196 1774 Novum
2217 1719 2636 1770 Testamentum

1560 1785 1614 1835 in
1641 1797 1829 1837 monte
1848 1787 2056 1851 datum,
2082 1797 2135 1838 et
2181 1788 2412 1854 gratiam
2442 1789 2634 1841 Evan-

1558 1856 1685 1922 gelii
1718 1873 1880 1922 supra
1910 1859 2110 1924 'Legem
2138 1874 2274 1919 esse,
2305 1875 2430 1924 quae
2454 1862 2638 1929 lepro-

1559 1943 1683 1979 sum
1713 1929 2051 1989 excludebat,
2094 1945 2205 1980 non
2253 1932 2497 1983 sanabat.
2531 1933 2638 1982 vi-

1559 2001 1717 2051 detur
1753 2009 1931 2051 autem
1962 2000 2051 2050 hic
2087 2001 2450 2062 contrarietas,
2475 2002 2539 2052 in
2571 2018 2635 2053 eo

1559 2070 1704 2136 quod
1734 2069 2019 2120 Matthaeus
2051 2071 2181 2121 dicit
2206 2087 2226 2120 ι
2252 2085 2372 2121 cum
2419 2073 2638 2124 descen·

1557 2143 1724 2194 disset
1746 2142 1813 2191 de
1856 2148 2043 2204 monte,
2076 2143 2248 2192 Lucas
2268 2156 2399 2193 vero
2448 2144 2584 2195 dicit
2615 2161 2641 2195 ι

1559 2230 1676 2268 cum
1699 2221 1841 2266 esset
1860 2214 1916 2265 in
1941 2230 2051 2266 una
2081 2215 2376 2266 civitatum.
2405 2216 2493 2268 Ad
2525 2217 2628 2268 hoc

1558 2288 1845 2340 dicendum
1879 2298 1977 2348 est,
2007 2289 2304 2339 secundum
2337 2290 2636 2352 Glossam,

1559 2362 1704 2428 quod
1724 2372 1847 2427 post
1869 2363 2187 2412 descensum
2205 2363 2272 2412 de
2299 2372 2506 2427 monte,
2524 2363 2630 2414 fuit

1559 2433 1775 2498 aiiquod
1822 2433 2166 2483 intervassum
2199 2442 2490 2500 antequam
2537 2434 2635 2484 in-

1559 2513 1721 2554 traret
1735 2504 2019 2564 civitatem,
2050 2504 2177 2554 etin
2205 2505 2298 2555 iilo
2318 2505 2633 2564 intervallO,

1560 2584 1778 2626 sanatus
1820 2574 1923 2624 fuit
1964 2574 2238 2640 leprosus3
2293 2576 2441 2640 quod
2490 2577 2623 2626 Mat-

1560 2647 1733 2698 thaeus
1761 2662 1861 2697 suo
1903 2646 2022 2698 loco
2057 2645 2228 2712 ponit,
2270 2646 2445 2698 Lucas
2497 2662 2624 2704 vero

1559 2717 1724 2767 dicit:
1756 2732 1872 2768 cum
1917 2723 2059 2769 esset
2098 2716 2154 2766 in
2184 2730 2289 2766 una
2315 2716 2614 2778 civitatum,

1558 2786 1760 2837 scilicet
1786 2786 2186 2854 Capharnaum,
2220 2786 2349 2852 quia
2389 2796 2503 2837 erat
2548 2786 2623 2836 ibi

1559 2876 1742 2927 prope,
1773 2860 1839 2911 ad
1862 2861 2068 2910 leucam
2089 2869 2141 2910 et
2169 2858 2474 2920 dimidiam,
2503 2875 2623 2909 con·

1559 2944 1639 2985 tra
1657 2933 1960 2986 Orientem.

1622 3021 1651 3054 2
1682 3005 1853 3055 VBM-r
1866 3019 2138 3053 venosus
2155 3020 2222 3053 An
2242 3002 2543 3053 Cmusrtm.
2565 3032 2623 3042 -

1558 3076 1793 3137 Quidam
1818 3092 1943 3146 ergo
1975 3075 2216 3142 leprosus
2249 3074 2478 3137 venienS‚
2511 3090 2621 3125 non

1557 3158 1668 3201 tam
1699 3147 1945 3214 passibus
2002 3146 2269 3212 corporiS,
2310 3161 2475 3211 quam
2513 3146 2617 3197 fide

1557 3218 1733 3271 cordis
1763 3256 1778 3282 ,
1837 3231 1982 3283 genu
2027 3216 2187 3282 flexo
2224 3215 2518 3282 procidens
2565 3217 2617 3266 in

1546 3288 1750 3355 faciem
1776 3302 1950 3349 suam,
1995 3286 2260 3337 adorabat
2294 3298 2441 3345 eum,
2497 3300 2614 3335 cum

1556 3358 1862 3411 humiiitate
1889 3357 2144 3424 corporis,
2169 3362 2219 3406 et
2228 3353 2454 3421 rogavit
2479 3368 2613 3417 eum,

1556 3447 1680 3482 cum
1704 3428 1945 3480 oratione
1970 3427 2100 3478 oris.
2125 3426 2229 3478 Ubi
2244 3424 2348 3475 tria
2365 3423 2468 3474 ista
2495 3440 2611 3475 con·

1555 3508 1797 3563 currunt,
1836 3498 2047 3550 scilicet
2096 3498 2264 3561 fides,
2316 3495 2612 3557 humilitas,

1554 3570 1744 3630 matie,
1770 3569 1974 3635 quibus
2011 3569 2154 3622 nihil
2184 3576 2406 3633 negatur
2426 3580 2459 3615 a
2486 3565 2611 3617 Deo,

1557 3640 1804 3692 Procidit
1833 3640 1885 3691 in
1915 3641 2141 3706 faciem,
2185 3638 2325 3688 sicut
2373 3635 2610 3698 humiiis,
2658 3643 2673 3667 ⁰

1557 3710 1794 3763 maculas
1832 3725 1956 3761 suas
1989 3726 2098 3760 non
2137 3718 2343 3774 tegens,
2377 3706 2469 3755 sed
2515 3706 2614 3755 hu-

1556 3782 1757 3834 militer
1776 3780 2056 3832 confidens
2093 3790 2147 3831 et
2164 3779 2466 3846 publicans,
2495 3776 2609 3827 ideo

1556 3850 1794 3906 exaudiri
1825 3853 2021 3904 meruit
2046 3861 2102 3903 et
2128 3848 2401 3911 mundari3
2446 3845 2522 3898 sic
2560 3856 2610 3898 et
