2784 4452
617 312 713 363 DE
747 312 1184 365 NATIVITATE
1215 312 1661 364 SALVATORIS
1693 310 1973 363 NOSTRI.
2345 310 2415 379 89

179 443 337 491 ctam,
365 430 458 479 sed
486 438 741 479 aeternam
782 428 838 477 in
878 428 1044 489 coeliS,
1074 440 1126 480 et
1157 444 1248 480 re-

177 503 420 553 colamus
482 499 738 561 amand03
811 498 939 565 quia
1003 500 1246 550 Verbum

178 587 298 622 caro
343 570 567 630 factum,
607 568 737 618 illuc
775 584 932 618 carne
985 570 1246 630 ascendit,

178 644 365 709 ibique
418 641 596 701 sedet,
652 641 709 691 in
775 643 986 691 dextera
1043 642 1244 707 Patris;

176 718 307 767 illuc
351 730 479 765 eum
522 724 632 764 tota
679 714 940 765 virtutum
996 714 1248 766 instantia

177 801 491 852 sequamur,
516 795 568 835 et
591 786 820 836 sollicita
850 785 1027 836 cordis
1045 779 1246 837 ac'cor-

180 859 330 926 poris
374 858 721 926 castigatione
757 874 1105 925 procuremus
1124 898 1139 921 ,
1188 869 1248 910 ut

166 945 334 996 quem
389 930 468 979 illi
522 930 583 986 in,
619 929 881 995 praesepio
923 929 1106 981 videre
1145 945 1243 981 va-

167 1000 428 1066 gientem,
450 1016 550 1050 nos
584 1000 638 1049 in
665 1000 837 1051 Patris
863 1000 1000 1051 solio
1035 1016 1243 1051 merea-

169 1088 294 1122 mur
328 1071 511 1121 videre
580 1080 912 1137 regnantem.
992 1071 1114 1121 Non
1162 1082 1245 1122 est

170 1151 311 1191 tanta
334 1140 612 1191 beatitudo
651 1156 775 1190 cum
806 1140 1011 1191 desidia
1034 1155 1094 1190 ac
1125 1150 1242 1191 tor-

170 1226 297 1277 pore
337 1212 652 1277 quaerenda,
675 1206 785 1260 'sed
828 1211 1070 1261 alacriter
1113 1221 1242 1262 sunt

168 1280 371 1332 Christi
405 1281 678 1347 sequenda
721 1281 961 1347 vestigia.
999 1281 1066 1331 Et
1099 1281 1238 1331 sicut

170 1352 244 1401 illi
280 1350 524 1401 videntes
552 1361 937 1416 cognoverunt,
958 1350 1036 1400 sic
1059 1362 1113 1402 et
1141 1367 1242 1401 nos

171 1438 287 1488 quae
324 1422 468 1472 dicta
497 1431 626 1470 sunt
661 1420 727 1471 de
753 1422 1027 1472 salvatore
1054 1431 1239 1472 nostro

173 1493 325 1556 plena
363 1490 651 1541 dilectione
697 1491 1013 1541 festinemus
1049 1491 1243 1556 ample-

172 1564 257 1624 cti,
289 1573 352 1613 ut
371 1563 487 1612 haec
511 1563 569 1611 in
594 1562 776 1614 futuro
804 1562 1047 1629 perfectae
1071 1562 1244 1629 cogni-

171 1634 336 1684 tionis
371 1632 498 1683 visu
559 1634 1011 1700 comprehendere
1060 1636 1240 1685 valea—

172 1721 312 1757 mus.

238 1777 303 1828 18
338 1778 525 1828 MAmA
560 1794 699 1829 ‘runc
728 1795 925 1829 orrum
968 1786 1245 1830 mscoethA

169 1864 329 1908 Furr,
390 1864 464 1898 υτ
516 1865 714 1899 pos-rm
757 1850 1246 1900 EvANGr-:msTARuu

168 1935 437 1970 maist-an
477 1936 689 1970 FiERET.
728 1947 790 1957 —-
824 1920 1020 1971 Maria
1065 1926 1242 1970 autem

170 1993 597 2059 prudentissima
641 1993 992 2044 conservabat
1026 1992 1084 2043 in
1111 1993 1244 2043 scri-

168 2064 259 2115 nio
289 2064 526 2129 pectoris
560 2064 665 2127 sui,
694 2064 873 2115 omnia
917 2063 1097 2125 verba,
1135 2062 1245 2112 sci-

164 2136 294 2187 licet
335 2137 404 2185 de
448 2134 848 2185 annuntiatione
873 2134 1148 2200 Angelica,
1178 2134 1245 2183 de

171 2206 528 2266 exsultatione
551 2206 767 2257 ,loannis
793 2205 848 2256 in
874 2213 1045 2270 utero,
1062 2205 1129 2255 de
1156 2220 1246 2255 or·-

171 2291 227 2331 tu
247 2279 560 2342 SalvatoriS,
580 2280 647 2329 de
674 2278 878 2329 cantico
897 2277 1244 2344 Angelorum,

171 2367 229 2406 ac
257 2353 329 2401 de
357 2351 688 2416 apparitione
716 2359 767 2400 et
812 2349 917 2400 fide
949 2357 1241 2415 pastorum,

171 2421 459 2486 conserens
508 2435 571 2471 ea
617 2422 670 2470 in
731 2422 892 2472 corde
940 2434 1063 2483 suo,
1119 2434 1245 2469 cum

172 2494 386 2559 scriptis
451 2492 850 2558 prophetarum.
917 2492 1061 2543 Ecce
1118 2505 1245 2556 ergo

172 2564 380 2629 optima
415 2564 699 2629 discipula,
739 2578 861 2629 quae
889 2563 1069 2614 audita
1114 2578 1247 2612 con-

174 2638 417 2688 servabat
469 2636 745 2686 memoriae
822 2635 1246 2686 commendando

176 2709 386 2773 omnia,
437 2709 578 2758 nihil
628 2709 887 2759 oblivioni
930 2710 1140 2772 dand0‚
1197 2716 1250 2757 et

169 2781 458 2831 conferens
503 2781 778 2832 observata
814 2781 1117 2847 frequenter
1161 2795 1248 2830 re-

175 2853 423 2917 petendO,
475 2853 618 2901 unde
663 2850 763 2901 fuit
803 2866 924 2902 arca
971 2850 1248 2901 continens

177 2921 485 2971 divinorum
514 2921 857 2987 eloquiorum
875 2936 1080 2972 arcana.
1111 2920 1272 2987 Con-x

179 2993 433 3043 servabat
485 3008 610 3059 ergo
665 2993 842 3044 ‘omnia
882 3002 935 3043 et
977 2991 1250 3043 memoriae

179 3067 618 3132 commendabat,
659 3079 719 3119 ut
761 3077 944 3134 postea
995 3067 1110 3134 ipsa
1147 3067 1251 3117 do-

178 3148 332 3188 cente
384 3148 439 3187 et
493 3149 738 3189 narrante
763 3140 1121 3190 scriberentur
1142 3176 1158 3202 ,
1199 3148 1251 3188 et

178 3206 235 3256 in
272 3207 524 3258 universo
567 3212 769 3260 mundo
816 3210 1247 3276 praedicarentur.

175 3280 261 3330 Ab
290 3279 407 3346 ipsa
451 3280 596 3331 enim
640 3283 882 3348 Apostoli
919 3281 1153 3349 plurima
1179 3283 1246 3331 de

178 3350 344 3415 gestis
391 3352 609 3403 Domini
663 3354 980 3416 didicerunt,
1019 3352 1252 3403 maxime

178 3439 242 3474 ea
281 3440 406 3491 quae
435 3427 600 3493 gessit
643 3437 926 3493 antequam
954 3442 1046 3477 eos
1088 3441 1252 3477 voca-

177 3503 293 3559 ret,
323 3506 377 3546 et
430 3499 495 3547 ad
551 3498 722 3564 ipsam
773 3514 960 3549 omnes
987 3499 1141 3565 quasi
1185 3499 1250 3548 ad

177 3568 491 3634 magistram
565 3572 923 3622 recurrebant.
992 3572 1064 3622 Et
1125 3571 1253 3638 quia

174 3653 386 3694 sanctas
441 3646 741 3712 Scripturas
781 3646 994 3712 legerat,
1031 3655 1084 3696 et
1124 3661 1251 3712 pro-

175 3715 370 3782 phetas
410 3719 610 3769 sciebat
629 3758 645 3784 ,
677 3719 977 3771 conferebat
1004 3735 1127 3786 quae
1165 3734 1252 3769 se-

177 3803 310 3840 cum
336 3799 462 3840 sunt
489 3801 604 3842 acta
631 3793 698 3842 de
725 3791 977 3857 Domino,
1008 3807 1134 3842 cum
1162 3790 1252 3841 his

177 3877 305 3928 quae
338 3874 557 3914 noverat
594 3880 625 3914 a
658 3865 934 3931 prophetis
962 3862 1159 3930 scripta
1187 3865 1253 3913 de

177 3947 275 3997 ee,
327 3935 600 3986 attendens
642 3939 928 4000 prudenter
976 3936 1253 4001 quomodo

1350 427 1645 495 prophetiae
1710 426 2067 492 implebantur
2135 425 2192 475 in
2246 442 2415 493 puero

1352 509 1494 550 nato.
1543 499 1841 566 Conferens
1894 511 2021 563 ergo
2071 511 2135 547 ea
2188 514 2311 564 quae
2362 498 2417 549 in

1350 586 1520 636 puero
1548 569 1663 621 fieri
1691 568 1921 628 videbat,
1960 582 2087 619 cum
2143 567 2251 619 illis
2293 584 2417 636 quae

1352 641 1419 690 de
1457 656 1520 691 eo
1572 640 1627 691 in
1669 637 1900 690 oraculis
1929 638 2312 705 prophetarum
2338 641 2418 690 le-

1350 722 1513 779 gerat,
1541 722 1687 763 tanto
1712 710 1893 763 verius
1931 726 2054 761 eum
2084 710 2259 761 Deum
2305 726 2421 763 esse

1351 786 1614 847 credebat,
1641 794 1841 852 quanto
1871 799 1931 834 ea
1957 799 2081 850 quae
2119 784 2185 833 de
2217 783 2310 833 illo
2339 784 2420 834 le—

1350 867 1497 924 gerat
1538 856 1593 907 in
1640 872 1703 906 eo
1745 854 2003 921 compleri
2046 855 2310 905 cernebat.
2350 855 2420 905 Et

1348 930 1450 980 ista
1484 928 1697 979 collatio
1724 935 1834 977 erat
1874 925 1921 976 ei
1951 924 2280 976 delectabilis
2303 926 2419 976 val-

1348 1003 1433 1062 de,
1478 1011 1529 1052 et
1576 1000 1723 1051 utilis
1760 998 2041 1062 Ecclesiae3
2074 998 2204 1065 quia
2231 1013 2420 1049 secun-

1348 1076 1480 1125 dum
1520 1074 1949 1140 Hieronymum,
2002 1072 2116 1138 ipsa
2160 1081 2280 1137 post
2335 1087 2423 1122 as·-

1347 1144 1655 1195 censionem
1710 1142 1835 1193 Filii
1899 1142 1987 1194 sui
2044 1142 2297 1192 remansit
2354 1142 2421 1192 ad

1347 1226 1560 1281 tempus
1605 1214 1660 1265 in
1686 1213 1842 1265 terris
1884 1228 2011 1265 cum
2039 1213 2330 1279 ApostoliS,
2359 1222 2420 1263 ut

1347 1301 1439 1335 eos
1483 1285 1693 1352 plenius
1737 1284 2039 1347 instrueret,
2075 1284 2204 1350 quia
2238 1283 2422 1336 omnia

1347 1355 1662 1407 familiarius
1714 1354 1918 1405 viderat
1982 1364 2035 1404 et
2082 1364 2417 1417 tractaverat,

1346 1436 1562 1494 propter
1596 1426 1742 1493 quod
1772 1425 1967 1476 melius
1994 1425 2292 1492 exprimere
2317 1440 2419 1490 po-

1347 1508 1498 1548 terat.
1531 1515 1558 1545 «
1589 1498 1663 1549 Ut
1705 1497 1884 1561 enim,
1922 1496 2054 1547 dicit
2098 1497 2240 1546 idem
2277 1497 2419 1547 Hie-

1348 1583 1612 1638 ronymus
1627 1606 1649 1631 ,
1712 1569 1861 1635 quod
1907 1567 2105 1618 melius
2132 1566 2416 1627 novimus,

1349 1642 1545 1693 melius
1601 1641 1943 1709 proferimus.
1993 1661 2021 1689 ν)
2073 1640 2238 1692 Maria
2291 1656 2418 1707 ergo

1347 1715 1622 1783 virginalis
1641 1714 1915 1782 pudicitiae
1941 1715 2059 1779 iura
2084 1714 2417 1777 custodiens,

1349 1798 1402 1839 et
1448 1805 1555 1839 non
1600 1789 1781 1840 minus
1832 1788 2028 1855 pudica
2071 1804 2164 1838 ore
2188 1825 2205 1852 ,
2253 1802 2416 1854 quam

1348 1877 1598 1928 corpore,
1625 1871 1825 1913 secreta
1859 1861 2062 1912 Christi
2094 1876 2216 1927 quae
2253 1875 2418 1910 nove-—

1347 1942 1428 1983 rat
1499 1932 1634 1983 nulli
1697 1933 1967 1999 divulgare
2036 1932 2280 1994 volebat,
2323 1931 2417 1980 sed

1347 2004 1507 2054 tacito
1594 2006 1753 2054 corde
1814 2013 2059 2068 scrutans
2115 2016 2418 2069 congruum

1346 2085 1563 2140 tempus
1620 2090 1730 2141 quo
1787 2075 1933 2124 Deus
1979 2075 2097 2124 haec
2153 2070 2416 2137 divulgari

1347 2146 1526 2209 vellet,
1556 2156 1607 2197 et
1644 2146 1919 2211 quomodo
1951 2145 2131 2207 vellet,
2170 2157 2419 2194 reveren-

1347 2230 1429 2270 ter
1481 2219 1821 2285 expectabat,
1864 2216 2141 2268 conferens
2185 2232 2246 2267 ea
2294 2231 2418 2281 quae

1346 2291 1552 2342 viderat
1605 2290 1749 2341 circa
1782 2305 1841 2340 se
1885 2299 2025 2351 acta,
2078 2298 2128 2338 et
2186 2302 2308 2355 quae
2364 2286 2420 2336 in

1350 2361 1642 2429 Scripturis
1679 2362 1877 2428 legerat
1926 2361 2144 2427 agenda.
2196 2361 2421 2426 Legerat

1350 2434 1494 2486 enim
1535 2434 1590 2484 in
1640 2433 1772 2483 Isaia
1801 2449 1814 2483 ε
1846 2432 1991 2483 Ecce
2041 2432 2200 2497 virgo
2239 2431 2421 2481 conci-

1342 2505 1459 2571 piet
1497 2509 1550 2554 et
1574 2503 1758 2569 pariet
1779 2503 1993 2569 filium;
2022 2512 2074 2552 et
2109 2501 2322 2552 videbat
2365 2516 2423 2550 se

1349 2574 1646 2641 virginem,
1689 2583 1741 2624 et
1797 2573 2106 2639 concepisse
2151 2582 2206 2623 et
2258 2586 2422 2637 pepe-

1350 2650 1501 2700 risse.
1545 2647 1810 2713 Legerat:
1844 2646 2114 2713 Cognovit
2150 2646 2244 2696 bos
2289 2659 2423 2710 pos-

1353 2733 1616 2771 sessorem
1660 2733 1832 2782 suum,
1864 2724 1916 2768 et
1951 2717 2141 2768 asinus
2175 2729 2423 2781 praesepe

1350 2791 1573 2843 Domini
1608 2789 1695 2840 sui
1705 2805 1727 2851 ;
1756 2797 1808 2839 et
1826 2789 2041 2839 videbat
2068 2788 2165 2838 Dei
2192 2798 2242 2838 et
2260 2804 2421 2838 suum

1352 2863 1554 2914 Filium
1597 2863 1733 2912 inter
1771 2860 1888 2912 hae‘c
1930 2861 2178 2912 animalia
2204 2860 2423 2927 vagien-

1351 2945 1463 2986 tem
1511 2935 1568 2984 in
1614 2933 1893 3000 praesepi0.
1933 2933 2199 2998 Legerat:
2231 2933 2421 2998 Egre-

1354 3007 1533 3058 dietur
1570 3006 1732 3072 virga
1776 3006 1841 3054 de
1868 3003 2053 3055 radice
2086 3005 2259 3065 Jesse‚
2300 3013 2420 3065 etc.;

1354 3089 1407 3129 et
1457 3077 1669 3128 videbat
1708 3092 1766 3126 se
1812 3077 1879 3126 de
1921 3075 2086 3142 stirpe
2131 3075 2302 3126 David
2340 3091 2425 3125 or-

1354 3160 1462 3200 tam
1506 3158 1559 3198 et
1604 3136 1797 3199 natam.
1837 3148 2098 3214 Legerat:
2128 3148 2423 3215 Nazareus

1356 3219 1632 3271 vocabitur
1678 3234 1812 3284 puer
1858 3217 1986 3281 iste;
2030 3227 2080 3267 et
2119 3217 2329 3268 videbat
2367 3230 2426 3266 se

1355 3290 1411 3340 in
1440 3289 1699 3340 Nazareth
1726 3291 1810 3344 de.
1831 3288 2033 3355 Spiritu
2064 3288 2256 3339 Sancto
2289 3303 2422 3337 con-

1356 3361 1580 3428 cepisse.
1628 3362 1848 3428 Legerat
1896 3377 1909 3411 :
1950 3361 2028 3411 Et
2085 3366 2158 3421 tu,
2208 3358 2425 3409 Bethle-

1355 3433 1472 3484 hem
1506 3439 1655 3483 terra
1696 3432 1863 3494 Juda,
1895 3441 2015 3494 etc.;
2043 3441 2093 3481 et
2127 3430 2341 3480 videbat
2367 3443 2426 3477 se

1355 3505 1410 3554 in
1454 3503 1769 3555 Bethlehem
1809 3502 2093 3569 peperisse.
2140 3502 2427 3567 Comparat

1356 3590 1482 3641 ergo
1527 3574 1688 3624 verba
1742 3572 2146 3640 prophetarum,
2198 3580 2251 3620 et
2303 3584 2425 3636 quae

1356 3648 1571 3712 legerat,
1599 3644 1751 3695 factis
1784 3654 1836 3695 et
1877 3659 2000 3711 quae
2043 3643 2099 3692 in
2128 3642 2213 3691 his
2240 3640 2427 3692 audie-

1356 3718 1447 3767 bat
1480 3727 1531 3767 et
1556 3716 1796 3779 videbat3
1831 3726 1882 3766 et
1922 3715 1978 3765 in
2023 3711 2276 3763 omnibus
2319 3725 2428 3760 una

1359 3792 1525 3841 Mater
1551 3789 1821 3856 sapientiae
1858 3787 2026 3838 cernit
2057 3783 2421 3844 concordiam,

1360 3873 1412 3914 et
1451 3863 1612 3914 habet
1651 3871 1792 3913 certa
1837 3860 1961 3912 fidei
2000 3867 2328 3925 argumenta.
2376 3858 2425 3909 Ο

1358 3943 1619 4001 quantum
1646 3933 1877 3998 gaudere
1924 3938 2165 3995 poterat,
2196 3943 2321 3979 cum
2370 3942 2426 3978 se
