2784 4452
308 354 410 407 312

305 472 654 538 Ecclesiastici
682 489 696 523 ε
723 472 989 524 Miserere
1022 471 1215 532 animae
1258 477 1370 524 tuoe

292 545 518 612 placens
545 545 657 595 Deo
664 561 684 606 ;
712 544 905 598 deinde
942 558 1103 608 super
1121 543 1362 608 proximi

303 617 466 678 malo,
486 617 599 682 ejus
618 616 911 667 defectibus
931 616 1363 670 condescenden-

302 689 394 751 do,
441 690 592 754 cujus
631 689 757 740 finis
794 698 874 739 est
915 704 1011 753 pro
1046 688 1153 739 alio
1179 727 1182 732 .
1205 687 1362 746 mori,

299 761 547 825 exemplo
578 760 802 818 Christi,
835 759 931 826 qui
961 775 1059 824 pro
1105 758 1268 810 nobis
1300 774 1370 810 ex

302 829 678 900 misericordia·
693 830 840 880 dedit
866 845 922 879 se
943 829 1124 879 morti.
1141 829 1234 880 Est
1258 828 1366 894 igi-

301 912 393 952 tur
473 902 836 953 misericordia
910 902 1083 968 prima
1127 901 1368 968 ¹propria

301 973 369 1024 ad
446 973 684 1039 seipsum
713 1012 726 1034 ,
814 989 908 1039 per
968 973 1361 1038 poenitentiam3

301 1048 533 1098 secunda
566 1045 794 1099 fraterna
832 1047 896 1100 ad
924 1048 1250 1113 proximum,
1273 1062 1366 1111 per

301 1116 737 1180 beneficentiam3
785 1129 866 1169 est
910 1129 962 1168 et
1015 1117 1171 1174 tertia
1222 1116 1364 1168 filia-

299 1185 373 1238 lis
424 1186 490 1238 ad
537 1187 733 1248 Deum,
779 1204 871 1255 per
915 1187 1362 1254 compassionem;

300 1256 414 1318 sed,
442 1257 575 1309 heu!
629 1259 757 1326 quia
789 1259 927 1310 nihil
959 1258 1364 1324 compatiuntur

299 1342 461 1395 super
516 1330 827 1384 contritione
906 1329 1123 1398 loseph.
1181 1330 1364 1381 Prima

295 1403 645 1470 consequitur
701 1405 1121 1458 misericordiam
1168 1404 1226 1455 in
1273 1420 1362 1455 re·-

297 1472 560 1526 missione
627 1477 804 1526 omnis
863 1477 1062 1541 culpae3
1129 1477 1362 1526 secunda

298 1544 645 1611 consequitur
674 1546 1092 1597 misericordiam
1123 1546 1180 1595 in
1203 1546 1363 1596 dimi-

298 1616 522 1667 nutione
593 1633 791 1683 poenae,
851 1628 903 1668 et
952 1617 1360 1669 intercessorum

298 1688 777 1754 multiplicatione:
804 1690 901 1757 qui
924 1690 1070 1744 enim
1107 1689 1361 1741 diminuit

295 1760 516 1811 alterius
544 1777 772 1827 poenam,
805 1771 1039 1816 meretur
1068 1778 1177 1813 suae
1208 1762 1364 1814 dimi·

296 1831 612 1896 nutionem;
667 1833 818 1885 tertia
862 1834 1212 1900 consequitur
1253 1834 1361 1885 mi-

296 1903 637 1956 sericordiam
708 1906 765 1960 in
819 1908 1100 1973 adeptione
1148 1907 1357 1974 gloriae,

297 1974 443 2040 quia,
468 1977 762 2032 secundum
781 1977 1100 2045 Apostolum
1127 1996 1142 2029 z
1164 1979 1214 2028 si
1225 1992 1358 2029 com·

289 2045 551 2112 patimur,
567 2054 622 2098 ut
648 2054 699 2099 et
718 2049 1202 2116 conglorificemur.
1236 2050 1357 2108 Sed,

296 2126 358 2166 ut
383 2116 512 2167 dicit
537 2119 871 2182 Ambrosius,
891 2119 986 2186 qui
1016 2120 1357 2186 compatitur,

298 2201 410 2238 non
459 2187 820 2256 perfunctorie
864 2189 1221 2256 compatitur;
1268 2191 1357 2241 sed

295 2268 359 2312 ut
382 2259 757 2313 tribulationes
795 2263 998 2314 Christi
1045 2263 1101 2313 in
1141 2278 1362 2329 corpore

296 2346 397 2383 suo
424 2332 664 2400 impleat,
692 2334 830 2385 sicut
847 2335 1115 2401 ,implebat
1143 2345 1193 2385 et
1215 2335 1361 2385 Pau-

294 2406 398 2459 lus.
420 2407 588 2473 Igitur
620 2407 860 2460 studiose
887 2408 1028 2459 circa
1053 2408 1359 2461 misericor-

298 2478 444 2529 diam
490 2479 738 2531 insistere
790 2481 1088 2540 debemus,
1130 2481 1259 2547 quia
1305 2481 1364 2533 in

297 2552 554 2603 omnibus
605 2552 968 2605 misericordia
1006 2554 1103 2604 Dei
1148 2553 1362 2618 indige-

299 2637 441 2672 mus.
470 2623 593 2673 Haec
623 2622 794 2675 virtus
830 2633 971 2674 tanta
1000 2634 1097 2682 est,
1127 2625 1271 2690 quod
1306 2639 1366 2674 ea
1394 2670 1401 2671 ff

298 2707 408 2758 prae
434 2693 623 2745 ceteris
638 2694 771 2753 De0,
805 2695 960 2760 quasi
996 2694 1100 2745 sibi
1130 2696 1363 2760 propria,

297 2762 634 2814 attribuatur.
691 2765 840 2816 Unde
880 2765 1078 2816 dicitur
1125 2781 1142 2815 ε
1184 2765 1362 2829 Dea-r,

296 2833 394 2884 cui
396 2835 679 2901 proprium
705 2841 787 2886 est
809 2832 1055 2887 misereri
1077 2849 1285 2901 semper
1316 2844 1368 2887 et

292 2918 538 2969 parcere.
553 2904 701 2955 Hanc
721 2905 878 2956 etiam
906 2915 1149 2973 negatam
1174 2921 1368 2971 expro-

303 2976 763 3042 brabitreprobis,
807 2988 860 3029 et
902 2978 1196 3044 impensam
1227 2994 1372 3029 com·

301 3048 576 3101 mendabit
602 3049 773 3115 justis.
805 3051 1036 3102 Maxime
1069 3050 1215 3101 enim
1245 3066 1367 3101 suc-

305 3130 518 3175 current
560 3135 719 3185 opera
768 3120 1148 3174 misericordiae
1189 3121 1244 3172 in
1281 3122 1368 3173 die

303 3191 487 3257 judicii
512 3192 599 3243 his
616 3191 711 3259 qui
739 3192 958 3243 fecerint
979 3209 1059 3257 ea,
1089 3194 1363 3260 quoniam,

302 3274 365 3316 ut
390 3265 465 3317 ait
489 3266 719 3317 ‚Iacobus
743 3281 758 3315 ι
787 3265 1058 3317 Judicium
1099 3266 1213 3317 sine
1259 3268 1365 3318 mi-

301 3337 598 3389 sericordia
634 3338 741 3404 fiet
779 3337 877 3399 illi,
916 3338 1006 3403 qui
1033 3353 1134 3389 non
1165 3338 1367 3404 secer-it

300 3409 742 3462 misericordiam.
816 3409 971 3460 Unde
1024 3411 1365 3476 Augustinus

302 3496 331 3525 ι
364 3478 544 3530 beatos
572 3494 688 3530 esse
726 3479 856 3530 dicit
899 3478 994 3545 qui
1040 3480 1365 3531 subveniunt

299 3548 533 3613 miseris,
579 3551 837 3616 quoniam
883 3549 963 3599 eis
1005 3548 1077 3599 ita
1102 3552 1376 3616 repende--

301 3628 409 3681 tur,
437 3630 498 3671 ut
519 3621 585 3670 de
613 3619 827 3671 miseria
851 3619 1172 3682 liberentur3
1215 3619 1296 3671 fac
1315 3632 1366 3671 et

259 3706 268 3714 ¹
302 3689 424 3756 fiet3
470 3689 550 3741 fac
578 3706 700 3742 cum
735 3691 920 3755 altero,
964 3699 1025 3740 ut
1051 3688 1142 3740 fiat
1158 3699 1362 3756 tecum;

302 3761 449 3827 quod
483 3759 655 3827 egeris
694 3776 814 3811 cum
864 3760 1089 3828 petitore
1115 3769 1227 3825 tuo,
1261 3761 1363 3811 hoc

302 3841 422 3896 agat
447 3833 592 3882 Deus
618 3847 740 3882 cum
760 3846 876 3883 suo,
905 3851 933 3879 n
959 3832 1110 3883 Unde
1139 3841 1192 3881 et
1208 3830 1367 3881 Hila-

304 3900 422 3953 rius
445 3920 463 3954 .·
486 3921 514 3949 α
543 3904 602 3953 111
629 3896 838 3953 tantu‘m
864 3904 1012 3954 enim
1025 3903 1168 3954 Deus
1198 3903 1365 3953 bene-

304 3973 552 4024 volentiae
581 3981 779 4024 nostroe
813 3973 873 4024 in
914 3988 1105 4025 omnes
1133 3972 1364 4025 delecta-

856 355 1093 406 1>leAE
1131 354 1375 406 PARTIS
1409 355 1642 414 CAPUT
1671 355 1904 407 XXXIII.
1950 371 1989 404 πει

1478 483 1567 524 tur
1598 472 1805 534 affectu,
1843 482 1904 523 ut
1932 470 2349 523 misericordiam
2378 488 2548 526 suam

1469 542 1539 592 sit
1593 542 1733 593 solis
1784 542 2215 598 misericordibus
2271 544 2549 608 praestitu·

1471 631 1579 667 rus.
1604 636 1631 664 n
1663 616 1814 667 Unde
1830 626 1885 668 et
1901 616 2319 683 chrysostomus
2341 634 2358 666 .-
2380 635 2409 663 «
2434 617 2546 669 Do·

1469 687 1650 738 minus
1690 688 2181 739 misericordiarum
2225 689 2546 741 misericor-

1469 758 1564 808 des
1609 757 1739 810 dicit
1787 774 1903 810 esse
1966 759 2177 822 beatos,
2245 761 2544 813 ostendens

1469 843 1913 897 unumquemque
1943 840 2190 880 nostrum
2224 830 2546 882 misericor-

1468 898 1614 950 diam
1654 901 1947 966 promereri
1999 916 2110 950 non
2149 916 2327 967 posse,
2349 901 2455 952 nisi
2483 912 2545 954 et

1469 972 1583 1037 ipse
1604 973 1905 1026 misericors
1931 972 2111 1025 fuerit.
2142 993 2165 1020 ιι
2203 974 2269 1024 Et
2297 975 2491 1025 iterum
2522 992 2542 1027 z

1471 1064 1494 1090 α
1525 1044 1750 1095 Videtur
1769 1054 1949 1096 autem
1975 1061 2093 1095 esse
2122 1045 2343 1111 aequalis
2372 1046 2543 1097 retri-

1469 1114 1640 1176 butio,
1670 1116 1762 1166 sed
1785 1124 1839 1166 et
1883 1116 2052 1166 multo
2081 1116 2250 1179 major
2276 1132 2289 1167 ε
2320 1131 2427 1166 non
2451 1126 2541 1168 est

1467 1187 1610 1238 enim
1635 1188 1859 1255 aequalis
1890 1189 2126 1240 humana
2152 1188 2539 1250 misericordia,

1467 1268 1519 1310 et
1547 1259 1743 1310 divina.
1773 1259 2005 1311 Saeviant
2021 1272 2149 1326 ergo
2177 1258 2538 1325 tyrannicum

1468 1329 1582 1380 suis
1620 1329 2044 1392 crudelitatibus,
2088 1330 2203 1384 sine
2240 1329 2543 1383 misericor-

1467 1400 1554 1450 dia
1577 1400 1827 1467 perituri;
1866 1400 2005 1451 beati
2031 1410 2207 1451 autem
2237 1400 2540 1451 misericor-

1467 1471 1592 1534 des,
1652 1472 1902 1538 quoniam
1959 1471 2066 1538 ipsi
2104 1471 2537 1522 misericordiam

1468 1550 1846 1611 consequentur
1885 1561 1904 1596 .·
1948 1544 2007 1595 in
2071 1543 2271 1603 futuro,
2311 1543 2407 1594 ubi
2465 1543 2537 1594 ab

1468 1617 1616 1667 omni
1650 1617 1867 1668 miseria
1903 1617 2072 1683 culpae
2111 1628 2163 1667 et
2197 1631 2369 1681 poenae
2410 1617 2538 1667 sub·

1466 1691 1812 1754 levabuntur;
1851 1700 1903 1741 et
1946 1690 2002 1740 in
2059 1691 2164 1741 hoc
2199 1690 2403 1749 secale,
2435 1689 2534 1739 ubi

1465 1763 1543 1814 eis
1577 1764 1731 1829 culpa
1772 1762 2061 1814 remittitur
2092 1772 2144 1812 et
2169 1760 2336 1827 gratia
2369 1760 2537 1827 largi·-

1465 1845 1569 1895 tur,
1594 1835 1946 1887 conferuntur
1976 1836 2307 1900 temporalia,
2322 1843 2377 1883 et
2395 1834 2537 1884 sub-

1465 1907 1703 1957 levantur
1737 1922 1769 1957 a
1809 1905 2094 1972 multiplici
2120 1904 2355 1965 miseria,
2373 1914 2538 1970 prout

1465 1987 1636 2029 status
1669 1976 1782 2043 ipse
1818 1976 2032 2042 patitur,
2065 1987 2116 2027 et
2173 1976 2330 2027 saluti
2367 1975 2536 2041 spiri-

1466 2048 1596 2100 tuali
1630 2048 1877 2114 expedire
1907 2047 2136 2098 videtur.
2167 2066 2190 2092 ι

1529 2137 1562 2189 9
1593 2122 1768 2172 Sarra
1818 2136 2116 2172 nanneno
2154 2134 2382 2170 :connis
2428 2134 2534 2169 ru-

1467 2191 1660 2245 ntus.'
1684 2219 1745 2231 —
1788 2191 1992 2243 Deinde
2047 2190 2288 2257 sequitur
2345 2200 2530 2241 sexta:

1467 2265 1626 2317 Beati
1664 2265 1859 2317 mundo
1903 2263 2094 2326 corde,
2131 2262 2380 2328 quoniam
2427 2260 2534 2328 ipsi

1467 2337 1659 2387 Deum·
1711 2334 1977 2387 videbunt.
2050 2334 2208 2383 Sexta
2256 2331 2534 2382 beatitudo

1468 2407 1669 2473 optime
1695 2415 1842 2457 sexto
1878 2406 1995 2455 loco
2021 2404 2257 2470 ponitur,
2290 2404 2417 2468 quia
2438 2417 2536 2468 per

1470 2477 1640 2543 ipsam
1665 2477 1832 2527 homo
1854 2476 1921 2526 ad
1950 2475 2047 2525 Dei
2074 2473 2384 2538 imaginem,
2410 2487 2535 2538 quae

1471 2547 1642 2613 ipsius
1673 2546 1769 2597 Dei
1799 2561 1892 2611 per
1918 2544 2284 2612 cognitionem
2308 2553 2360 2594 et
2377 2559 2535 2597 amo-

1471 2637 1585 2673 rem
1641 2634 1801 2686 capax
1858 2628 1939 2668 est
1958 2656 1973 2678 ,
2020 2627 2321 2683 reparatur;
2367 2632 2533 2683 quam

1472 2704 1616 2747 sexta
1643 2695 1728 2743 die
1760 2693 2005 2743 conditus
2026 2691 2276 2757 perdidit,
2307 2701 2359 2741 et
2387 2700 2536 2741 sexta

1470 2779 1623 2821 aetate
1650 2767 1996 2833 recuperavit.
2032 2766 2097 2816 Et
2120 2775 2256 2815 recte
2280 2774 2400 2830 post
2424 2764 2536 2814 mi-

1472 2840 1813 2891 sericordiam
1852 2837 2067 2903 ponitur
2107 2835 2284 2885 cordis
2312 2835 2533 2886 mundi-

1472 2911 1562 2972 tia,
1635 2910 1780 2977 quia,
1835 2909 2128 2959 secundum
2173 2906 2531 2970 Ambrosium,

1472 2982 1570 3048 qui
1614 2978 2033 3031 misericordiam
2066 2975 2263 3035 defert,
2317 2976 2534 3026 miseri-

1471 3055 1709 3104 cordiam
1733 3050 1948 3110 amittit,
1989 3047 2095 3100 nisi
2120 3048 2345 3117 ‘mundo
2373 3048 2535 3098 corde

1474 3124 1812 3186 misereatur;
1844 3136 1966 3171 nam
1988 3119 2034 3169 si
2054 3118 2349 3183 jactantiam
2374 3132 2533 3182 quae-

1471 3194 1558 3256 rit,
1603 3194 1783 3243 nullus
1825 3201 1876 3241 et
1924 3190 2148 3241 fructus,
2194 3187 2335 3238 Dicit
2363 3190 2489 3254 ergo
2516 3204 2533 3239 ε

1470 3264 1631 3315 Beati
1662 3262 1856 3313 mundo
1899 3260 2074 3321 corde,
2126 3274 2234 3308 non
2289 3257 2437 3318 dicit,
2467 3258 2569 3310 de*

1470 3334 1778 3401 superficie,
1835 3342 1895 3383 ut
1950 3331 2161 3381 fallaces
2204 3329 2532 3396 hypocritae,

1469 3407 1564 3472 qui
1598 3405 1863 3455 mundant
1917 3402 2061 3468 quod
2104 3401 2235 3451 foris
2284 3408 2390 3463 est3
2422 3416 2535 3451 non

1468 3486 1676 3528 tantum
1718 3489 1956 3540 corpore,
1992 3483 2051 3522 ut
2084 3471 2343 3522 mundani
2391 3470 2535 3521 divi-

1468 3558 1566 3607 tes,
1589 3545 1684 3612 qui
1718 3543 1956 3610 corporis
1981 3543 2200 3593 student
2228 3541 2534 3603 munditiae,

1468 3619 1560 3670 sed
1614 3617 1790 3681 corde,
1851 3631 1989 3683 quos
2033 3630 2143 3664 non
2194 3613 2370 3678 arguit
2407 3628 2537 3663 con·

1469 3689 1690 3740 scientia
1727 3697 2081 3753 peccatorum,
2120 3684 2213 3750 qui
2265 3683 2537 3734 declinant

1468 3775 1499 3811 a
1529 3762 1672 3810 malo
1717 3758 1988 3826 quolibet,
2041 3766 2094 3807 et
2122 3755 2321 3806 faciunt
2367 3770 2535 3807 omne

1470 3829 1671 3880 bonum
1709 3829 1854 3896 quod
1891 3838 2133 3895 possunt,
2163 3828 2307 3876 bono
2347 3824 2453 3876 fine
2480 3835 2535 3876 et

1468 3912 1607 3953 recta
1635 3901 1950 3953 intentione.
1987 3901 2051 3950 Et
2074 3914 2196 3950 vere
2237 3898 2313 3948 sic
2335 3898 2534 3968 mundo

1471 3973 1631 4024 corde
1689 3970 1829 4024 beati
1891 3979 2016 4022 sunt
2034 4008 2049 4031 ‚
2128 3968 2376 4034 quoniam
2424 3967 2535 4034 ipsi
