2784 4452
227 347 433 414 .406

324 464 702 516 misericordiae
756 463 870 529 ejus
918 461 1143 513 dimisit.
1193 458 1384 510 Divina

323 547 500 587 autem
590 534 922 601 providentia
1012 531 1178 583 Judaei
1263 539 1387 580 sunt

325 608 499 669 missi,
547 618 608 658 ut
656 607 1042 658 inexcusabiles
1089 604 1290 665 fierent,
1339 602 1385 653 si

324 680 442 731 viso
485 679 741 729 miraculo
785 687 838 728 et
877 676 1119 727 credente
1165 674 1384 734 Gentili,

325 765 430 801 non
447 750 731 800 crederent.
750 749 850 799 Iste
861 746 1083 814 quidem
1099 744 1385 805 Centurio,

323 820 523 872 auditis
566 820 769 870 Christi
817 815 1119 878 miraculis,
1161 814 1388 865 firmiter

323 891 549 942 credi-dit
575 892 722 957 quod
745 897 949 955 poterat
965 901 1155 937 sanare
1169 900 1386 939 servum

322 961 456 1027 ejus,
513 960 610 1027 qui
658 969 770 1010 erat
814 957 920 1008 sibi
972 972 1143 1017 carus»,
1182 965 1236 1007 et
1275 969 1388 1006 mo—

322 1032 544 1092 riturus,
588 1031 693 1081 nisi
733 1046 828 1096 per
864 1026 1145 1081 Christum
1196 1026 1389 1077 fuisset

321 1112 578 1164 sanatus3
627 1111 679 1151 et
723 1100 842 1151 ideo
867 1101 937 1149 de
968 1101 1083 1164 ejus
1109 1099 1389 1148 sanatione

320 1181 433 1221 erat
469 1171 748 1221 sollicitus.
791 1187 819 1216 n
850 1170 909 1218 ln
950 1168 1052 1218 hoc
1084 1181 1212 1233 ergo
1248 1165 1389 1216 famo

321 1243 669 1295 Centurionis
719 1251 920 1292 tantam
970 1255 1152 1291 curam
1198 1250 1250 1290 et
1288 1239 1388 1290 sol·

318 1315 656 1365 licitudinem
725 1330 822 1380 pro
885 1329 1038 1364 servo
1100 1311 1385 1370 habentiS,

315 1388 513 1438 discere
544 1388 802 1438 debemus
826 1385 1191 1437 commisereri
1220 1384 1387 1434 servis

318 1459 521 1509 nostris
579 1470 630 1510 et
691 1459 940 1519 subditis,
994 1474 1053 1509 ac
1114 1456 1385 1508 sollicitu-

315 1531 496 1581 dinem
526 1541 578 1581 et
602 1547 787 1581 curam
820 1532 1014 1580 habere
1039 1531 1105 1580 de
1132 1528 1229 1579 εἰς.
1262 1529 1384 1577 Non

315 1615 426 1655 erat
474 1605 587 1670 ipse
627 1604 765 1655 sicut
811 1603 971 1654 multi
1018 1612 1147 1654 sunt
1189 1600 1381 1661 hodie,

314 1675 409 1741 qui
460 1676 703 1725 videntes
751 1675 995 1725 subditos
1048 1688 1173 1723 suos
1229 1671 1384 1722 infir-

315 1745 472 1806 mari,
525 1761 614 1796 eos
669 1745 948 1810 negligunt
986 1761 1001 1795 ε
1052 1754 1104 1794 et
1149 1744 1270 1809 plus
1318 1743 1383 1791 de

314 1817 508 1883 seipsis
536 1818 698 1876 sanis,
730 1832 892 1883 quam
925 1816 993 1866 de
1020 1815 1255 1866 subditis
1291 1814 1383 1863 in-

314 1889 489 1939 firmis
534 1888 748 1940 solliciti
801 1896 963 1947 sunt,
1021 1887 1250 1953 plusque
1303 1885 1383 1936 si-

315 1960 508 2025 biipsis
529 1960 585 2009 in
615 1959 996 2024 voluptatibuS,
1018 1973 1182 2024 quam
1205 1957 1385 2006 subdi-

314 2030 387 2081 tis
409 2030 465 2081 in
483 2029 906 2087 necessitatibus,
932 2027 1378 2079 condescendunt.

318 2102 559 2168 Rogavit,
578 2101 817 2167 inquam,
835 2099 1080 2149 affectans
1100 2109 1160 2149 ut
1179 2098 1384 2149 veniret

314 2174 381 2222 ad
419 2173 643 2223 domum
672 2186 845 2230 suam,
879 2170 1059 2221 minus
1089 2171 1245 2236 plene
1275 2184 1383 2235 prae

314 2245 561 2310 augustia
611 2243 749 2293 servi
792 2252 843 2293 et
897 2243 1161 2292 desiderio
1208 2256 1379 2300 curae,

314 2315 555 2380 cogitans
594 2313 794 2364 Christi
836 2313 1164 2377 majestatem
1197 2322 1249 2362 et
1294 2326 1382 2360 re-

313 2384 627 2435 verentiam.
666 2384 820 2433 Jesus
852 2392 1030 2433 autem
1075 2381 1251 2431 sciens
1285 2381 1383 2446 de-

314 2454 585 2505 votionern
624 2455 757 2519 ejuS,
792 2452 1068 2518 respondit
1098 2467 1194 2517 per
1236 2451 1384 2517 ipsos

316 2527 676 2578 internuntios
726 2544 740 2577 ε
793 2527 925 2592 Ego
980 2525 1208 2588 reniam,
1262 2540 1384 2575 ecce

314 2599 630 2662 humilitas3
685 2606 739 2650 et
805 2599 1003 2650 cut-abo
1062 2613 1209 2661 eum,
1265 2612 1386 2648 ecce

315 2673 506 2740 pietas·
558 2673 719 2724 Venit
772 2684 951 2722 autern
1003 2672 1238 2738 potentia
1293 2687 1384 2721 sa-

317 2745 501 2804 nandi,
532 2762 643 2795 non
673 2744 954 2810 praesentia
971 2744 1234 2810 corporali
1261 2760 1276 2793 :
1308 2744 1386 2793 Et

317 2817 432 2868 ibat
471 2831 587 2867 cum
632 2816 762 2867 illis.
802 2815 1039 2866 Alterius
1084 2814 1232 2864 modi
1273 2825 1385 2864 erat

317 2886 420 2938 iste
463 2886 724 2946 medicuS,
772 2901 936 2952 quam
987 2894 1116 2935 sunt
1154 2883 1237 2935 illi
1289 2884 1384 2951 qui

316 2973 427 3007 non
470 2971 745 3023 paupereS,
788 2956 880 3006 sed
934 2955 1124 3006 divites
1168 2955 1387 3006 visitare

317 3037 445 3077 sunt
468 3026 652 3092 parati.
679 3027 757 3077 Et
784 3040 898 3076 cum
914 3026 1036 3094 jam
1061 3035 1199 3077 esset
1212 3041 1387 3094 prope

317 3101 545 3164 domum,
590 3097 843 3150 Centurio
879 3099 1092 3165 plenius
1129 3099 1383 3166 cogitans,

316 3180 369 3223 et
394 3188 489 3238 per
508 3182 683 3222 actum
709 3171 830 3221 fidei
863 3186 920 3221 se
951 3182 1284 3231 convertens,
1319 3172 1385 3222 ad

315 3242 521 3293 Christi
555 3241 908 3293 eminentiam
950 3251 1002 3292 et
1051 3243 1385 3307 majestatem

315 3315 537 3365 accessit
565 3326 688 3365 ante
729 3314 961 3364 reditum
1001 3314 1251 3375 aliorum,
1294 3331 1387 3381 per

317 3385 520 3435 amicos
545 3384 648 3435 sibi
685 3386 857 3451 magis
879 3385 1221 3445 domesticos„
1247 3402 1386 3451 quos

316 3454 466 3504 misit
504 3455 578 3503 ad
623 3469 757 3519 eum,
802 3470 993 3521 rogans
1037 3465 1095 3505 ut
1139 3471 1247 3506 non
1288 3471 1385 3506 ve-

317 3524 475 3588 niret,
503 3524 717 3576 dicens:
743 3526 986 3589 Domine,
1013 3525 1124 3576 noli
1153 3527 1350 3577 vexari
1368 3544 1386 3577 .-

317 3609 420 3645 non
453 3595 589 3645 enim
629 3610 744 3646 sum
776 3596 975 3662 dignus
1012 3601 1068 3645 ut
1095 3596 1262 3646 intres
1290 3598 1387 3647 sub

317 3674 511 3718 tectum
540 3683 725 3720 meum.
767 3670 889 3719 Non
932 3668 1063 3719 dicit
1107 3669 1383 3734 palatium,

319 3753 431 3788 non
471 3740 714 3804 domum,
757 3740 882 3790 licet
920 3740 1166 3806 princeps
1209 3751 1383 3803 esset;

319 3808 412 3858 sed
454 3815 674 3871 tectum,
715 3825 823 3875 prae
870 3809 1175 3859 humilitate
1216 3809 1300 3859 sui
1335 3821 1388 3860 et

316 3878 745 3929 consideratione
759 3878 1149 3945 magnitudinis
1165 3878 1384 3931 Christi.

323 3946 541 4012 Propter
570 3948 799 3999 Gentilis
825 3949 950 3999 vitae
981 3949 1384 4015 conscientiam,

977 339 1222 393 PRMAE
1257 338 1505 392 PARTIS
1530 339 1768 392 CAPUT
1798 340 1957 391 XLn.

1495 456 1718 507 timebat
1755 457 2021 507 offendere
2061 457 2360 516 Christum,
2400 473 2570 524 quem

1493 528 1740 579 credebat
1788 529 1979 591 Deum,
2032 528 2076 578 si
2120 528 2383 594 corporali
2425 544 2565 595 prae-

1496 599 1668 650 sentia
1696 599 1915 649 intraret
1940 602 2004 649 ad
2026 615 2168 651 eum.
2205 600 2328 655 Sed,
2359 615 2558 650 secun-

1495 671 1626 720 dum
1666 671 2049 735 Augustinum,
2100 671 2323 721 dicendo
2373 685 2432 720 se
2479 671 2570 722 in-

1494 741 1742 808 dignum,
1787 741 2035 807 praestitit
2074 756 2131 792 se
2169 742 2415 809 dignum,
2458 759 2566 793 non

1494 811 1637 862 intra
1677 812 1829 877 cujus
1867 812 2120 878 parietes,
2166 814 2258 863 sed
2300 813 2361 863 in
2407 813 2566 878 cujus

1496 899 1590 934 cor
1610 884 1859 934 Christus
1877 884 2115 935 intraret.
2138 884 2290 935 Unde
2309 893 2360 936 et
2388 885 2569 953 Chry·

1497 960 1762 1005 sostomws
1810 972 1829 1006 τ
1879 972 1912 1001 α
1963 955 2107 1015 Quia
2153 955 2445 1021 indignum
2505 970 2566 1005 se

1490 1025 1620 1076 fecit
1636 1026 1965 1092 suscipiendi
1988 1027 2272 1078 Christum
2293 1027 2354 1077 in
2378 1028 2570 1085 domo,

1496 1095 1694 1162 dignus
1734 1097 1908 1148 factus
1958 1106 2039 1157 est
2088 1112 2274 1163 regno.
2312 1117 2345 1144 u
2393 1097 2464 1147 Et
2500 1097 2568 1147 ad

1496 1169 1862 1233 majorem‘jsui
1887 1167 2318 1218 humiliationem
2349 1167 2565 1232 adiecit,

1495 1238 1681 1289 dicens
1712 1256 1726 1289 t
1768 1244 1995 1306 propter
2031 1239 2174 1305 quod
2214 1246 2268 1289 et
2304 1239 2579 1304 meipsum

1495 1313 1796 1362 arbitratus
1835 1327 1936 1362 non
1966 1327 2082 1362 sum
2111 1312 2335 1377 dignum
2370 1317 2427 1362 ut
2471 1326 2568 1362 ve-

1497 1383 1663 1432 nirem
1688 1383 1763 1433 ad
1783 1389 1847 1444 te,
1869 1392 1921 1433 et
1949 1382 2308 1433 internuntios
2334 1382 2569 1433 submisi

1497 1470 1594 1520 pro
1620 1470 1724 1505 me.
1758 1455 1870 1505 Sed
1893 1460 2114 1517 tantum,
2144 1455 2262 1504 sine
2285 1454 2572 1520 praesentia

1495 1528 1774 1593 corporali,
1795 1528 1882 1578 dic
1901 1528 2074 1589 verb0,
2094 1543 2187 1593 per
2205 1528 2352 1593 quod
2377 1527 2566 1578 omnia

1494 1611 1758 1663 creantur,
1809 1610 2066 1667 reguntur
2101 1609 2152 1651 et
2193 1609 2468 1660 sanantur,
2512 1606 2569 1650 et

1494 1670 1776 1721 sanabitur
1798 1688 1953 1737 puer,
1983 1681 2036 1721 et
2075 1685 2261 1721 servus
2290 1684 2455 1720 meus.
2501 1699 2571 1708 -

1493 1743 1617 1809 Ipse
1648 1743 1792 1792 enirn
1824 1744 1990 1806 dixit,
2023 1750 2076 1793 et
2091 1743 2252 1809 sacta
2283 1748 2423 1792 sunt.
2457 1742 2564 1793 Ubi

1493 1814 1571 1863 sic
1611 1814 1684 1864 ait
1726 1815 1879 1865 Beda
1923 1833 1939 1866 .·
1982 1833 2010 1861 t<
2057 1815 2248 1879 Magna
2289 1823 2372 1863 est
2414 1812 2579 1873 fidem

1492 1901 1613 1953 quae
1670 1886 1843 1938 dicere
1899 1887 2065 1937 credit
2123 1902 2237 1936 esse
2288 1886 2477 1937 facere.
2535 1906 2564 1934 n

1495 1958 1598 2008 Ubi
1640 1968 1690 2008 et
1725 1959 1924 2009 Petrus
1955 1959 2158 2008 Cantor
2200 1956 2526 2007 Parisiensis
2551 1974 2569 2009 :

1492 2048 1519 2076 α
1549 2031 1690 2080 Hinc
1727 2046 1889 2097 argue
1916 2031 2112 2081 melius
2139 2045 2254 2080 esse
2290 2030 2567 2081 abstinere

1488 2103 1557 2151 ab
1595 2101 1802 2163 ordine,
1846 2118 1875 2152 a
1911 2102 2252 2161 confectione,
2287 2103 2371 2152 vel
2403 2119 2565 2153 sum-

1492 2173 1674 2240 ptione
1707 2174 2075 2234 Eucharistiae,
2117 2173 2218 2224 nisi
2253 2174 2563 2241 plurimum·

1490 2246 1555 2294 ad
1579 2245 1681 2295 hoc
1712 2246 1794 2296 vel
1818 2245 1951 2295 illud
1979 2245 2316 2296 accedentem
2344 2246 2571 2295 confor-

1491 2325 1566 2366 tet
1615 2316 1754 2366 bona
1799 2315 2160 2378 conscientia3
2201 2331 2368 2382 quam
2403 2316 2563 2366 ordi-

1493 2387 1627 2446 nari,
1657 2387 1742 2436 vel
1768 2385 2044 2447 conficere,
2074 2387 2155 2437 vel
2185 2402 2397 2437 sumere
2436 2403 2567 2438 cum

1492 2458 1850 2523 conscientia,
1912 2477 2022 2511 non
2072 2461 2193 2510 dico
2248 2462 2401 2523 laesa,
2438 2461 2573 2527 quia

1492 2531 1596 2581 hoc
1619 2542 1756 2582 esset
1778 2532 2021 2592 mortale,
2047 2533 2139 2581 sed
2159 2532 2340 2591 dubia,
2366 2534 2433 2583 de
2449 2549 2567 2599 qua

1492 2601 1682 2652 dubito
1702 2617 1772 2651 an
1801 2617 1929 2652 sana
1949 2602 2037 2661 sit,
2056 2618 2183 2652 cum
2206 2601 2282 2651 sic
2306 2605 2568 2654 accedens

1494 2673 1674 2737 potius
1711 2688 1896 2738 graver
1924 2688 2087 2738 quam
2120 2674 2287 2736 juver.
2323 2674 2391 2722 Et
2430 2675 2569 2740 quia

1494 2745 1856 2810 irregularitas
1921 2745 2154 2795 excludit
2231 2746 2467 2811 aliquem
2538 2763 2575 2798 ar

1494 2815 1797 2866 ministerio
1852 2816 2015 2881 hujus
2055 2817 2389 2876 sacramenti,
2439 2818 2573 2868 ideo

1494 2903 1605 2937 non
1635 2888 1790 2937 debet
1817 2887 2063 2953 ignorare
2095 2904 2159 2938 ex
2188 2904 2299 2953 quo
2322 2887 2566 2938 incurri-

1491 2968 1581 3008 tur
1624 2958 2001 3024 ierularitas,
2048 2974 2114 3008 ex
2157 2974 2268 3025 quo
2309 2959 2469 3023 ponit
2507 2975 2575 3010 se

1492 3029 1557 3079 ad
1605 3030 1768 3079 talem
1806 3039 2008 3089 actum,
2065 3032 2158 3081 sed
2218 3028 2355 3079 scire
2401 3031 2566 3081 debet

1494 3114 1654 3149 suum
1685 3110 1903 3150 statum.
1941 3119 1965 3144 ι»

1557 3186 1587 3220 2
1640 3172 1916 3221 erurrzs
1961 3170 2339 3221 Curuatoms.
2382 3199 2449 3209 —
2502 3172 2567 3223 In

1493 3258 1653 3307 opere
1694 3242 1857 3306 hujus
1893 3241 2256 3302 CenturioniS,
2303 3252 2409 3293 tres
2454 3243 2570 3292 mi·-

1492 3312 1687 3363 rabilae
1724 3311 1878 3362 nobis
1911 3312 2270 3362 ostenduntur
2307 3312 2559 3372 virtutes,

1494 3381 1694 3434 scilicet
1730 3398 1745 3432 ε
1793 3380 2092 3444 humilitas,
2144 3381 2295 3443 fides,
2347 3394 2400 3433 et
2441 3399 2579 3449 pru·

1494 3452 1690 3503 dentia.
1723 3453 1977 3516 Magnam
2008 3452 2153 3502 enim
2191 3452 2566 3503 humilitatem

1496 3522 1702 3582 habuit,
1744 3523 1839 3589 qui
1873 3522 2004 3573 'cum
2038 3522 2306 3573 Dominus
2334 3524 2403 3573 ad
2434 3539 2568 3575 eum

1493 3594 1675 3646 venire
1712 3603 1924 3661 paratus
1969 3605 2124 3656 aeset,
2166 3596 2454 3662 indignum
2506 3612 2580 3648 se

1494 3676 1555 3716 ut
1588 3665 1690 3715 sub
1726 3675 1923 3715 tectum
1961 3681 2120 3715 suum
2151 3664 2388 3725 intraret,
2419 3666 2572 3730 judi-

1495 3736 1650 3787 cavit.
1727 3735 2017 3786 Perfectatn
2094 3752 2312 3802 quoque
2371 3737 2570 3788 habuit

1494 3806 1838 3872 fidem,quia,
1867 3822 1996 3867 cum
2022 3816 2160 3857 esset
2173 3806 2417 3867 Gentilis,
2445 3808 2575 3857 solo

1493 3879 1656 3930 verbo
1705 3879 1880 3929 Deum
1921 3879 2143 3929 credidit
2184 3894 2342 3945 posse
2393 3895 2577 3945 puero-

1495 3951 1713 4001 reddere
1784 3949 2085 4002 sanitatem.
2146 3951 2270 4001 Non
2342 3966 2568 4018 parvam
