2784 4452
455 247 552 299 158

450 362 702 422 nesciret,
743 359 873 426 quia
914 358 1062 425 quod
1106 357 1325 421 didicit,
1359 359 1515 423 prius

447 442 664 484 noverat
693 429 917 481 scientia
947 427 1130 478 divina
1163 438 1216 477 et
1236 428 1513 494 inspiraoe.

450 506 605 557 Unde
648 502 968 554 Bernartius
1006 519 1028 551 .-
1074 519 1102 547 «
1148 501 1222 551 Ut
1264 502 1338 551 ob
1382 502 1517 552 alie-

448 592 572 626 nam
628 573 905 624 miseriam
958 588 1052 623 cor
1101 572 1364 622 miserum
1411 574 1517 623 ha-

450 648 593 706 beas,
623 653 833 710 oportet
859 653 922 694 ut
947 652 1099 693 tuam
1134 643 1285 708 prius
1323 659 1519 710 cogno-

449 733 597 775 scas,
640 726 701 766 ut
746 713 979 780 proximi
1031 724 1272 764 mentem
1320 714 1375 765 in
1423 726 1518 767 tua

450 789 723 848 invenias,
763 797 815 837 et
851 801 917 836 ex
954 797 1008 836 te
1038 788 1252 837 noveris
1287 787 1521 853 qualiter

454 861 531 912 illi
573 859 939 911 subvenias.»
968 859 1143 909 Verus
1180 860 1383 925 quippe
1417 860 1517 909 Dei

451 932 651 994 Filius,
690 930 1011 995 priusquam
1075 946 1133 980 se
1190 930 1520 981 exinanisset

441 1003 685 1069 formam
728 1001 871 1051 servi
912 1001 1198 1066 accipiens,
1230 1002 1378 1052 sicut
1417 1002 1522 1052 mi·

454 1073 648 1124 setiam
705 1082 759 1123 et
812 1071 1205 1152 subjectionem
1268 1083 1522 1137 expertus

455 1159 569 1193 non
619 1153 749 1202 emt.
794 1141 874 1192 sic
922 1142 1385 1203 misericordiam,
1433 1143 1523 1193 vel

453 1213 815 1264 obedientiam
860 1214 1232 1278 experimento
1270 1230 1381 1264 non
1428 1230 1520 1264 no-

455 1296 616 1337 verat.
644 1284 859 1335 Sciebat
884 1283 1107 1350 quidem
1133 1301 1230 1352 per
1249 1295 1518 1349 naturam,

457 1373 564 1406 non
614 1366 796 1406 autem
852 1356 1059 1406 sciebat
1104 1372 1201 1422 per
1248 1356 1524 1423 experien-

455 1428 605 1478 tiam.
644 1428 712 1477 At
753 1425 849 1477 ubi
889 1426 1193 1478 minoratus
1228 1439 1313 1479 est
1348 1444 1526 1494 usque

455 1501 521 1550 ad
550 1500 698 1550 illam
731 1498 979 1559 formam,
1008 1499 1064 1549 in
1099 1514 1209 1565 qua
1238 1510 1296 1550 et
1333 1500 1442 1565 pati
1470 1509 1525 1549 et

457 1571 650 1636 subjici
682 1581 882 1636 posset,
906 1571 968 1620 in
998 1571 1247 1636 passione
1272 1582 1524 1637 expertus

456 1655 538 1694 est
563 1643 856 1702 miseriam,
881 1654 934 1693 et
965 1643 1023 1693 in
1052 1643 1381 1709 subjectione
1405 1645 1528 1694 obe-

456 1714 741 1779 dientiam;
799 1730 893 1780 per
932 1730 1096 1780 quam
1136 1725 1318 1765 tamen
1373 1730 1527 1781 expe-

459 1785 729 1846 rientiam,
767 1802 877 1835 non
904 1786 987 1836 illi
1022 1786 1261 1847 scientia,
1292 1787 1392 1836 sed
1434 1802 1527 1836 no-

459 1857 545 1907 bis
605 1855 798 1907 fiducia
861 1858 1063 1918 crevit,
1123 1857 1257 1907 dum
1312 1858 1368 1908 in
1421 1858 1527 1908 hoc

458 1929 657 1979 misero
691 1944 883 1994 genere
913 1929 1239 1995 cognitionis
1268 1930 1319 1981 is
1355 1946 1387 1981 a
1411 1946 1525 1996 quo

459 2000 617 2080 longe
661 2014 1028 2050 erraveramus
1070 1999 1244 2051 factus
1278 2010 1362 2052 est
1401 2017 1527 2067 pro-

460 2069 717 2136 pinquior
763 2070 940 2121 nobis.
987 2070 1214 2130 Quando
1254 2071 1401 2121 enim
1442 2070 1526 2121 illi

460 2142 893 2208 appropinquare
932 2143 1260 2192 auderemus
1316 2141 1374 2191 in
1427 2157 1527 2192 sua

462 2216 898 2283 impassibilitate
940 2215 1212 2268 manenti?
1250 2216 1408 2267 Nunc
1437 2232 1529 2267 au·

457 2298 568 2339 tem
597 2303 885 2340 monemur
918 2304 1045 2339 cum
1073 2287 1267 2338 fiducia
1290 2287 1437 2338 adire
1457 2287 1524 2336 ad

1144 241 1387 292 PRIMAE
1421 243 1671 294 PARTIS
1709 243 1945 297 CAPUT
1973 248 2088 300 XV.

1618 362 1880 413 thronum
1899 364 2085 430 gratia
2111 363 2304 429 ipsius,
2331 378 2500 429 quem
2530 364 2690 415 nimi·

1626 449 1752 483 rum
1796 434 2084 501 languores
2134 444 2349 485 nostros
2395 435 2588 485 tulisse
2635 445 2694 486 et

1620 505 1835 555 dolores
1858 516 2099 571 portasse
2125 506 2523 573 cognoscimus,
2552 515 2611 557 et
2630 506 2692 557 in

1622 590 1686 625 eo
1704 575 1764 625 in
1782 592 1893 641 quo
1909 592 2103 642 passus
2120 585 2201 627 ωε
2220 576 2352 642 ipse,
2369 577 2533 627 nobis
2552 592 2698 627 com·

1624 646 1733 711 pati
1783 662 1895 697 non
1935 647 2258 697 'dubitamus
2293 664 2311 697 ε
2343 666 2375 694 n
2403 647 2518 697 haec
2561 648 2698 698 Ber·-

1625 717 1848 768 nardus.
1868 718 2219 768 —Moralioer
2233 718 2377 768 sicut
2404 717 2520 783 ipse
2536 719 2696 769 jesus

1615 788 1937 855 proficiebat
1968 789 2254 853 sapientia,
2283 795 2463 850 aetate,
2490 795 2698 855 etgra-

1626 862 1720 923 tia‚
1751 861 1900 928 apud
1919 863 2092 912 Deum
2119 868 2173 912 et
2193 862 2451 924 Ιιοηιὶιιεε,
2481 873 2536 911 et
2559 877 2697 928 pas-

1625 949 1737 993 sus,
1765 943 1821 984 et
1849 933 2156 993 resurrexit,
2189 943 2247 983 et
2276 934 2352 983 ita
2383 934 2601 984 intravit
2632 932 2693 984 in

1626 1005 1854 1070 gloriam
1894 1020 2073 1067 suarm
2110 1004 2189 1054 sic
2228 1003 2392 1054 etiam
2429 1019 2565 1054 suos
2604 1019 2696 1055 se·-

1626 1090 1820 1140 quaces
1843 1075 2077 1126 ostendit
2100 1074 2355 1141 proficere
2378 1075 2700 1135 vit-ultibus,

1627 1157 1683 1196 et
1710 1163 1805 1213 per
1832 1147 2111 1213 passiones
2127 1147 2200 1198 ad
2221 1146 2423 1212 gaudia
2444 1146 2700 1197 transmi-

1628 1233 1778 1283 grare
1805 1217 2019 1269 debere.

1695 1304 1761 1355 19
1789 1289 2068 1340 cunnus
2107 1289 2401 1339 Numa-n
2439 1303 2704 1339 nrm—-

1629 1374 1778 1409 saun.
1805 1387 1870 1397 —
1897 1360 2025 1409 Haec
2053 1368 2233 1409 autem
2269 1369 2450 1409 sancta
2484 1368 2540 1409 et
2573 1358 2704 1409 Deo

1629 1429 1878 1479 mabilis
1929 1429 2117 1480 civitas
2154 1429 2436 1490 Nazareth,
2479 1429 2538 1478 in
2585 1443 2704 1495 qua

1643 1501 1870 1554 Verbum
1909 1515 2042 1552 caro
2076 1501 2294 1567 factum
2335 1506 2442 1561 est,
2491 1509 2549 1550 et
2593 1499 2702 1551 flos

1631 1571 1815 1622 omnia
1866 1572 2089 1623 vincens
2134 1580 2371 1622 aromata
2427 1571 2482 1620 in
2542 1580 2705 1622 utero

1630 1642 1876 1708 Virginis
1907 1641 2244 1708 germinavit,
2272 1641 2419 1691 unde
2462 1650 2515 1691 et
2542 1640 2707 1691 meri-

1632 1725 1689 1765 to
1726 1715 1832 1780 flos
1859 1715 2264 1780 interpretatur3
2304 1713 2365 1763 in
2401 1714 2505 1763 hoc
2531 1727 2708 1778 super

1632 1801 1826 1836 omnes
1855 1785 1990 1836 alias
2023 1784 2239 1852 speciali
2265 1785 2460 1851 gaudet
2487 1784 2707 1849 privile-

1633 1859 1743 1924 gi0‚
1781 1859 1927 1925 quod
1953 1857 2150 1909 salutis
2189 1867 2386 1907 nostroe
2426 1857 2706 1909 Dominus

1634 1931 1693 1980 in
1727 1945 1790 1980 ea
1816 1929 2150 1995 principium
2173 1927 2486 1994 procreavit,
2505 1927 2706 1993 etipse

1632 2010 1881 2067 praeterea
1907 2000 2124 2060 nutriri,
2153 2010 2207 2051 et
2242 1998 2553 2065 parentibus
2574 1999 2705 2050 sub-

1632 2071 1721 2138 jici
1761 2072 2013 2138 dignatus
2050 2081 2158 2132 est,
2201 2070 2290 2121 cui
2322 2070 2480 2120 Pater
2510 2070 2703 2122 omnia

1633 2158 1754 2208 quae
1780 2152 1912 2193 sunt
1942 2142 2004 2194 in
2033 2143 2170 2193 coelo
2201 2150 2258 2191 et
2291 2140 2351 2191 in
2379 2150 2525 2190 terra
2556 2140 2700 2191 sub-

1633 2217 1773 2282 jecit.

1437 2512 1717 2563 ORATIO

524 2689 753 2740 Domine
793 2690 918 2740 Jesu
968 2691 1215 2753 Christe,
1263 2691 1369 2742 Fili
1392 2692 1500 2743 Dei
1523 2691 1664 2753 vivi,
1698 2691 1794 2758 qui
1822 2707 1917 2776 per
1934 2692 2175 2743 triduum
2202 2708 2235 2744 a
2257 2692 2565 2776 parentibus
2589 2693 2708 2745 tuis

459 2763 769 2812 dolentibus
814 2762 1108 2827 quaesitus,
1151 2765 1367 2815 tandem
1413 2764 1471 2815 in
1511 2765 1715 2831 templo
1742 2781 1801 2816 es
1831 2764 2110 2828 inventum
2156 2766 2225 2816 da
2252 2766 2391 2816 mihi
2414 2766 2616 2816 misero
2645 2776 2708 2818 te

462 2834 789 2894 desiderare,
833 2834 1182 2885 desiderando
1220 2851 1482 2913 quaerere‚
1520 2838 1815 2902 quaerendo
1851 2837 2112 2902 invenire,
2139 2837 2469 2888 inveniendo
2496 2852 2701 2899 amare,

463 2907 688 2955 amando
724 2905 865 2956 mala
901 2921 1021 2955 mea
1049 2906 1330 2966 redimere,
1366 2899 1637 2973 redempta
1663 2924 1772 2959 non
1808 2908 2014 2959 iterare.
2040 2909 2107 2959 Et
2122 2909 2218 2975 qui
2238 2908 2438 2974 petenti
2462 2907 2702 2975 largiris,

463 2976 723 3042 quaerenti
770 2975 1061 3037 inveniris,
1104 2976 1338 3042 pulsanti
1373 2977 1629 3042 aperiris,
1675 2995 1786 3029 non
1833 2979 2063 3046 deneges
2099 2979 2239 3029 mihi
2273 2979 2523 3039 minim0‚
2549 2979 2704 3045 quod

463 3046 721 3097 omnibus
771 3046 1061 3113 promittis.
1105 3047 1322 3114 Quique
1370 3047 1438 3096 ad
1473 3050 1805 3100 voluntatem
1845 3061 2130 3115 parentum
2164 3050 2421 3101 Nazareth
2449 3049 2701 3110 rediem,

465 3127 516 3167 et
544 3117 794 3167 subditus
834 3118 913 3169 eis
940 3118 1177 3171 existens
1220 3119 1452 3169 formam
1488 3121 1769 3171 ostendisti
1802 3122 2143 3184 obedientiae,
2173 3123 2241 3172 da
2261 3121 2401 3172 mihi
2430 3122 2566 3172 duro
2591 3136 2702 3171 vo-

463 3191 721 3240 luntatem
774 3191 1041 3257 propriam
1094 3191 1367 3260 frangere,
1416 3204 1478 3245 ut
1517 3195 1787 3260 subjectus
1830 3195 1937 3246 sim
1981 3195 2113 3262 tibi,
2143 3205 2194 3247 et
2219 3204 2435 3262 propter
2460 3205 2514 3245 te
2543 3193 2704 3245 omni

464 3263 717 3313 humanae
749 3271 1016 3315 creaturae.
1047 3264 1238 3315 Amen.

1474 3516 1706 3606 Q
