2784 4452
471 366 567 418 DE
592 364 876 418 DUOBUS
904 365 1358 420 DAEMONIACIS
1388 371 1439 421 A
1464 371 1775 426 LEGIONE
1808 375 2142 431 OBSESSIS.

193 483 375 536 titiam
404 521 419 548 ,
493 492 805 549 spumantes
880 497 976 548 per
1048 482 1263 534 iracun-

195 562 365 613 diam.
390 581 417 610 »

257 650 295 699 4
344 635 564 685 Com-Ra
616 648 1003 684 narrum-onas.
1051 661 1113 671 —
1165 634 1266 685 Per

197 721 389 772 porcos
409 705 569 756 etiam
599 704 971 771 significantur
998 706 1266 756 detracto-

198 793 284 828 res
306 816 319 836 ,
365 786 417 827 et
459 775 819 838 referendarii,
852 779 944 843 qui
972 788 1266 843 pascuntur

198 848 267 897 de
292 847 509 898 faecibus
549 856 599 897 et
638 847 1001 898 immunditiis
1034 849 1264 899 aliorum

198 930 459 986 tanquam
493 921 639 987 porci
663 959 677 985 ,
718 921 1004 972 referentes
1027 937 1148 988 quae
1182 922 1268 973 vi-

201 995 331 1044 dent
364 995 448 1044 vel
472 995 715 1056 audiunt,
741 996 940 1045 rodunt
972 996 1138 1046 vitam
1171 1011 1268 1046 eo-

200 1083 348 1130 rum;
378 1083 516 1133 quos
557 1068 719 1118 etiam
763 1069 1035 1123 daemones
1065 1069 1269 1120 intrant

200 1146 254 1187 et
279 1138 598 1203 demergunt
634 1137 690 1187 in
733 1138 1024 1189 infernum.
1054 1140 1270 1189 Erube-

200 1223 308 1269 sce,
334 1208 518 1267 miser,
550 1209 616 1258 de
645 1209 747 1259 hoc
770 1210 1066 1260 detestabili
1093 1209 1269 1260 officio

202 1280 347 1346 pacis
376 1281 715 1331 turbamento
738 1320 751 1342 ,
795 1291 846 1332 et
873 1283 1151 1332 discordiae
1180 1297 1270 1332 se-

201 1350 465 1410 minari0‚
506 1360 558 1400 et
581 1350 804 1416 insuper
828 1351 959 1403 time
981 1353 1048 1402 de
1076 1353 1270 1403 animae

198 1420 439 1486 periculo
464 1434 479 1481 ;
525 1420 652 1485 quia
680 1421 923 1472 diabolus
955 1422 1012 1473 in
1040 1433 1091 1473 te
1113 1432 1271 1489 pote-

199 1500 393 1542 statem
437 1490 665 1557 accepit,
718 1494 935 1559 quando
966 1504 1018 1544 te
1062 1495 1129 1545 ad
1167 1495 1271 1544 hoc

199 1561 443 1612 officium
491 1563 769 1628 perduxit,
816 1575 869 1615 et
915 1567 1009 1632 qui
1048 1583 1190 1617 nunc
1221 1576 1273 1617 te

203 1635 484 1685 suffocavit
537 1636 593 1685 in
636 1635 739 1686 hoc
787 1637 948 1698 vitio,
1001 1648 1184 1704 postea
1222 1648 1275 1688 te

200 1705 486 1757 suffocabit
524 1706 583 1755 in
616 1705 846 1758 inferno.
873 1710 1086 1760 Timeat
1112 1710 1272 1760 etiarn

208 1789 261 1829 et
288 1789 466 1830 caveat
490 1779 704 1830 auditor
737 1796 805 1831 ne
831 1782 1031 1832 talibus
1054 1798 1275 1832 consen-

207 1849 391 1900 tiendo
434 1860 486 1901 et
522 1866 675 1901 aures
704 1853 987 1916 praebendo
1016 1854 1094 1904 eis
1118 1854 1275 1905 simi-

203 1919 273 1970 lis
312 1918 433 1983 fiat3
483 1921 611 1986 quia
654 1922 792 1973 sicut
829 1939 991 1989 super
1034 1925 1275 1991 linguam

204 1990 537 2050 detractoriS,
562 1992 640 2041 sic
660 2008 821 2058 super
842 2009 997 2045 aures
1015 1996 1277 2046 auditoris

206 2060 455 2111 diabolus
480 2061 644 2124 sedet,
671 2072 723 2112 et
756 2062 800 2113 si
828 2079 938 2113 non
962 2076 1100 2115 esset
1117 2066 1279 2115 audi-

204 2141 307 2195 tor,
328 2147 435 2180 non
457 2142 596 2182 esset
610 2134 889 2184 detractor.
908 2135 1059 2186 Unde
1079 2136 1277 2186 Glossa

205 2220 367 2271 super
384 2205 518 2255 illud
535 2222 549 2255 ε
569 2224 596 2254 «
624 2207 819 2258 Ventus
837 2208 1028 2274 Aquilo
1049 2209 1280 2276 dissipat

202 2277 421 2342 pluvias
443 2315 461 2340 ,
513 2284 564 2328 et
601 2278 786 2343 facies
822 2281 995 2331 tristis
1035 2281 1279 2347 linguam

207 2352 595 2414 ἀετναὴεηίειη,
656 2353 732 2403 sic
788 2354 918 2404 dicit
959 2371 973 2404 t
1013 2353 1069 2405 Si
1119 2355 1277 2405 hilari

204 2423 361 2472 vultu
393 2423 742 2473 detractorem
786 2425 1049 2485 audieriS‚
1098 2435 1157 2476 tu
1200 2425 1278 2475 illi

206 2494 303 2542 das
347 2492 596 2543 fomitem
661 2494 1010 2559 detrahendi;
1060 2496 1105 2545 si
1153 2511 1279 2546 vero

207 2563 381 2624 tristi,
432 2563 592 2615 discit
651 2581 760 2615 non
823 2565 1052 2616 libenter
1106 2566 1280 2617 dicere

208 2636 356 2701 quod
388 2634 632 2686 didicerit
670 2652 781 2686 non
820 2637 1047 2687 libenter
1084 2638 1277 2688 audiri.

205 2706 392 2770 Aufer,
422 2708 681 2770 Domine,
705 2709 1063 2774 opprobrium
1086 2710 1276 2760 talium

207 2778 498 2827 hominum
540 2779 911 2844 pestiferorum
954 2795 985 2830 a
1023 2781 1280 2847 religione

208 2864 487 2900 servorum
514 2859 752 2900 tuorum.
785 2870 813 2898 n

276 2920 304 2971 5
354 2920 493 2979 Qun>
532 2937 632 2971 PER
678 2938 1031 2972 naeuouucuu
1064 2938 1282 2973 »atvs-rme

208 2991 679 3042 smmmcnrun?—
700 2992 937 3057 Mystice,
970 3007 1063 3057 per
1085 2993 1284 3042 daemo·

211 3059 425 3111 niacum
451 3059 783 3126 significatur
810 3062 1084 3121 diaboluS‚
1103 3062 1198 3129 qui
1224 3062 1281 3113 in

211 3133 584 3184 monumentis
608 3143 660 3184 et
686 3134 985 3195 montibuS,
1029 3135 1085 3184 id
1113 3145 1194 3185 est
1228 3135 1282 3185 in

207 3206 369 3258 foedis
404 3216 456 3257 et
502 3207 751 3273 superbis
787 3207 994 3258 habitat
1035 3208 1285 3258 homini-

208 3278 331 3328 bus·
356 3278 565 3327 Nomen
593 3279 708 3343 ejus
729 3278 903 3344 Legio
925 3278 1137 3338 dicitur,
1158 3278 1289 3344 quia

210 3347 402 3398 multis
445 3347 502 3398 in
551 3351 754 3399 malum
804 3348 1126 3412 associatum
1169 3350 1285 3414 ejus

211 3428 394 3469 autem
433 3419 618 3483 ejectio
652 3435 747 3485 per
786 3419 1070 3470 Christum
1108 3418 1286 3485 signi-

211 3488 390 3539 ficavit
414 3488 497 3538 dae
507 3504 732 3539 monum
759 3490 1164 3540 multitudinem
1187 3490 1285 3539 de-

210 3560 530 3611 vincendam
562 3577 655 3627 per
688 3562 887 3628 ipsum.
934 3563 1108 3629 Legio
1142 3578 1286 3629 quo-

214 3649 324 3700 que
397 3634 464 3684 ab
522 3633 840 3684 hominibus
887 3636 1039 3701 pulsa
1093 3650 1285 3701 porcos

217 3704 552 3769 ingreditur,
595 3704 721 3771 quia
756 3706 1028 3757 daemones
1070 3706 1137 3756 ab
1176 3704 1286 3756 illis

218 3774 315 3841 qui
347 3776 414 3825 ad
443 3776 609 3826 vitam
639 3786 888 3826 aeternam
923 3776 1285 3842 praedestinati

219 3858 378 3911 sunt,
424 3864 517 3914 per
543 3848 765 3914 gratiam
811 3849 989 3915 ejecti,
1033 3851 1172 3900 male
1198 3849 1286 3900 vi-

220 3918 471 3969 ventibus
531 3930 583 3969 et
626 3919 849 3969 terrenis
889 3918 1288 3970 intendentibus

221 3988 603 4054 dominantur;
650 3990 796 4056 quod
827 3998 1006 4040 tamen
1052 4005 1162 4059 non
1203 3988 1289 4040 fa-

2325 398 2426 448 441

1369 487 1522 538 ciunt
1556 488 1663 539 nisi
1705 491 1860 542 Jesus
1888 494 2154 555 concedat,
2185 494 2314 561 quia
2340 512 2436 547 nec

1372 560 1543 609 malos
1575 570 1778 612 tentare
1822 573 2072 628 possunt,
2105 565 2208 616 nisi
2239 576 2436 632 poten-
2500 627 2505 631 ‚

1370 628 1446 678 tia
1472 629 1656 680 divina
1677 634 1966 697 permittat.
1992 636 2135 685 Grex
2164 652 2289 687 vero
2320 653 2439 703 por-

1371 716 1559 751 corum
1580 718 1611 753 a
1634 704 1869 771 Legione
1891 704 1948 755 in
1969 723 2117 758 mare
2135 709 2434 775 projicitur,

1370 771 1504 821 dum
1548 788 1643 838 per
1687 776 1959 827 daemones
1999 779 2266 828 malorum
2305 780 2437 829 uni-

1370 843 1594 894 versitas
1642 847 1707 895 ad
1759 847 2073 899 infernalem
2101 847 2440 901 ‘amaritudi·
2508 864 2515 867 “

1376 933 1501 967 nem
1529 921 1852 984 perducitur.
1889 923 2012 973 Non
2049 934 2313 990 repugnat
2336 941 2438 975 au-

1373 997 1482 1038 tem
1545 991 1690 1054 quod
1757 993 2039 1044 Matthaeus
2099 995 2166 1044 de
2227 995 2441 1045 duobus

1373 1061 1735 1123 doemoniaciS,
1766 1066 1973 1116 Marcus
1998 1081 2126 1116 vero
2170 1075 2223 1117 et
2269 1067 2440 1118 Lucas

1374 1131 1442 1181 de
1475 1148 1585 1182 uno
1621 1134 1948 1200 loquuntur;
1990 1137 2103 1197 sed,
2144 1138 2441 1188 secundum

1374 1206 1757 1271 Augustinum,
1779 1207 2045 1275 intelligas
2063 1227 2236 1260 unum
2253 1226 2441 1261 eorum

1375 1275 1542 1326 fuisse
1571 1292 1811 1342 personae
1844 1280 2068 1346 alicujus
2109 1282 2348 1333 clarioris
2389 1291 2442 1332 et

1377 1347 1700 1414 famosioriS,
1728 1352 1828 1413 vel,
1853 1354 2148 1404 secundum
2179 1356 2445 1423 Chry-sos-

1377 1426 1591 1486 tomum‚
1622 1423 1858 1475 saevioris
1879 1435 1931 1475 et
1951 1426 2175 1477 insaniae
2205 1426 2443 1492 majoris,

1380 1507 1477 1557 pro
1507 1508 1616 1557 quo
1647 1493 1738 1544 illa
1767 1495 1917 1560 regio
1945 1496 2178 1547 maxime
2205 1498 2441 1560 dolebat3

1379 1564 1524 1629 quod
1551 1565 1791 1615 volentes
1818 1567 2120 1632 significare
2147 1569 2255 1618 duo
2276 1569 2449 1619 Evan-

1378 1633 1611 1698 gelistae,
1663 1637 1839 1686 solum
1892 1653 2065 1688 unum
2110 1654 2447 1689 commemo-

1380 1708 1609 1758 randum
1651 1709 2045 1774 judicaverunt,
2085 1712 2151 1762 de
2179 1728 2290 1778 quo
2323 1712 2447 1763 facti

1381 1776 1543 1842 hujus
1610 1777 1752 1831 fama
1807 1781 1967 1832 latius
2035 1783 2448 1849 praeclariusque

1381 1847 1707 1914 flagraverat.

1445 1918 1478 1968 6
1512 1921 1778 1972 Cnmsrus
1809 1939 1842 1972 A
1869 1938 2099 1974 ant-‚roua
2131 1925 2449 1976 Gnaasauo-

1382 2007 1493 2041 nun
1525 2008 1778 2043 mscssnrr.
1807 2021 1868 2030 -—
1888 1995 1969 2044 Illi
1989 2005 2167 2045 autem
2197 1996 2449 2047 homines

1382 2063 1450 2113 de
1498 2063 1708 2115 civitate
1747 2077 2031 2129 exeunteS,
2074 2077 2341 2118 venerunt
2382 2070 2448 2119 ad

1382 2134 1586 2185 Jesum.
1631 2135 1734 2186 Ubi
1789 2136 1947 2187 Titus
1977 2155 1994 2188 .·
2025 2156 2052 2185 «
2099 2139 2224 2188 Illos
2269 2149 2449 2190 autem

1383 2206 1449 2255 ad
1483 2205 1808 2257 Salvatorem
1831 2208 1985 2258 duxit
2009 2208 2191 2259 damni
2224 2210 2450 2260 necessi-

1384 2285 1494 2339 tas3
1526 2276 1832 2344 frequenter
1853 2278 2001 2329 enim
2035 2280 2178 2330 Deus
2201 2280 2451 2331 homines

1384 2348 1602 2399 damnat
1629 2350 1686 2400 in
1717 2351 1878 2401 rebus
1908 2352 2188 2417 possessis,
2227 2360 2278 2401 et
2314 2367 2450 2401 con-

1385 2417 1488 2468 fert
1556 2419 1876 2470 beneficium
1943 2420 2245 2471 animabus.
2299 2441 2327 2469 n
2383 2422 2449 2471 Et

1386 2488 1640 2540 homines
1683 2492 1867 2542 Jesum
1911 2507 1971 2541 ac
2017 2491 2149 2542 facta
2187 2492 2448 2553 videntes,

1386 2560 1586 2611 conscii
1633 2560 1933 2627 fragilitatis
1957 2578 2070 2613 suae
2097 2564 2244 2613 velut
2270 2563 2449 2613 adhuc

1386 2630 1609 2692 infirmi,
1640 2641 1691 2681 et
1736 2633 2014 2698 praesentia
2050 2633 2269 2683 Domini
2302 2633 2453 2683 indi-

1386 2701 1480 2767 gni
1529 2703 1799 2767 rogabant
1833 2703 1984 2752 illum
2020 2718 2085 2753 ex
2127 2703 2450 2763 humilitate,
2495 2720 2508 2777 ‘a

1390 2777 1446 2822 ut
1466 2787 1501 2821 a
1518 2772 1726 2838 finibus
1753 2787 1934 2824 eorum
1966 2773 2290 2837 discederet,
2325 2775 2453 2840 quia

1388 2843 1577 2894 timore
1600 2858 1797 2909 magno
1827 2842 2201 2894 admirationis
2224 2854 2275 2893 et
2302 2859 2456 2895 reve-

1388 2914 1573 2963 rentiae
1598 2915 1921 2965 tenebantur.
1944 2913 2282 2979 Reputabant
2305 2914 2454 2964 enim

1389 3000 1448 3034 se
1492 2982 1748 3049 indignos
1791 2992 1934 3033 tanto
1979 2983 2193 3034 doctore
2241 2994 2294 3033 et
2339 2984 2454 3047 ejus

1388 3053 1809 3111 conversatione,
1840 3052 1980 3103 sicut
2007 3053 2265 3104 Centurio
2294 3068 2456 3118 repu-

1389 3128 1533 3177 tabat
1588 3141 1646 3176 se
1694 3126 1981 3192 indignum
2026 3136 2178 3176 tanto
2210 3126 2454 3191 hospite,

1390 3210 1443 3250 et
1473 3200 1609 3250 sicut
1648 3199 1833 3249 Petrus
1871 3198 2173 3264 fragilitatis
2203 3213 2313 3248 suae
2336 3215 2456 3249 me-

1392 3287 1512 3321 mor
1558 3271 1671 3321 ait:
1700 3271 1824 3321 Exi
1865 3286 1902 3321 a
1955 3284 2063 3333 me,
2126 3270 2253 3335 quia
2303 3271 2457 3323 homo

1381 3347 1637 3409 peccator
1677 3355 1824 3405 sum,
1870 3339 2118 3391 Domine.
2175 3341 2271 3391 Vel
2324 3341 2460 3392 forte

1392 3415 1482 3465 isti
1512 3414 1767 3464 Geraseni
1792 3429 1857 3464 ex
1883 3412 2113 3479 peccatis
2145 3414 2260 3465 suis
2284 3414 2457 3465 territi

1391 3485 1655 3535 timebant
1668 3484 1934 3534 offendere
1951 3484 2291 3549 praesentiam
2308 3484 2462 3536 Chri—

1390 3557 1497 3617 sti,
1557 3566 1611 3608 et
1665 3571 1759 3622 per
1810 3570 2147 3621 consequens
2194 3557 2461 3606 incurrere

1394 3647 1608 3699 poenam
1637 3631 1891 3692 maiorem
1919 3629 2257 3695 praecedenti,
2288 3640 2340 3680 et
2366 3645 2462 3695 per

1394 3721 1519 3756 eum
1564 3702 1798 3768 amplius
1854 3716 2019 3767 quam
2063 3700 2121 3750 in
2170 3702 2463 3752 amissione

1395 3788 1679 3841 porcorum
1737 3770 2100 3832 damnificari,
2162 3773 2300 3823 sicut
2352 3772 2464 3822 Oza

1394 3858 1616 3910 tangens
1673 3857 1845 3893 arcam
1911 3840 2027 3892 Dei.
2107 3843 2231 3910 Ipse
2287 3848 2462 3893 autem

1395 3914 1638 3967 ascendit
1677 3926 1880 3974 navem,
1929 3921 1990 3963 ut
2032 3912 2276 3964 infirmos
2307 3914 2464 3963 dese-

1399 3996 1565 4048 reret,
1597 3982 1801 4050 quibus
1837 3982 1989 4034 oneri
2027 3998 2181 4035 suam
2223 3998 2462 4051 praesen-
