2784 4452
475 404 569 455 DE
600 403 824 454 INITIO
854 403 1173 455 PUBLICAE
1203 402 1771 456 PRAEchTIONIS
1800 403 2056 457 DOMINI
2085 406 2267 458 JESU.

247 523 459 575 dierum
491 522 888 588 longitudinem
935 520 1307 587 promittebat;

247 593 600 660 Evangelium
618 594 788 644 vitam
817 603 1092 645 aeternam.
1109 610 1138 639 n
1156 591 1310 643 Unde

247 677 302 718 et
344 667 767 734 chrysostomus
803 683 823 716 .·
856 682 885 711 α
935 665 1160 731 Propter
1210 663 1315 713 hoc

249 755 424 806 neque
472 738 779 804 praedicavit
829 747 953 788 ante
1017 738 1276 788 Joannem
1293 776 1309 801 ,

247 811 417 860 donec
464 809 553 859 ille
601 807 860 858 incideret
909 808 969 857 in
1006 822 1271 859 carcerem
1293 846 1308 869 ,

245 891 308 933 ut
329 897 440 931 non
470 881 569 931 hac
602 878 978 945 praedicatione
1017 879 1311 930 multitudo

251 950 438 1019 populi
502 950 831 1001 scinderetur
882 965 899 999 ι
967 949 1165 999 idcirco
1210 961 1312 1000 ne-

245 1041 351 1093 que
400 1024 617 1091 signum
668 1024 843 1074 ullum
890 1023 1017 1074 fecit
1056 1022 1307 1084 JoanneS,

246 1107 308 1149 ut
354 1113 420 1149 ex
470 1098 572 1147 hoc
627 1110 847 1162 quoque
901 1092 1308 1145 multitudinem

244 1169 475 1220 traderet
511 1168 755 1228 Christo,
809 1181 930 1233 quae
961 1166 1027 1216 ad
1064 1180 1192 1216 eum
1225 1164 1308 1216 si-

244 1256 476 1307 gnorum
523 1239 878 1290 admiratione
924 1236 1232 1288 conflueret.
1278 1255 1308 1286 n

246 1311 406 1363 Unde
443 1311 605 1362 etiam
658 1310 1004 1376 Augustinus
1042 1327 1061 1360 .-
1096 1329 1120 1356 «
1143 1308 1307 1360 ·Prae-

244 1382 446 1434 missus
482 1391 564 1433 est
589 1383 840 1442 Joannes,
866 1381 1012 1431 velut
1039 1396 1147 1431 vox
1183 1389 1308 1430 ante

242 1454 502 1516 Verbum,
538 1468 727 1505 aurora
759 1463 883 1504 ante
913 1453 1103 1514 solem,
1132 1466 1308 1518 praeco

242 1536 365 1577 ante
399 1525 639 1576 Judicem
659 1564 673 1586 ‚
720 1539 905 1575 servus
949 1533 1072 1574 ante
1107 1522 1305 1573 Domi-

244 1613 414 1658 num,
468 1597 673 1647 amicus
717 1606 840 1647 ante
890 1597 1183 1661 Sponsum.
1238 1593 1305 1646 Et

242 1669 370 1736 quia
406 1669 717 1720 universum
765 1668 1033 1718 mundum
1072 1665 1303 1718 tenebrae

241 1752 294 1793 et
322 1758 429 1792 nox
456 1741 792 1792 infidelitatis
823 1748 1218 1807 oppresserant,
1251 1749 1303 1790 et

241 1814 411 1864 solem
446 1812 665 1878 justitiae
704 1812 940 1878 aspicere
995 1827 1106 1862 non
1151 1811 1302 1876 vale—

241 1887 390 1946 bant,
421 1886 606 1936 beatus
637 1885 870 1936 Joannes
896 1884 1049 1951 quasi
1084 1885 1303 1935 lucerna

241 1954 600 2021 praemittitur,
639 1964 701 2005 ut
731 1954 904 2015 oculi,
939 1954 1035 2020 qui
1066 1953 1300 2020 lippitu-

238 2027 372 2077 dine
414 2025 718 2092 iniquitatis
755 2025 997 2091 oppressi
1035 2038 1297 2089 magnum

240 2107 294 2148 et
320 2112 507 2148 verum
545 2098 730 2147 lumen
767 2096 948 2147 videre
991 2111 1101 2146 non
1145 2105 1301 2161 pote-

239 2181 391 2232 rant,
448 2171 748 2221 admissum
805 2170 991 2220 lumen
1036 2170 1297 2232 lucernae,

239 2241 480 2307 primum
514 2241 667 2307 quasi
702 2252 922 2292 tenuem
958 2240 1300 2307 splendorem

237 2312 417 2363 videre
449 2321 889 2375 consuescerent3
932 2322 994 2362 ut
1041 2312 1326 2379 paulatim

238 2393 575 2448 peccatorum
600 2382 790 2432 nubilo
822 2382 1114 2443 recedente,
1136 2393 1188 2433 et
1206 2382 1300 2432 in—

236 2451 510 2504 fidelitatis
540 2452 748 2518 digesto
775 2452 1004 2503 humore
1025 2490 1039 2514 ,
1082 2452 1301 2504 Christo

235 2524 550 2575 adveniente
567 2563 583 2589 ‚
635 2524 704 2574 ab
734 2523 829 2574 illo
864 2523 1065 2575 coelesti
1093 2523 1300 2575 lumine

234 2594 493 2646 laetificari
512 2635 528 2657 ,
577 2594 758 2662 potius
800 2610 965 2662 quam
1003 2595 1297 2661 retorqueri

235 2679 456 2734 possent
504 2685 518 2719 ε
579 2688 603 2714 1·
659 2668 773 2718 haec
831 2667 1188 2735 Augustinus,
1232 2668 1298 2719 Et

234 2741 532 2791 notandum
574 2740 720 2805 quod
762 2740 1013 2806 perfectio
1049 2739 1298 2806 Evange-

233 2810 337 2862 lica
409 2821 648 2861 versatur
697 2809 958 2876 praecipue
1000 2811 1138 2861 circa
1174 2810 1296 2871 tria,

233 2881 480 2932 videlicet
505 2898 519 2930 ε
550 2881 690 2931 circa
715 2895 875 2946 opera
902 2880 1131 2947 pietatiS,
1160 2881 1298 2931 circa

234 2953 464 3005 concilia
492 2953 865 3014 humanitatis,
906 2963 959 3004 et
989 2953 1127 3004 circa
1157 2968 1296 3018 prae-

231 3034 382 3091 oepta
436 3023 729 3074 charitatis·
790 3023 918 3074 Haec
971 3023 1131 3073 etiam
1192 3023 1297 3074 tria

232 3096 500 3163 praecipue
520 3096 790 3147 Dominus
820 3096 1002 3147 docuit
1031 3095 1088 3146 in
1106 3095 1295 3147 Evan-

229 3169 391 3235 gelio,
421 3170 622 3235 Incepit
640 3179 819 3220 autem
847 3168 1135 3230 Dominus,
1158 3168 1296 3219 sicut

230 3241 482 3300 loannes,
518 3241 702 3291 eadem
733 3239 1045 3307 praedicans,
1065 3255 1183 3306 quae
1202 3239 1293 3291 ille

229 3322 356 3364 ante
377 3313 583 3365 dixerat
603 3329 618 3362 z
638 3323 698 3363 ut
723 3312 1024 3378 praedicatio
1044 3312 1292 3379 discipuli

232 3391 287 3434 et
314 3382 556 3448 Magistri
579 3397 815 3433 consona
842 3392 998 3445 esset,
1027 3392 1081 3434 et
1098 3382 1294 3434 Domi-

230 3471 336 3506 nus
372 3456 802 3522 praedicationem
882 3471 942 3507 ac
992 3456 1291 3508 doctrinam

228 3526 453 3577 Ioannis
482 3527 797 3592 approbaret
840 3537 892 3578 et
933 3527 1290 3589 confirmaret,

229 3614 289 3651 ac
312 3600 619 3665 superbiam
647 3615 833 3650 eorum
864 3599 957 3666 qui
991 3599 1129 3650 dicta
1152 3601 1292 3652 alio-

227 3684 351 3720 rum
373 3670 733 3736 dedignantur
761 3669 1012 3736 accipere,
1047 3672 1292 3724 confuta-

229 3749 334 3804 ret;
361 3756 420 3791 ac
451 3751 513 3791 ut
548 3756 605 3791 se
641 3740 878 3807 ejusdem
914 3741 1011 3792 Dei
1063 3741 1286 3804 Filium,

228 3811 380 3876 cujus
412 3812 501 3863 ille
529 3812 793 3876 Propheta
819 3810 920 3873 sit,
958 3827 1072 3862 esse
1099 3823 1290 3864 osten-

226 3881 393 3933 deret.
416 3882 657 3933 Verbum
682 3896 809 3947 ergo
834 3881 978 3947 quod
998 3881 1056 3931 in
1083 3883 1288 3934 Joanne

228 3966 430 4018 organo
510 3963 563 4003 et
604 3952 661 4001 in
712 3952 969 4003 omnibus
1011 3953 1289 4019 Prophetis

226 4023 560 4086 clamaverat,
577 4023 889 4090 ‚praedicans
917 4039 1141 4091 regnum
1169 4024 1286 4090 Dei,

2342 455 2347 460 -
2376 423 2482 476 279

1422 534 1455 570 a
1476 521 1790 586 poenitentia
1815 521 2070 572 inchoare
2095 521 2329 582 volebat,
2350 525 2483 590 quia

1422 592 1527 642 nisi
1583 592 1811 644 remisso
1853 603 2063 659 peccato
2084 632 2101 654 ,
2154 609 2248 660 per
2292 596 2484 661 Bapti-

1420 677 1602 713 smum
1631 672 1684 713 et
1709 663 2087 728 poenitentiam
2130 663 2478 731 condignam,

1419 750 1532 785 non
1560 736 1757 801 poterit
1782 736 1908 802 quis
1931 735 2132 786 intrare
2165 735 2225 786 in
2242 752 2478 803 regnum

1418 807 1703 873 coelorum;
1751 808 1896 858 unde
1943 823 2055 858 non
2104 808 2288 859 statim
2320 808 2482 874 justi-

1417 876 1549 927 tiam
1587 878 1917 944 praedicavit,
1952 879 2047 929 sed
2078 878 2477 944 poeniteutiam.

1418 949 1559 1011 Quis
1587 967 1715 1018 ergo
1752 967 1916 1004 ausus
1946 962 2029 1004 est
2065 953 2240 1003 dicere
2283 968 2300 1002 ε
2338 953 2480 1004 Volo

1416 1021 1593 1072 bonus
1615 1038 1747 1083 oese,
1778 1033 1833 1074 et
1862 1039 1972 1074 non
2006 1025 2266 1089 possum?
2308 1024 2481 1076 Poeni-

1414 1092 1581 1144 tentia
1608 1094 1756 1144 enim
1780 1094 2037 1146 correctio
2060 1105 2141 1146 est
2161 1095 2475 1159 voluntatis

1414 1174 1468 1214 et
1497 1163 1543 1215 si
1577 1180 1674 1215 vos
1709 1166 1850 1216 mala
1883 1181 1994 1216 non
2033 1175 2251 1227 terrent,
2285 1176 2355 1217 ut
2374 1166 2480 1217 sci-

1413 1234 1537 1285 licet
1571 1235 1945 1301 poenitentiam
1976 1236 2147 1303 agatis
2170 1274 2185 1297 ,
2222 1238 2309 1289 vel
2335 1237 2479 1289 bona

1410 1306 1691 1368 delectent,
1732 1309 2188 1376 appropinquavit
2207 1311 2344 1361 enim
2381 1324 2478 1362 re-

1411 1395 1578 1446 gnum
1634 1381 1885 1432 coelorum
1902 1421 1920 1445 ‚
1964 1381 2019 1431 id
2068 1392 2151 1433 est
2202 1383 2477 1436 beatitudo

1413 1451 1562 1516 regni
1603 1452 1851 1503 coelestis.
1882 1453 1957 1503 Ac
1989 1452 2036 1503 si
2078 1453 2220 1504 dicat
2248 1472 2263 1505 ε
2295 1455 2478 1507 Paraoe

1410 1522 1629 1583 vosad,
1664 1523 1721 1572 id
1766 1533 1847 1574 est
1880 1538 2019 1589 per,
2069 1525 2475 1590 poenitentiam,

1410 1594 1540 1661 quia
1576 1595 2032 1663 appropinquabit
2079 1607 2294 1663 tempus
2324 1613 2474 1649 mer·-

1409 1667 1555 1718 cedis
1581 1677 1810 1720 aeternae.
1837 1669 2147 1721 Praedicavit
2171 1680 2350 1720 autem
2368 1671 2472 1721 Do·

1408 1737 1593 1789 minus
1606 1740 1996 1805 poenitentiam,
2010 1741 2477 1808 appropinquante

1409 1826 1572 1877 regno
1604 1813 1858 1863 coelorum
1925 1823 1978 1863 et
2013 1813 2121 1864 fine
2161 1814 2374 1878 mundi,
2412 1823 2474 1865 ut

1407 1879 1718 1932 formidaret
1733 1881 1870 1933 forte
1883 1883 2134 1948 juvenilis
2152 1893 2279 1935 aetas
2302 1900 2473 1934 mun-

1406 1950 1481 2001 di.
1510 1951 1667 2002 Nunc
1698 1967 1843 2017 vero,
1874 1954 2343 2021 appropinquante
2375 1969 2470 2006 re-

1406 2040 1514 2090 gno
1559 2026 1817 2077 coelorum
1834 2064 1849 2086 ,
1900 2027 2203 2078 ostenditur
2243 2037 2472 2094 regnum

1405 2097 1596 2147 mundi
1626 2112 1780 2164 agere
1810 2098 1868 2148 in
1897 2099 2168 2161 extremis„
2198 2100 2321 2151 ideo
2348 2116 2471 2152 me·-

1404 2166 1510 2217 rito
1538 2167 1696 2218 debet
1717 2169 1974 2221 converti.
2005 2169 2094 2220 Sic
2125 2169 2308 2238 itaque
2348 2171 2467 2222 Do-

1404 2239 1590 2289 minus
1638 2255 1671 2289 a
1705 2240 1984 2305 Baptismo
2033 2256 2164 2306 suo,
2195 2258 2372 2308 usque
2401 2244 2469 2294 ad

1401 2308 1626 2359 Joannis
1658 2308 2130 2361 incarcerationem
2204 2312 2466 2378 praedica-

1402 2382 1515 2442 vit,
1549 2391 1605 2432 et
1644 2381 1827 2432 docuit
1868 2384 2104 2443 occulte,
2153 2394 2206 2435 et
2241 2385 2300 2435 in
2333 2385 2468 2437 locis

1403 2451 1650 2518 privatis3
1680 2452 1775 2502 sed
1801 2463 1923 2518 post
1952 2453 2067 2519 ejus
2096 2454 2461 2507 incarceratio-

1403 2539 1548 2586 nem,
1578 2524 1791 2590 publice
1817 2535 1869 2575 et
1893 2524 1952 2575 in
1982 2528 2286 2595 synagogis.
2317 2528 2470 2580 Sicut

1402 2595 1551 2645 enim
1582 2596 1816 2646 loannes
1843 2606 1955 2648 erat
1980 2613 2279 2664 praecursor
2301 2599 2468 2652 Chri-

1402 2667 1493 2729 sti,
1515 2669 1586 2719 ita
1619 2668 1931 2734 praedicatio
1958 2670 2184 2722 Joannis
2204 2681 2316 2722 erat
2337 2687 2466 2738 prae-

1400 2738 1488 2788 via
1532 2738 1738 2790 Christi
1786 2741 2170 2804 praedicationi.
2223 2742 2296 2792 Et
2345 2743 2466 2794 ideo

1402 2812 1654 2863 Christus
1674 2828 1784 2863 non
1819 2814 2126 2878 praedicavit
2152 2816 2465 2866 communi-

1401 2892 1480 2932 ter
1503 2892 1556 2932 et
1593 2881 1805 2948 publice
1834 2893 1958 2933 ante
1982 2884 2202 2935 Joannis
2229 2885 2465 2937 incarce-

1401 2953 1698 3015 rationem,
1746 2954 1839 3005 sed
1905 2954 2059 3007 finita
2100 2957 2212 3021 ejus
2260 2958 2464 3023 praedi-

1400 3025 1637 3087 catione,
1695 3041 1759 3077 ex
1814 3026 1918 3077 hoc
1992 3028 2154 3079 nobis
2215 3029 2462 3082 tribuens

1399 3097 1705 3162 exemplum
1763 3097 2089 3151 humilitatis
2145 3102 2459 3168 stupendae,

1399 3167 1531 3216 dum
1554 3182 1709 3218 servo
1736 3183 1836 3218 suo
1857 3169 2071 3232 Joanni,
2093 3172 2252 3238 longe
2280 3188 2339 3223 se
2365 3173 2460 3223 in-

1399 3236 1599 3299 feriori,
1619 3237 1678 3287 in
1699 3238 2094 3304 praedicationis
2118 3252 2175 3293 et
2199 3242 2461 3295 doctrinae

1399 3306 1577 3358 officio
1618 3308 1901 3360 humiliter
1932 3311 2186 3379 dignatus
2234 3322 2316 3363 est
2365 3313 2461 3364 de-

1399 3379 1553 3430 ferre.
1602 3379 1651 3430 O
1697 3390 1832 3446 quot
1870 3393 2035 3445 sunt,
2091 3382 2230 3449 proh
2270 3383 2455 3434 dolor!

1399 3453 1561 3503 hodie
1581 3453 1839 3520 religiosi,
1876 3457 1993 3522 qui,
2024 3472 2137 3507 non
2163 3457 2286 3507 dico
2312 3455 2459 3508 infe-

1397 3524 1549 3588 riori,
1586 3525 1677 3575 sed
1706 3540 1802 3575 nec
1828 3527 1972 3591 pari,
2025 3526 2140 3577 iino
2168 3542 2267 3577 nec
2293 3542 2459 3593 supe-

1397 3596 1526 3647 riori
1555 3596 1816 3659 deferunt,
1851 3597 1910 3647 in
1933 3613 2043 3664 quo
2087 3614 2144 3649 se
2184 3598 2283 3650 Dei
2314 3599 2456 3649 Filio

1397 3667 1643 3734 praeferre
1662 3707 1677 3730 ‚
1726 3678 1779 3718 et
1827 3682 1955 3720 eum
2004 3668 2193 3734 praeire
2221 3679 2451 3720 conten-

1398 3740 1551 3791 dunt

1461 3809 1490 3860 5
1515 3811 1684 3861 ΕτΑε
1722 3809 1946 3860 Camari
1993 3824 2211 3867 Qumno
2244 3826 2448 3861 Pamm-

1394 3897 1525 3933 CARI-2
1563 3895 1750 3930 cumr.
1792 3908 1854 3918 —
1902 3879 1985 3930 Ad
2026 3880 2454 3945 praedicationem

1394 3968 1611 4021 quoque
1664 3962 1715 4002 et
1791 3952 2092 4003 doctrinam
2159 3954 2453 4021 requiritur

1395 4036 1521 4077 aetas
1549 4022 1790 4089 perfecta.
1822 4022 2077 4075 Perfectio
2109 4038 2287 4078 autem
2317 4036 2446 4078 aeta·
