2784 4452
321 294 392 362 98
920 272 962 306 ‘
987 288 1227 340 PRIMAE
1260 287 1511 340 PART1s
1541 285 1776 339 CAPUT
1805 286 1881 339 x.

321 412 469 462 deret
512 423 571 460 se
611 422 729 459 esse
782 407 849 457 de
896 420 1088 473 genere
1135 404 1388 463 Abrahae,

323 481 418 551 qui
447 477 873 532 circumcisionis
899 475 1211 527 mandatum
1243 490 1395 526 acce-

322 554 421 621 pit,
449 563 503 604 et
540 551 627 604 cui
675 552 742 602 de
777 548 997 601 Christo
1044 546 1394 614 repromissio

324 625 459 678 facta
500 633 599 676 est.
642 651 704 662 -
744 620 1006 679 Secund0‚
1048 628 1110 670 ut
1151 618 1398 685 patribus

324 694 675 755 assimilatuS,
722 691 922 744 Judaeis
963 688 1296 750 satisfacere,
1333 704 1399 739 ac

324 764 635 820 scandalum
670 771 723 813 et
750 776 968 812 omnem
994 760 1409 813 excusationem.

325 840 385 893 in
413 855 472 891 se
490 855 599 890 non
628 835 897 894 credendi,
930 843 983 885 et
1012 849 1145 886 eum
1166 849 1278 885 non
1316 848 1400 884 re-

327 911 561 979 cipiendi
606 908 741 976 ipsis
791 906 1046 958 auferret.
1087 933 1149 946 ·-·
1191 905 1398 966 Tertio,

328 994 390 1038 ut
412 984 609 1049 Legem
657 990 913 1040 veterem,
944 988 999 1030 et
1043 977 1401 1029 circumcisio-

327 1069 452 1107 nem
480 1068 646 1120 quam
669 1052 814 1102 Deus
850 1049 1170 1111 instituerat,
1198 1064 1402 1116 appro-

328 1131 504 1192 baret3
570 1142 632 1180 ac
709 1140 825 1176 eam
891 1132 1159 1185 sanctam,
1204 1123 1401 1189 justam

326 1212 383 1256 et
432 1203 634 1252 bonam
697 1198 864 1249 fuisse
941 1206 1283 1248 monstraret.
1338 1223 1404 1234 —

330 1273 552 1333 Quarto,
584 1279 646 1321 ut
672 1268 992 1321 obedientiae
1026 1277 1080 1318 et
1119 1266 1404 1318 humilita-

329 1343 714 1404 tisvirtutem,
759 1342 921 1394 nobis
960 1356 1062 1393 suo
1113 1355 1405 1391 commen·-

329 1416 479 1465 daret
526 1413 774 1479 exemplo
791 1450 806 1476 ‚
837 1418 1168 1478 praeceptum
1214 1409 1404 1476 Legis,

331 1485 418 1539 cui
456 1494 636 1537 tamen
676 1484 955 1549 subjectus
987 1497 1099 1534 non
1138 1490 1268 1542 erat,
1297 1482 1404 1531 ob-

331 1557 612 1610 servando.
667 1584 729 1594 —
787 1555 1021 1618 Quinto,
1091 1563 1156 1606 ut
1205 1554 1404 1619 Legem

332 1643 498 1694 quam
511 1626 657 1677 dedit
671 1626 812 1687 aliis,
825 1625 989 1676 etiam
1007 1624 1122 1691 ipse
1135 1623 1403 1690 impleret,

329 1710 381 1753 et
405 1699 503 1767 qui
522 1699 580 1749 in
597 1698 958 1750 similitudine
977 1697 1154 1749 carnis
1170 1696 1404 1776 peccati,

335 1785 449 1820 non
475 1777 657 1822 autem
699 1767 758 1817 in
799 1782 959 1818 carne
999 1765 1197 1834 peccati
1236 1782 1407 1817 vene-

336 1849 455 1903 rat,
502 1837 804 1890 remedium
860 1852 973 1904 quo
1028 1851 1157 1887 caro
1208 1837 1405 1903 peccati

336 1908 588 1960 mundari
630 1917 999 1968 consueverat,
1029 1922 1143 1957 non
1185 1921 1408 1972 respue-

336 1991 435 2034 ret.
465 1989 529 2020 -'-
555 1981 714 2031 Sexto
732 2018 748 2045 ‚
795 1988 857 2031 ut
898 1978 1057 2046 Legis
1084 1993 1227 2030 onus
1251 1978 1308 2029 in
1349 1993 1412 2029 se

337 2051 629 2112 sustinens,
655 2050 790 2102 alios
816 2065 846 2100 a
873 2048 1033 2115 Legis
1055 2064 1231 2110 onere,
1261 2048 1411 2115 quod

338 2132 550 2189 portare
577 2121 943 2189 nequiverant,
987 2119 1253 2185 liberaret,
1280 2119 1413 2186 quia

327 2196 521 2262 sactus
551 2202 633 2248 est
659 2196 758 2249 sub
791 2196 960 2263 Lege,
989 2200 1047 2247 ut
1069 2209 1161 2247 eos
1186 2194 1279 2262 qui
1314 2194 1413 2246 sub

338 2271 489 2337 Lege
530 2277 686 2322 eram
722 2270 1028 2322 redimeret.
1046 2297 1121 2317 1-
1144 2268 1411 2334 Septimo,

320 2353 404 2395 -ut
430 2358 528 2408 pro
566 2342 726 2393 nobis
753 2341 1074 2409 sanguinem
1099 2357 1262 2394 suum
1301 2356 1413 2392 non

341 2413 521 2464 solum
552 2411 612 2462 in
651 2421 802 2462 aetate
828 2411 994 2472 virili,
1030 2410 1124 2463 sed
1165 2411 1326 2462 etiam
1353 2410 1413 2461 in

340 2479 570 2532 infantia
590 2480 857 2541 funderet,
888 2490 942 2530 et
968 2480 1280 2548 tempestive
1303 2480 1414 2546 pati

341 2550 614 2616 inciperet.
648 2579 711 2590 -
752 2552 975 2612 Octav0,
1005 2563 1068 2603 ut
1095 2552 1154 2603 in
1182 2567 1241 2603 se
1266 2552 1414 2603 veri-

341 2629 505 2674 tatem
555 2620 729 2672 carnis
780 2620 1035 2672 humanae
1092 2622 1414 2683 ostenderet,

344 2702 400 2744 et
434 2693 712 2745 haereticos
737 2693 838 2759 qui
863 2693 1120 2746 dixerunt
1145 2710 1272 2745 eum
1301 2709 1415 2746 non

343 2779 535 2816 verum
581 2780 777 2831 corpus
794 2804 807 2826 ‚
862 2766 956 2817 sed
1014 2766 1416 2833 phantasticum

346 2837 618 2899 habuisse,
648 2838 1020 2891 confunderet.
1049 2868 1111 2879 -
1140 2840 1317 2900 Nono,
1355 2849 1418 2892 ut

345 2909 667 2972 castitatem,
722 2927 846 2978 quae
920 2928 952 2963 a
1006 2912 1418 2965 circumcisione

347 2992 498 3034 actus
533 2982 685 3034 illius
730 2984 962 3036 membri
991 2995 1092 3047 est,
1129 3000 1439 3049 commen-—

348 3053 516 3111 daret,
540 3061 592 3102 et
617 3054 1109 3119 concupiscentiam
1151 3055 1419 3107 carnalem

349 3122 675 3202 reprobaret.
715 3152 779 3162 —
805 3125 1059 3207 Dec-imo,
1089 3135 1151 3177 ut
1193 3126 1250 3176 in
1297 3124 1420 3191 ipso

351 3190 580 3243 carnalis
625 3192 1053 3247 circumcisionis
1109 3195 1306 3257 finem,
1364 3205 1421 3247 et

351 3261 645 3328 spiritualis
672 3263 955 3315 exordium
981 3265 1217 3329 haberet,
1241 3277 1294 3318 et
1320 3281 1421 3318 nos

353 3331 469 3383 fore
489 3332 835 3397 spiritualiter
855 3334 1312 3389 circumcidendos
1334 3335 1423 3388 de·

354 3412 695 3463 monstraret,
724 3413 785 3455 ut
814 3404 961 3456 enim
988 3407 1281 3472 Apostolus
1305 3405 1381 3457 ait
1402 3423 1419 3458 z

354 3472 514 3524 Finis
554 3475 723 3541 Legis
763 3476 1015 3529 Christus
1058 3477 1422 3545 adjustitiam

355 3546 499 3597 omni
513 3548 783 3600 eredenti.

419 3617 452 3670 6
486 3620 787 3673 Burrsuus
822 3638 1421 3677 macuumstoma-

356 3703 568 3741 cunvir.
589 3719 651 3729 —
681 3691 957 3744 Hodierno
984 3694 1166 3760 itaque
1198 3694 1289 3751 die
1315 3709 1426 3746 ces·

358 3768 439 3811 sat
466 3760 817 3825 circumcisio,
847 3774 902 3816 et
940 3764 1201 3817 habemus
1237 3780 1335 3832 pro
1362 3780 1425 3817 ea

359 3828 713 3915 Baptismum,
760 3835 857 3903 qui
914 3845 994 3888 est
1043 3837 1257 3903 majoris
1300 3852 1428 3918 gra-

360 3898 447 3953 tiae
494 3912 546 3955 et
582 3905 814 3973 minoris
856 3922 1056 3975 poenae3
1097 3923 1223 3961 nam
1252 3907 1426 3973 gratia

1504 402 1767 469 Baptismi
1821 401 2208 468 superveniens
2246 401 2418 452 carnis
2459 401 2566 453 cir-

1503 474 1893 527 cumcisionem
1954 474 2226 525 evacuavit
2250 513 2265 538 ,
2318 476 2572 540 quemad-

1504 547 1763 607 modum,
1809 544 1989 597 fructu
2030 545 2375 605 adveniente,
2411 546 2578 596 flores

1502 617 1791 682 decidunt,
1872 627 1925 668 et
1992 626 2344 667 marcescunt.
2418 617 2580 668 Unde

1505 687 1813 755 Gregorius
1842 705 1863 739 .-
1895 705 1922 734 «
1951 688 2109 747 Quod
2136 688 2278 752 apud
2308 702 2408 738 nos
2435 688 2575 738 valet

1503 775 1641 826 aqua
1697 758 2072 826 Baptismatis,
2117 759 2224 809 hoc
2279 758 2388 824 egit
2432 759 2577 824 apud

1503 840 1729 891 veteres,
1769 831 1854 881 vel
1883 846 1980 895 pro
2009 829 2244 896 parvulis
2270 831 2384 881 sola
2421 829 2575 891 fides,

1504 903 1589 952 vel
1626 917 1727 968 pro
1766 901 2061 967 majoribus
2094 901 2269 954 virtus
2305 901 2578 960 sacrificii,

1504 974 1589 1026 vel
1626 988 1726 1039 pro
1763 973 1853 1024 his
1895 974 1991 1040 qui
2037 989 2104 1024 ex
2135 973 2303 1039 stirpe
2341 973 2577 1024 Abrahae

1509 1045 1827 1113 prodierunt
1896 1046 2216 1112 mysterium
2259 1045 2580 1097 'circumci-

1508 1116 1700 1168 sionis.
1767 1136 1797 1166 n
1863 1118 1931 1169 Et
1984 1118 2283 1169 secundum
2335 1116 2574 1178 Bedam,

1509 1187 1655 1239 idem
1695 1187 1959 1240 auxilium
2002 1186 2294 1238 curationis
2333 1187 2389 1237 in
2439 1187 2580 1253 Lege

1508 1261 1865 1323 circumcisio,
1909 1269 2095 1313 contra
2129 1260 2405 1326 originalis
2447 1275 2576 1326 pec-

1510 1334 1613 1385 cati
1657 1334 1859 1385 vulnus
1910 1331 2157 1399 praestitit
2172 1369 2187 1391 ,
2242 1332 2390 1399 quod
2436 1347 2582 1382 nunc

1512 1405 1823 1471 Baptismus
1859 1415 2099 1471 tempore
2139 1403 2322 1470 gratiae
2347 1402 2585 1463 confert,

1512 1477 1806 1544 nisi'quod
1835 1476 2088 1527 introitus
2114 1476 2170 1525 in
2198 1490 2427 1541 regnum
2457 1489 2587 1524 non·

1512 1550 1643 1600 dum
1688 1549 1901 1615 patebat
1936 1546 2294 1607 circumcisis,
2324 1556 2388 1597 ut
2420 1546 2587 1598 modo

1512 1621 1809 1688 baptizatis.
1848 1621 1920 1671 At
1967 1635 2096 1671 vero
2123 1634 2231 1668 non
2248 1619 2440 1683 ⁸solum
2475 1618 2586 1668 Ba-

1512 1692 1745 1758 ptismus
1787 1693 1892 1742 hoc
1940 1691 2082 1750 facit,
2124 1690 2218 1740 sed
2256 1690 2416 1741 etiam
2458 1704 2585 1755 pas-

1512 1771 1679 1822 sionis
1710 1771 2013 1836 adjunctio,
2051 1785 2173 1837 quae
2209 1770 2255 1820 si
2297 1768 2588 1820 circumci-

1514 1842 1653 1892 sioni
1707 1842 1954 1906 adjuncta
2015 1851 2185 1904 esset,
2232 1851 2285 1891 et
2337 1839 2590 1890 similiter

1514 1912 1589 1963 ibi
1618 1912 1785 1963 fieret.
1817 1912 1941 1963 Ideo
1969 1920 2149 1963 autem
2177 1912 2234 1962 in
2264 1926 2421 1962 carne
2453 1926 2591 1977 prae-

1518 1983 1653 2049 putii
1716 1982 1875 2034 fiebat
1930 1982 2291 2046 circumcisio,
2348 1981 2476 2049 quia
2531 1980 2589 2031 in

1518 2064 1668 2121 parte
1695 2054 1789 2105 illa
1816 2055 1989 2122 magis
2023 2053 2451 2120 concupiscentia
2478 2053 2587 2102 do-

1518 2125 1774 2190 minatur,
1798 2140 1896 2192 per
1925 2140 2091 2191 quam
2116 2124 2376 2190 originale
2404 2136 2589 2189 pecca-

1517 2206 1637 2249 tum
1665 2206 2007 2264 propagatur.
2046 2196 2151 2249 Ubi
2199 2211 2326 2262 ergo
2360 2194 2446 2246 via
2474 2208 2593 2260 pec-

1518 2268 1618 2319 cati
1648 2278 1748 2332 est,
1772 2267 1850 2318 ibi
1876 2277 1998 2335 apte
2036 2268 2352 2334 signabatur
2389 2264 2590 2332 peccati

1519 2339 1840 2391 remedium.

1584 2427 1618 2476 7
1651 2411 2004 2472 Momm,
2057 2427 2188 2470 Qun>
2228 2425 2314 2460 srr
2361 2422 2589 2459 emenu-

1518 2480 1690 2531 cxsto?
1734 2508 1799 2519 —
1855 2450 2206 2560 significatur
2260 2487 2439 2530 autem
2495 2492 2598 2557 per

1520 2550 1988 2602 circumcisionem
2026 2550 2222 2614 carnis,
2260 2547 2598 2599 circumcisio

1522 2624 1718 2675 mentis
1738 2662 1755 2688 ,
1819 2640 1927 2690 qua
1980 2624 2275 2674 mundatur
2332 2621 2513 2673 anima
2562 2635 2598 2670 a

1521 2694 1696 2758 vitiis;
1741 2706 1795 2746 et
1830 2696 1954 2746 ideo
1998 2695 2260 2746 debemus
2307 2691 2595 2743 circumci-

1523 2766 1731 2818 sionem
1758 2767 2095 2834 spiritualem
2133 2767 2188 2817 in
2218 2765 2471 2817 omnibus
2504 2764 2596 2814 in·-

1523 2850 1613 2892 tus
1661 2850 1716 2893 et
1769 2851 1916 2892 extra
1957 2842 2186 2906 habere,
2229 2849 2282 2890 et
2330 2854 2396 2890 ex
2446 2837 2597 2888 omni

1523 2923 1674 2980 parte
1711 2914 2060 2982 spiritualiter
2097 2913 2245 2964 vitiis
2295 2910 2597 2962 circumcisi

1526 3000 1662 3036 esse.
1728 2985 2094 3037 Circumcisus
2149 2982 2294 3034 enim
2346 2981 2601 3033 Christus

1525 3066 1626 3120 est,
1656 3066 1719 3107 ut
1746 3057 1929 3108 omnia
1958 3064 2295 3123 peccatorum
2322 3052 2602 3103 vitiorum-

1527 3143 1636 3194 que
1672 3127 1944 3193 superflua
1976 3126 2256 3177 hominem
2285 3123 2595 3175 abscindere

1527 3214 1559 3249 a
1593 3213 1652 3249 se
1688 3197 1918 3257 debere,
1954 3198 2187 3248 doceret.
2218 3196 2373 3248 Unde
2415 3192 2600 3261 inquit

1529 3268 1889 3320 Bernardus:
1915 3286 1944 3316 c<
1977 3269 2190 3334 Duplex
2220 3277 2303 3317 est
2330 3262 2605 3316 circumci-

1527 3339 1631 3400 si0,
1655 3354 1779 3405 quae
1807 3353 1837 3389 a
1863 3339 2025 3390 nobis
2051 3339 2168 3389 fieri
2197 3328 2372 3394 debet,
2399 3333 2604 3384 scilicet

1529 3410 1755 3460 interior
1784 3420 1837 3461 et
1859 3411 2106 3463 exterior.
2133 3407 2378 3461 Exterior
2407 3406 2466 3456 in
2494 3406 2603 3456 tri-
2679 3420 2690 3427 ·

1529 3481 1633 3533 bus
1659 3481 1926 3543 consistit,
1940 3482 2185 3534 scilicet.
2215 3478 2270 3527 in
2299 3476 2509 3536 habitu,
2533 3492 2604 3527 ne

1528 3552 1603 3604 sit
1629 3552 1914 3615 notabilis;
1958 3553 2015 3603 in
2042 3559 2180 3610 actu,
2223 3563 2292 3599 ne
2315 3547 2388 3598 sit
2413 3562 2602 3613 repre-

1529 3623 1846 3686 hens1b1115,
1890 3633 1944 3675 et
1988 3623 2045 3673 in
2084 3635 2367 3679 sermone,
2410 3633 2479 3668 ne
2529 3616 2605 3667 sit

1531 3692 1974 3760 contemptibilis.
2003 3691 2233 3742 Interior
2260 3688 2512 3740 similiter
2541 3686 2603 3737 in

1531 3765 1706 3817 tribus
1735 3764 2000 3825 consistit,
2043 3763 2282 3815 scilicet:
2308 3761 2363 3812 in
2395 3759 2606 3826 cogita—

1534 3836 1710 3898 tione,
1753 3845 1815 3887 ut
1860 3835 1932 3887 sit
1974 3845 2179 3918 sancta3
2225 3833 2280 3882 in
2308 3830 2608 3887 affectione,

1535 3917 1594 3962 ut
1636 3909 1707 3962 sit
1766 3923 1927 3975 pura3
1982 3907 2039 3960 in
2082 3904 2398 3965 intentione,
2430 3911 2493 3954 ut
2534 3900 2609 3953 sit
