2784 4452
396 266 491 317 DE
523 267 768 317 DIVINA
801 268 896 318 ET
926 268 1246 321 AETERNA
1275 270 1560 321 CHRISTI
1592 269 2053 323 GENERATION
2064 273 2120 322 E
2330 275 2394 326 15

153 384 410 436 actionem
484 393 857 434 transeuntem
909 394 1088 448 extra;
1129 385 1221 435 sed

153 465 457 506 manentem
504 455 676 517 intra;
722 466 776 506 et
831 455 951 507 ideo
980 458 1222 508 Verbum

151 537 324 577 manet
364 525 511 575 intra
561 525 695 575 illud
736 527 891 591 cujus
936 537 1019 578 est
1079 528 1220 578 Ver-

149 598 304 657 bum,
333 606 520 647 tamen
545 597 613 646 ab
648 613 713 647 eo
749 597 1069 649 distinctum
1101 598 1221 649 dis-

150 668 404 720 tinctione
431 668 721 732 personali,
760 678 823 718 ut
861 670 970 734 jam
1014 670 1223 720 dictum

149 752 223 792 est
247 759 264 793 :
295 740 430 807 quia
468 741 694 791 Verbum
722 749 843 792 erat
858 744 1005 810 apud
1028 744 1219 807 Deum,

150 823 205 864 ut
241 813 386 862 alius
415 812 561 877 apud
594 812 787 864 alium,

205 899 239 948 4
270 883 874 935 Consunsnmmms
913 885 1114 935 erms
1153 901 1222 936 m·

151 954 299 1005 Fan.
332 982 394 991 —
438 954 627 1004 Tertio
668 956 899 1006 declarat
941 957 1115 1006 Patris
1169 965 1223 1007 et

152 1025 269 1076 Filii
295 1024 937 1088 consubstantialitatem,
955 1026 1071 1077 sive
1085 1027 1221 1077 sub-

153 1095 353 1148 stantiae
388 1096 678 1157 unitatem,
710 1097 896 1148 dicens
930 1114 946 1147 2
975 1098 1053 1147 Et
1072 1098 1221 1147 Deus

153 1174 259 1218 erat
311 1167 564 1230 Verbum,
592 1168 666 1218 ita
694 1168 842 1233 quod
898 1168 1015 1218 haec
1054 1167 1222 1217 dictio

151 1239 288 1289 Deus
345 1238 574 1303 ponitur
628 1253 660 1288 a
712 1248 862 1304 parte
914 1238 1221 1304 praedicati,

151 1308 417 1360 dicendo:
444 1308 690 1358 Verbum
718 1319 802 1359 est
829 1309 992 1360 Deus,
1024 1307 1223 1359 Nomi-

151 1395 212 1431 na
238 1380 389 1431 enim
420 1390 475 1430 et
503 1381 667 1431 verba
706 1381 1033 1446 transposita
1076 1380 1223 1431 idem

150 1451 473 1518 significant.
504 1452 621 1501 Hoc
671 1467 872 1502 nomen
929 1452 1094 1513 Deus,
1162 1452 1223 1502 in

152 1523 243 1574 hac
308 1523 554 1573 clausula
624 1533 707 1573 est
770 1523 1083 1585 essentiale,
1142 1534 1222 1589 ut,

153 1593 385 1644 Verbum
433 1603 517 1643 est
558 1593 724 1654 Deus,
785 1593 840 1643 id
885 1604 985 1655 est,
1033 1605 1224 1646 natura

153 1675 225 1716 est
278 1664 591 1716 substantia
634 1665 852 1730 divina3
906 1683 976 1717 ne
1018 1667 1226 1717 dicatur

154 1751 261 1787 esse
297 1752 424 1787 cum
457 1736 590 1797 De0,
631 1747 683 1786 et
722 1754 837 1787 non
863 1739 1024 1789 Deus·
1071 1737 1223 1788 Nihil

156 1807 291 1858 enim
337 1807 397 1857 in
437 1806 553 1857 Deo
598 1818 696 1867 est,
740 1810 886 1875 quod
928 1810 1073 1860 Deus
1113 1825 1225 1859 uon

158 1877 224 1928 sit
234 1894 250 1941 3
292 1878 420 1944 quia
475 1888 624 1927 totus
667 1878 811 1929 idem
850 1890 948 1941 est,
994 1890 1047 1930 et
1089 1881 1226 1931 sub-

158 1950 468 2001 stantialiter
532 1950 695 2001 idem.
756 1950 1019 2010 Quamvis
1098 1966 1227 2017 ergo

157 2021 382 2071 Verbum
412 2020 488 2070 sit
516 2021 661 2086 apud
690 2021 882 2082 Deum,
905 2038 1017 2072 non
1047 2033 1227 2073 tamen

157 2100 229 2141 nst
251 2091 465 2157 aliquid
507 2101 774 2142 extraneae
820 2102 1043 2153 naturae,
1088 2092 1228 2143 sicut

155 2171 224 2212 est
254 2162 486 2212 verbum
514 2171 793 2226 nostrum3
816 2162 906 2212 sed
924 2173 1005 2213 est
1024 2173 1228 2213 naturae

156 2232 361 2293 divinae,
382 2250 510 2300 quae
533 2233 886 2283 indivisibilis
917 2244 1015 2294 est,
1038 2244 1090 2284 et
1114 2250 1226 2284 non

157 2304 583 2370 multiplicabilis
619 2320 633 2353 :
675 2304 805 2370 quia
863 2306 1014 2355 nullo
1063 2304 1226 2355 modo

158 2385 320 2440 potest
350 2391 472 2425 esse
512 2374 619 2425 nisi
659 2390 768 2424 una
796 2385 848 2424 et
877 2374 1227 2440 simplicissi-

158 2461 251 2497 ma.
280 2447 355 2498 Et
383 2447 510 2496 ideo
537 2446 779 2496 Verbum
808 2455 861 2495 et
892 2446 1226 2513 Principium

156 2531 186 2567 a
217 2533 322 2583 quo
362 2527 466 2577 est,
520 2527 649 2567 sunt
700 2517 844 2566 idem
897 2518 1116 2582 penitus
1168 2519 1225 2569 in

158 2597 383 2652 natura3
453 2587 725 2654 quamviS,
770 2597 832 2637 ut
878 2587 1081 2637 dictum
1127 2598 1225 2650 est,

157 2659 558 2726 distinguantur
586 2659 644 2708 in
675 2674 921 2724 persona.
951 2659 1024 2710 Et
1053 2659 1131 2709 sic
1169 2661 1227 2710 in

155 2729 251 2780 ista
299 2731 566 2791 clausula,
623 2729 981 2795 implicantur
1037 2746 1227 2782 omnes

155 2808 251 2850 tres
278 2817 532 2866 personae
564 2817 577 2849 :
612 2800 763 2851 Pater
795 2800 853 2850 in
878 2801 982 2851 hoc
1007 2802 1230 2853 nomine

154 2870 304 2930 Deus,
333 2870 515 2920 Filius
546 2870 602 2921 in
631 2870 853 2921 nomine
881 2871 1065 2932 Verbi,
1098 2872 1230 2937 Spi-

153 2941 281 2994 ritus
308 2944 544 2993 Sanctus
570 2943 629 2992 in
659 2943 1041 3010 praepositione
1065 2943 1227 3010 apud.

211 3016 239 3067 5
276 3016 678 3068 Coa-:raamias
705 3017 899 3068 Parius
919 3033 987 3067 m·
1006 3018 1230 3068 Fan.—

160 3085 355 3146 Quarto
382 3086 618 3137 declarat
651 3086 823 3136 Patris
850 3097 903 3137 et
931 3086 1057 3136 Filii
1089 3102 1231 3138 coae-

158 3157 487 3216 uetustatem,
536 3156 722 3207 dicens
768 3174 783 3207 ε
836 3158 963 3209 Hoc
1010 3163 1129 3208 erat
1176 3157 1231 3208 in

155 3227 422 3294 principio
464 3228 615 3294 apud
640 3228 830 3288 Deum.
877 3229 993 3278 Hoc
1031 3226 1234 3280 scilicet

160 3299 399 3351 Verbum
441 3301 509 3351 de
541 3316 649 3366 quo
675 3302 886 3352 locutus
923 3301 1113 3362 fuerat,
1152 3312 1235 3352 est

161 3375 295 3440 apud
366 3374 552 3425 Deum
611 3375 820 3425 Patrem
883 3390 916 3425 a
964 3375 1232 3443 principio

164 3446 498 3508 aternitatis,
553 3446 610 3496 id
650 3457 748 3507 est,
792 3457 916 3499 ante
955 3449 1133 3500 secula
1181 3458 1235 3500 et

164 3520 501 3571 aeternaliter.
557 3520 724 3580 Quasi
756 3520 897 3572 dicat
927 3537 942 3571 t
982 3522 1098 3572 Hoc
1133 3521 1231 3573 Dei

166 3588 400 3642 Verbum
468 3607 754 3657 nunquam
808 3606 840 3641 a
895 3591 1008 3642 Deo
1080 3593 1231 3643 Patre

161 3660 337 3712 extitit
379 3672 687 3728 separatum
718 3680 732 3712 ε
771 3678 1052 3729 nunquam
1083 3663 1231 3715 enim

165 3731 314 3783 Pater
367 3733 491 3783 sine
546 3733 689 3785 Filio
742 3733 882 3794 fuit,

164 3802 276 3854 sine
304 3803 512 3866 Verbo,
544 3820 828 3872 nunquam
859 3805 977 3856 sine
996 3805 1228 3866 Virtute,

168 3894 455 3948 nunquam
508 3879 627 3932 sine
680 3880 954 3948 Sapientia
986 3896 1102 3935 esse
1141 3896 1231 3947 po-

949 3749 1231 3800 nunquam
1256 3737 1264 3750 ⁸

1329 384 1453 435 tuit.
1510 385 1720 436 Patrem
1760 386 1908 436 enim
1949 388 2216 448 dicimuS,
2266 391 2397 457 quia

1327 455 1531 506 Filium
1584 456 1776 517 habet,
1835 473 1958 508 cum
2013 459 2117 509 hoc
2176 460 2247 511 sit
2294 478 2394 528 pa-

1326 535 1465 576 trem
1544 541 1680 587 esse,
1740 529 1885 593 quod
1951 526 2127 579 filium
2178 531 2396 584 habere.

1326 597 1401 647 Et
1427 598 1556 663 quia
1581 598 1733 649 Pater
1756 599 1850 665 qui
1890 600 2131 651 Verbum
2168 603 2300 654 dicit
2343 614 2398 656 et

1326 667 1580 734 concipit,
1608 679 1689 719 est
1723 669 1791 720 ab
1827 680 2058 734 aeterno;
2102 687 2229 740 ergo
2256 675 2398 725 Ver-

1328 737 1462 788 bum
1490 739 1635 804 quod
1660 739 1836 806 gignit
1877 740 2123 801 dicend0,
2169 753 2232 793 ut
2271 760 2396 796 vere

1326 807 1536 859 dicatur
1573 810 1816 860 Verbum
1855 811 1914 861 in
1955 811 2238 878 principio,
2282 829 2398 865 non

1327 878 1589 944 temporis
1619 879 1687 929 de
1733 896 1844 946 quo
1890 881 2096 931 dictum
2141 891 2223 932 est
2269 900 2282 931 :
2326 884 2392 933 In

1317 950 1592 1018 principio
1615 954 1819 1004 creavit
1839 955 1988 1006 Deus
2015 956 2203 1007 coelum
2227 964 2277 1008 et
2298 964 2397 1008 ter-

1326 1039 1482 1086 ram,·
1510 1026 1602 1076 sed
1652 1026 1711 1077 in
1740 1027 2008 1094 principio
2061 1030 2396 1089 aeternitatis,

1326 1095 1394 1144 de
1420 1110 1531 1162 quo
1579 1097 1822 1148 dicitur:
1859 1099 2054 1150 Tecum
2071 1101 2399 1168 principium

1327 1166 1382 1216 in
1414 1166 1503 1217 die
1537 1167 1754 1219 virtutis
1794 1175 1914 1231 tuoe,
1944 1170 1998 1220 in
2025 1171 2398 1238 splendoribus

1329 1237 1688 1299 Sanctorum3
1717 1254 1791 1289 ex
1822 1247 1998 1301 uter-0,
2039 1241 2093 1291 id
2131 1252 2231 1301 est,
2262 1243 2400 1293 sub-

1328 1306 1527 1356 stantia
1555 1322 1692 1368 mea,
1714 1316 1840 1359 ante
1860 1310 2189 1375 Luciferum,
2217 1281 2272 1360 id
2297 1322 2395 1372 est,

1328 1389 1454 1430 ante
1505 1380 1698 1430 mundi
1738 1381 2080 1442 creationem,
2125 1384 2291 1448 genui
2328 1390 2395 1436 te.

1329 1448 1488 1500 Unde
1525 1450 1744 1515 quando
1781 1450 1978 1501 dicitur
2019 1469 2033 1500 :
2082 1453 2211 1517 Ego
2241 1453 2398 1506 hodie

1328 1519 1498 1586 genui
1522 1526 1588 1582 te,
1621 1519 1945 1587 intelligitur
1972 1521 2038 1571 de
2065 1521 2153 1571 die
2177 1523 2399 1575 aeterni-

1328 1591 1474 1652 tatis,
1507 1592 1601 1659 qui
1630 1609 1851 1644 omnem
1895 1593 2043 1643 diem
2080 1596 2397 1660 complecti-

1328 1673 1435 1712 tur.
1483 1662 1556 1713 Et
1609 1663 1689 1714 sic
1735 1662 1994 1730 accipitur
2053 1663 2144 1714 hic
2199 1681 2402 1717 nomen

1333 1731 1607 1799 principii,
1639 1734 1794 1785 aliter
1833 1749 1998 1800 quam
2027 1749 2189 1800 supra
2219 1751 2234 1784 ε
2271 1734 2401 1801 quia

1331 1805 1410 1855 ibi
1452 1806 1710 1871 accipitur
1773 1823 1870 1873 pro
1927 1817 2091 1874 patre,
2149 1806 2238 1857 hic
2294 1824 2391 1874 pro

1332 1877 1647 1928 aeternitate.
1678 1878 1920 1938 Qualiter
1939 1888 2129 1929 -autem
2158 1879 2400 1931 Verbum

1331 1944 1449 2012 ipse
1470 1946 1622 1996 Pater
1645 1947 1850 2014 genuit,
1866 1949 1995 2015 quia
2013 1948 2147 1998 solvi
2169 1964 2279 1999 non
2311 1965 2401 2015 po-

1332 2026 1454 2077 test,
1485 2018 1657 2084 quaeri
1682 2033 1792 2069 non
1822 2018 1994 2069 debet.
2028 2016 2223 2068 Divina
2251 2020 2401 2070 enim

1332 2093 1607 2158 generatio
1635 2103 1718 2144 est
1739 2094 1967 2144 omnino
1999 2094 2398 2156 inenarrabilis,

1331 2162 1400 2213 de
1439 2178 1547 2229 qua
1573 2163 1771 2214 dicitur
1802 2180 1817 2213 ε
1850 2164 2255 2215 Generationem
2285 2164 2401 2232 ejus

1330 2238 1453 2303 quis
1492 2239 1830 2290 enarrabit?
1882 2239 2022 2299 Quia
2061 2240 2160 2289 etsi
2201 2239 2399 2290 dicitur

1331 2307 1508 2358 Filius
1545 2323 1577 2358 a
1609 2309 1758 2358 Patre
1785 2309 2019 2374 genituS,
2048 2318 2228 2359 tamen
2256 2324 2396 2375 qua-

1329 2379 1471 2440 liter,
1491 2396 1587 2431 nec
1610 2380 1872 2446 propheta
1898 2381 2070 2442 novit,
2091 2397 2187 2431 nec
2215 2383 2401 2447 Ange-

1330 2451 1435 2501 lus·
1465 2450 1739 2502 Mox-aliter
1766 2452 2024 2503 docemur
2054 2469 2118 2503 ex
2145 2453 2398 2520 praemis·-

1331 2521 1428 2581 siS,
1458 2522 1605 2587 quod
1631 2523 1961 2591 principium
1991 2523 2172 2574 omnis
2200 2535 2401 2577 nostrae

1332 2592 1656 2645 intentionis
1698 2594 1856 2646 debet
1896 2611 2010 2645 esse
2054 2596 2199 2646 Deus
2226 2613 2244 2646 ε
2272 2595 2404 2661 quia

1332 2662 1388 2713 in
1406 2663 1680 2729 principio
1708 2671 1827 2715 erat
1871 2665 2095 2715 Verbum
2112 2681 2132 2726 ;
2167 2671 2220 2715 et
2250 2665 2401 2717 Deus

1331 2739 1455 2783 erat
1495 2732 1738 2785 Verbum.
1773 2736 1975 2785 Iterum
2000 2735 2044 2784 si
2073 2734 2157 2785 vis
2177 2734 2312 2785 scire
2337 2735 2406 2786 de

1333 2801 1490 2852 omni
1516 2802 1726 2853 actione
1747 2813 1841 2854 tua
1879 2803 2123 2854 interiori
2160 2812 2213 2853 et
2253 2813 2405 2854 exte-

1334 2873 1487 2935 riori,
1529 2885 1714 2926 utrum
1756 2876 1827 2926 sit
1866 2876 2066 2936 divina,
2122 2886 2174 2926 et
2215 2885 2401 2927 utrum

1333 2943 1481 2996 Deus
1524 2944 1698 3012 ipsam
1729 2957 1979 3012 operetur
2008 2947 2067 2996 in
2106 2957 2176 3006 te,
2222 2957 2273 2998 et
2311 2962 2407 3013 per

1334 3015 1518 3083 ipsum
1558 3017 1631 3067 sit
1658 3017 1810 3076 facta,
1833 3017 1954 3068 vide
1985 3018 2031 3068 si
2062 3017 2188 3068 finis
2216 3018 2403 3070 inten-

1336 3087 1507 3138 tionis
1547 3097 1655 3138 tuae
1689 3088 1763 3140 sit
1803 3089 1964 3138 Deus·
2012 3088 2170 3148 Quod
2213 3089 2259 3140 si
2311 3089 2404 3150 sit,

1337 3158 1414 3209 ita
1439 3158 1577 3210 actio
1607 3169 1699 3210 tua
1723 3170 1803 3211 est
1829 3159 2032 3219 divina,
2075 3159 2204 3226 quia
2245 3160 2404 3226 prin-

1337 3231 1543 3297 cipium
1576 3242 1630 3283 et
1654 3232 1781 3283 finis
1812 3233 1974 3293 idem,
2015 3233 2214 3284 scilicet
2240 3234 2405 3284 Deus.

1339 3303 1636 3369 Postquam
1660 3319 1786 3370 ergo
1808 3303 2145 3370 Evangelista
2167 3304 2407 3354 declara-

1337 3373 1418 3425 vit
1445 3373 1619 3441 ipsius
1647 3373 1810 3424 Verbi
1831 3389 1965 3434 esse,
1994 3390 2086 3424 seu
2117 3371 2357 3441 generari
2389 3387 2406 3421 ε

1337 3455 1734 3512 consequenter
1761 3445 1994 3496 declarat
2033 3461 2195 3496 suum
2228 3456 2401 3509 agere,

1337 3534 1435 3570 seu
1467 3518 1694 3587 operari.

1401 3591 1434 3644 6
1468 3591 1704 3643 Innnnsa
1729 3594 1928 3644 Parrus
1948 3609 2014 3643 ετ
2033 3593 2176 3642 Frmt
2202 3599 2407 3639 orm-

1336 3666 1738 3726 ‘rim-Quinto
1785 3668 2013 3718 declarat
2053 3662 2220 3715 Patris
2241 3672 2293 3712 et
2309 3662 2409 3715 Fi-

1335 3737 1398 3789 lii
1431 3737 1723 3789 indivisam
1754 3737 2119 3805 operationem
2138 3771 2153 3792 ,
2180 3732 2365 3786 dicens
2388 3750 2406 3786 ε

1338 3808 1532 3860 Omnia
1550 3809 1840 3875 peripsum
1847 3809 2007 3873 facta
2021 3810 2160 3866 sunt,
2178 3805 2400 3867 scilicet,

1336 3895 1693 3946 quaecumque
1717 3895 1747 3930 a
1788 3881 1937 3930 Patre
1972 3877 2106 3928 facta
2143 3887 2303 3944 sunt3
2355 3881 2408 3928 et
