2784 4452
274 260 280 267 ’
341 292 410 361 96
720 325 727 334 .
1002 290 1246 344 PmMAE
1277 289 1534 342 PART1s
1566 291 1803 345 CAPUT
1832 293 1897 343 x.

338 409 392 460 lo
432 409 614 459 datum
661 407 974 471 hominibuS,
1022 409 1075 459 in
1105 424 1207 475 quo
1235 422 1401 474 opor-

338 485 448 531 teat
475 494 573 530 nos
600 479 782 530 salvos
806 480 958 547 fieri.
1003 481 1210 531 Nomen
1256 479 1402 545 quod

334 552 633 603 secundum
662 552 1022 617 Ber-nardum,
1070 561 1148 603 est
1188 551 1293 601 mel
1347 549 1402 600 in

336 638 448 684 ore,
489 622 547 672 in
574 637 704 673 aure
741 623 930 687 melos,
961 622 1016 673 in
1057 624 1219 674 corde
1259 621 1404 688 jubi-

334 696 452 760 lus3
492 711 688 746 nomen
725 696 872 762 quod
912 696 1076 747 instar
1115 695 1220 747 olei
1260 696 1406 745 lucet

333 766 682 832 praedicatum
705 804 719 830 ,
788 766 954 831 pascit
1008 766 1360 834 recogitatum
1384 804 1401 830 ‚

334 836 468 886 lenit
496 844 550 886 et
575 834 730 900 ungit
752 834 1074 887 invocatum.
1116 836 1183 886 Et
1217 850 1405 887 secun-

248 933 251 950 ι
334 908 467 960 dum
516 907 738 957 Petrum
773 907 1139 958 Ravennatem
1177 923 1193 958 ε
1225 908 1401 957 ‹CI-loc

335 986 417 1026 est
492 990 686 1025 nomen
768 976 916 1041 quod
1009 976 1154 1028 dedit
1247 976 1402 1027 caecis

331 1044 541 1105 visum,
572 1053 623 1094 et
666 1045 844 1095 surdis
890 1045 1167 1107 auditum,
1196 1045 1402 1097 claudis

333 1129 604 1182 gressum,
648 1130 953 1167 sermonem
993 1116 1184 1180 mutis,
1233 1116 1399 1168 vitam

333 1186 588 1249 mortuiS,
630 1196 909 1255 totamque
947 1189 1144 1240 diaboli
1173 1197 1401 1256 potesta-

330 1267 440 1308 tem
482 1260 548 1309 de
589 1258 822 1310 obsessis
864 1261 1180 1327 corporibus
1228 1261 1401 1312 virtus

330 1328 494 1394 hujus
542 1330 778 1380 nominis
811 1330 1078 1397 effugavit.
1109 1350 1138 1380 n
1169 1331 1247 1381 De
1294 1331 1398 1381 hoc

329 1401 548 1451 nomine
586 1400 715 1451 dicit
752 1402 1041 1454 Anselmus
1093 1420 1112 1454 .·
1169 1421 1197 1450 «
1245 1403 1402 1453 Jesus

329 1481 411 1521 est
459 1486 657 1521 nomen
711 1472 887 1533 dulce,
931 1488 1127 1523 nomen
1167 1473 1401 1523 delecta-

329 1542 457 1603 bile,
487 1558 684 1594 nomen
716 1544 1020 1596 confortans
1046 1554 1397 1612 peccatorem,

329 1622 383 1663 et
421 1613 622 1663 nomen
662 1614 829 1666 beatae
869 1615 1010 1681 spei3
1053 1629 1178 1681 ergo
1197 1652 1213 1676 ,
1251 1616 1397 1677 Jesu,

328 1695 441 1736 esto
482 1686 620 1736 mihi
656 1686 829 1738 Jesus,
857 1706 886 1735 n
917 1688 1128 1738 Nomen
1154 1688 1281 1739 Jesu
1319 1697 1401 1739 est

326 1757 658 1819 virtuosum,
703 1758 848 1824 juxta
899 1758 1033 1809 illud
1079 1760 1321 1825 Apostoli
1381 1777 1397 1811 :

327 1828 514 1878 Abluti
591 1828 724 1879 estis
750 1866 771 1891 ,
847 1828 1174 1895 sanctificati
1236 1830 1396 1893 estiS,

315 1899 610 1967 ⁸iustificati
646 1900 777 1950 estis
823 1901 877 1951 in
926 1901 1135 1952 nomine
1178 1902 1401 1953 Domini

328 1971 504 2021 nostri
553 1971 689 2023 Jesu
747 1972 973 2023 Christi.
1020 1973 1193 2023 Habet
1253 1974 1398 2023 enim

328 2056 532 2092 nomen
586 2043 716 2094 Jesu
776 2042 1033 2093 virtutem
1087 2043 1396 2105 ablutivam,

332 2114 512 2179 quoad
552 2114 752 2180 peccati
791 2114 1054 2165 maculam
1073 2129 1090 2178 ;
1141 2114 1397 2165 virtutem

330 2184 785 2247 sanctificativam,
827 2186 1004 2252 quoad
1046 2185 1294 2253 culpam3
1346 2194 1400 2237 et

331 2256 589 2309 virtutem
614 2256 1034 2323 justificativam,
1064 2260 1244 2326 quoad
1278 2274 1398 2310 rea-

326 2340 465 2381 tum.
506 2330 646 2381 Cum
680 2329 844 2397 igitur
882 2331 985 2382 tria
1026 2342 1153 2383 sunt
1187 2331 1243 2382 in
1270 2347 1399 2397 pec-

327 2411 463 2465 cato,
495 2401 697 2451 scilicet
738 2402 964 2466 macula,
993 2403 1153 2469 culpa
1201 2411 1253 2453 et
1281 2417 1399 2452 rea-

329 2480 436 2534 tus,
471 2480 616 2535 patet
657 2470 805 2536 quod
856 2471 1035 2537 quoad
1072 2471 1254 2522 omnia
1296 2471 1400 2523 ista

327 2554 609 2612 peccatum
644 2545 934 2595 remittitur
963 2561 1059 2612 per
1095 2561 1293 2596 nomen
1320 2547 1400 2598 Je-

298 2634 304 2638 ·
327 2632 412 2668 su.
448 2616 603 2666 Unde
630 2615 763 2665 dicit
787 2617 1015 2667 ,Ioannes
1044 2632 1058 2666 t
1091 2618 1397 2669 Remittun-

329 2693 419 2738 tur
461 2687 613 2737 vobis
657 2692 900 2752 peccata,
941 2693 1168 2754 propter
1211 2703 1397 2739 nomen

329 2759 462 2827 ejuS.
518 2758 575 2807 In
628 2758 732 2808 hoc
781 2756 999 2808 nomine
1057 2773 1208 2810 omne
1252 2773 1398 2826 genu

324 2828 592 2895 flectitur,
623 2828 935 2890 coelestium,
967 2829 1302 2879 terrestrium
1348 2835 1400 2879 et

329 2902 684 2968 infernorum.
746 2903 863 2953 Hoc
919 2918 1119 2953 nomen
1177 2903 1397 2953 Domini

328 2973 642 3040 quicumque
678 2973 1021 3037 invocaverit,
1052 2974 1238 3026 salvus
1274 2975 1395 3026 erit.

327 3045 410 3096 De
455 3044 565 3095 hoc
605 3054 826 3116 quoque
874 3045 1093 3095 nomine
1138 3045 1252 3112 ipse
1292 3045 1401 3096 Do-

327 3114 517 3167 minus
560 3115 634 3165 ait
663 3130 678 3164 2
713 3115 1090 3182 Quodcumque
1126 3115 1399 3183 petieritis

326 3186 552 3239 Patrem
600 3183 656 3235 in
697 3185 906 3236 nomine
933 3200 1066 3249 meo,
1114 3186 1265 3236 dabit
1301 3199 1401 3236 νο-

328 3257 430 3308 bis.
466 3258 584 3307 Hoc
617 3255 784 3322 igitur
813 3255 1033 3307 nomine
1060 3256 1118 3307 in
1145 3256 1401 3307 omnibus

325 3328 663 3380 orationibus
715 3327 797 3378 uti
851 3327 1130 3389 debemuS,
1186 3343 1247 3378 ac
1301 3342 1399 3393 pe-

325 3399 547 3451 titiones
573 3399 630 3449 in
665 3397 890 3450 nomine
918 3397 1120 3449 Christi
1147 3398 1398 3460 formare,

331 3482 386 3523 et
425 3482 645 3539 propter
683 3471 789 3522 hoc
832 3470 1098 3521 orationes
1139 3470 1398 3521 Ecclesiae

326 3545 386 3597 in
441 3545 551 3597 fine
595 3546 894 3597 formantur
939 3543 997 3595 in
1038 3544 1160 3595 Jesu
1194 3543 1399 3595 Christi

326 3616 546 3669 nomine
567 3655 581 3678 ,
630 3615 858 3666 dicendo
900 3631 915 3666 ε
966 3615 1080 3666 Per
1123 3614 1398 3666 Christum

325 3686 615 3738 Dominum
657 3691 914 3749 nostrum,
961 3686 1049 3737 vel
1075 3684 1278 3753 aliquid
1328 3683 1402 3735 si-

328 3758 478 3823 mile.
518 3762 578 3811 In
608 3761 714 3811 hoc
742 3759 962 3811 nomine
989 3758 1081 3810 ille
1108 3775 1218 3810 non
1249 3757 1398 3825 petit,

325 3829 425 3896 qui
475 3842 656 3884 contra
709 3832 811 3884 Dei
867 3832 1296 3900 dispositionem,
1345 3840 1400 3882 et

327 3910 512 3955 contra
556 3919 712 3957 suam
757 3906 843 3958 vel
895 3905 1127 3958 aliorum
1169 3904 1397 3958 salutem

1507 407 1669 473 petit;
1718 405 1829 458 imo
1881 422 2009 459 vero
2048 408 2143 475 qui
2192 408 2366 458 taliter
2420 409 2573 474 petit,

1507 488 1693 530 contra
1733 480 1838 530 hoc
1874 494 2072 530 nomen
2100 495 2226 529 eum
2262 488 2441 544 petere
2466 480 2573 529 du-

1508 549 1662 599 bium
1714 566 1826 618 non
1867 560 1963 602 est.
2009 551 2148 602 Vere
2188 566 2313 616 ergo
2353 559 2405 601 et
2443 566 2572 616 pro-

1512 621 1628 688 prie
1656 623 1833 674 dictus
1868 634 1947 675 est
1984 625 2154 685 JesuS,
2192 624 2320 691 quia
2358 624 2572 676 nonnisi

1512 692 1568 742 in
1615 693 1721 745 hoc
1764 695 1882 746 solo
1926 696 2153 746 nomine
2194 697 2424 747 salutem
2470 696 2573 745 ob-

1506 764 1676 816 tinere
1714 781 2021 832 possumus.
2067 768 2220 819 Unde
2251 767 2318 816 de
2356 781 2415 818 se
2450 767 2571 833 ipso

1506 845 1636 897 dicit
1665 862 1680 896 =
1708 846 1839 913 Ego
1866 862 1983 898 sum
2013 866 2051 904 α
2079 854 2132 899 et
2159 864 2229 920 m,
2242 848 2571 915 principium

1505 935 1557 980 et
1591 927 1750 994 finis.
1800 927 1943 989 Quia
1994 927 2134 978 sicut
2189 941 2284 993 per
2330 928 2570 978 Verbum

1508 1002 1831 1054 aeternaliter
1868 1001 2072 1051 dictum
2128 1000 2314 1051 omnia
2363 1001 2571 1066 produ-

1507 1088 1719 1143 cuntur,
1747 1076 1826 1128 sic
1862 1091 1957 1142 per
1983 1074 2224 1126 Verbum
2252 1074 2400 1125 carni
2442 1075 2572 1125 uni-

1510 1162 1628 1202 tum
1684 1159 2023 1217 reparantur,
2082 1151 2465 1215 promoventur
2520 1158 2573 1199 et

1509 1222 1788 1273 finiuntur.

1571 1305 1600 1356 3
1678 1306 1967 1355 Sucunnuu
2035 1317 2337 1353 mrsu-,mun
2404 1316 2571 1354 nurus

1508 1395 1616 1431 mm
1642 1394 1658 1430 z
1685 1394 1848 1429 ruma
1875 1392 2153 1429 sauomms
2171 1376 2396 1427 Cmusrt
2414 1391 2571 1425 Erro-

1506 1469 1605 1503 sto.
1633 1481 1695 1491 —
1726 1451 2065 1510 Secundum,
2109 1449 2255 1515 quod
2293 1448 2456 1497 hodie
2499 1448 2576 1499 fa-·

1504 1532 1652 1574 ctum
1676 1532 1773 1586 est,
1795 1521 1922 1588 quia
1948 1521 2107 1587 coepit
2123 1518 2289 1569 hodie
2303 1518 2572 1570 Dominus

1503 1594 1659 1644 Jesus
1705 1608 1869 1644 suum
1904 1589 2324 1642 sacratissimum
2351 1590 2571 1656 sangui-

1505 1679 1628 1714 nem
1655 1679 1754 1730 pro
1785 1661 1944 1713 nobis
1976 1662 2218 1725 fundere,
2247 1676 2371 1711 cum
2400 1660 2572 1727 ipsius

1504 1753 1625 1787 caro
1680 1736 1896 1787 cultello
1963 1734 2285 1790 incideretur
2339 1733 2567 1799 lapide0.

1508 1808 1847 1875 Tempestive
1878 1807 2037 1874 coepit
2059 1806 2167 1874 pati
2197 1822 2294 1873 pro
2322 1806 2499 1866 nobis,
2519 1816 2572 1858 et

1503 1881 1597 1947 qui
1620 1890 1895 1947 peccatum
1924 1895 2033 1928 non
2058 1877 2201 1942 fecit,
2223 1893 2433 1943 poenam
2458 1877 2571 1927 ho-

1502 1954 1593 2005 die
1663 1963 1874 2020 portare
1927 1950 2126 2017 incepit
2194 1966 2291 2016 pro
2344 1950 2573 2017 peccatis

1504 2027 1719 2079 nostris,
1764 2026 1887 2077 Non
1912 2025 2093 2076 solum
2134 2023 2282 2074 enim
2314 2023 2368 2073 in
2396 2022 2569 2087 virili,

1502 2098 1596 2150 sed
1651 2097 1813 2149 etiam
1847 2096 1916 2147 ¹in
1963 2094 2195 2146 infantili
2257 2102 2408 2144 aetate
2458 2108 2572 2144 san·

1508 2169 1727 2238 guinem
1755 2183 1918 2219 suum
1949 2181 2044 2233 pro
2071 2165 2227 2215 nobis
2254 2163 2426 2214 voluit
2455 2162 2571 2213 fun-

1504 2242 1648 2291 dere.
1681 2238 1912 2290 Ploravit
1936 2246 2113 2288 autem
2141 2251 2273 2303 puer
2299 2235 2322 2285 J
2331 2249 2450 2284 esus
2476 2233 2572 2285 ho-

1510 2312 1615 2373 die,
1631 2319 1848 2376 propter
1874 2308 2115 2358 dolorem
2143 2321 2306 2372 quem
2327 2305 2384 2354 in
2411 2319 2571 2355 carne

1507 2384 1701 2447 sensit5
1736 2398 1861 2433 nam
1896 2396 2078 2432 veram
2110 2394 2325 2430 carnem
2362 2388 2413 2429 et
2441 2393 2570 2445 pas-

1508 2455 1755 2518 sibilem,
1795 2453 1935 2505 sicut
1971 2451 2131 2503 ceteri
2174 2449 2423 2500 homines
2464 2449 2569 2500 ha-

1507 2527 1641 2578 buit.
1658 2525 1764 2576 Sed
1788 2540 1852 2576 eo
1870 2524 2130 2590 plorante,
2151 2521 2394 2572 credisne
2419 2522 2570 2588 quod

1509 2608 1681 2650 mater
1706 2596 1941 2664 potuerit
1965 2597 2227 2661 lacrymas
2259 2590 2573 2643 continere?

1510 2669 1743 2722 Ploravit
1781 2683 1936 2735 erg0,
1976 2676 2029 2719 et
2073 2667 2204 2733 ipsa.
2253 2666 2573 2730 Compatere

1505 2753 1559 2794 et
1598 2752 1659 2794 tu
1689 2740 1813 2805 sibi,
1842 2749 1896 2790 et
1934 2739 2084 2805 plora
2124 2737 2284 2789 etiam
2321 2751 2447 2786 cum
2484 2749 2571 2799 e0‚

1512 2815 1641 2882 quia
1697 2813 1863 2864 hodie
1914 2811 2029 2877 ipse
2078 2810 2285 2861 fortiter
2323 2806 2571 2873 ploravit.

1511 2887 1651 2936 Nam
1697 2884 1753 2935 in
1795 2881 2224 2936 solemnitatibus
2263 2878 2378 2929 istis
2418 2878 2572 2928 mul-

1508 2967 1629 3008 tum
1663 2957 1894 3023 gaudere
1919 2954 2179 3004 debemus
2188 2989 2204 3016 ,
2235 2959 2452 3016 propter
2478 2964 2569 2999 sa-

1505 3030 1675 3079 lutem
1713 3037 1948 3079 nostram
1985 3039 2150 3092 quam
2178 3020 2448 3088 quaesivit3
2473 3020 2568 3070 sed

1505 3103 1741 3154 multum
1776 3098 2007 3166 compati
2036 3107 2089 3148 et
2115 3096 2312 3160 dolere,
2355 3101 2571 3160 propter

1502 3191 1628 3228 suas
1654 3174 1945 3242 angustiaS‚
1970 3186 2105 3239 quas
2132 3186 2229 3236 pro
2257 3167 2415 3218 nobis
2440 3181 2569 3217 sua-

1504 3246 1687 3298 tinuit.
1724 3245 1955 3296 Multum
2002 3242 2163 3293 etiam
2215 3255 2280 3290 ex
2317 3239 2422 3289 hoc
2470 3237 2570 3288 ad-

1507 3317 1690 3371 mirari
1712 3319 1970 3369 debemus
1997 3317 2062 3366 ad
2090 3313 2425 3366 tolerandum
2448 3325 2571 3377 poe-

1511 3408 1608 3444 nas
1664 3407 1761 3458 pro
1820 3389 2048 3458 peccatis
2104 3386 2333 3455 propriis
2357 3425 2371 3445 ,
2440 3398 2567 3435 cum

1509 3466 1784 3519 cernimus
1845 3464 2026 3531 ipsum
2088 3469 2262 3512 tantas
2311 3459 2588 3509 tolerasse.

1501 3556 1601 3608 pro
1644 3538 1852 3591 alienis.
1897 3537 2053 3590 Unde
2092 3534 2166 3585 ait
2206 3531 2523 3584 Bernardus
2547 3546 2570 3581 .-

1509 3630 1541 3663 «
1598 3610 1738 3672 Quis
1804 3625 1914 3660 non
1984 3606 2259 3658 erubescat
2327 3602 2571 3669 refugere

1503 3682 1675 3734 multo
1732 3681 1968 3733 minores
2029 3693 2212 3745 poenas
2271 3692 2369 3743 pro
2436 3684 2578 3738 pec·

1507 3756 1638 3809 catis
1680 3754 1797 3808 suis
1817 3792 1831 3819 ,
1883 3768 2010 3805 cum
2036 3749 2243 3803 noverit
2286 3748 2564 3799 Christum

1505 3838 1652 3881 tanta
1678 3825 1979 3894 pertulisse,
2008 3839 2116 3873 non
2154 3837 2251 3888 pro
2290 3819 2424 3878 suiS,
2466 3814 2561 3868 sed

1505 3897 1723 3954 alienis?
1772 3916 1802 3948 n
1852 3895 1925 3950 Et
1964 3893 2239 3948 sciendum
2283 3888 2430 3958 quod
2467 3899 2562 3940 sex
