2784 4452
312 296 416 350 ¹94

302 393 544 460 corporis
587 401 640 443 et
674 393 890 452 animae,
928 401 982 441 et
1020 407 1214 457 corpus
1242 389 1372 456 qui-

299 465 425 515 dem
492 464 789 515 secundum
853 471 1100 513 naturam
1167 462 1373 512 lavatur

298 550 458 602 aqua,
487 535 671 585 anima
696 549 822 585 vero
852 550 965 584 non
993 531 1101 583 nisi
1129 532 1335 598 Spiritu
1351 548 1371 596 ;

297 609 445 660 unde
489 615 544 657 et
576 620 682 672 ego
721 605 936 671 baptizo
977 605 1030 655 in
1063 618 1204 670 aqua
1244 615 1371 655 tan-

296 690 440 742 tum,
472 680 532 731 in
575 679 969 761 poenitentiam,
1000 678 1057 729 id
1086 688 1170 730 est
1206 679 1263 728 in
1280 678 1371 730 si-

299 766 471 818 gnum
486 749 813 816 poenitentiae
833 749 1114 815 purgantis
1131 749 1363 800 animas·
1350 787 1370 813 ,

299 835 522 887 corpore
558 821 676 870 lavo
718 835 933 885 corpus,
973 829 1027 869 et
1058 817 1370 871 institutum

299 889 605 958 baptizandi
634 905 817 950 usum,
847 905 1042 955 parans
1069 889 1216 941 viam
1251 889 1371 943 for-

299 963 427 1017 tiori
470 979 576 1023 me,
620 964 789 1013 donec
832 962 1009 1014 veniat
1052 963 1150 1030 qui
1196 963 1370 1014 abluit

297 1036 508 1089 animas
538 1050 631 1101 per
658 1033 940 1100 Spiritum.
966 1035 1124 1086 Unde
1148 1036 1372 1087 Ambro-

299 1112 417 1163 sius
444 1127 464 1161 ε
496 1126 524 1156 α
564 1108 713 1173 Ege,
743 1107 944 1175 inquit,
965 1123 1064 1159 vos
1089 1122 1233 1174 aqua
1267 1108 1370 1159 ba-

290 1181 463 1247 ptizo.
518 1178 643 1229 Cito
695 1178 943 1244 probavit
987 1193 1045 1229 se
1090 1194 1204 1228 non
1252 1193 1369 1229 esse

301 1251 624 1312 Christum,
691 1250 788 1312 qui
853 1249 1123 1302 invisibili
1174 1266 1367 1318 opete-

276 1333 391 1388 ‚tur
463 1321 660 1373 officio,
711 1323 850 1372 Nam
900 1339 1026 1373 cum
1097 1337 1164 1373 ex
1227 1323 1369 1373 dua-

298 1397 403 1448 bus
450 1395 659 1446 naturis
731 1395 931 1457 homo,
1011 1395 1068 1444 id
1133 1404 1246 1458 est,
1302 1410 1367 1445 ex

297 1467 478 1519 anima
504 1467 763 1517 subsistat
795 1477 847 1517 et
888 1480 1126 1532 corpore,
1154 1466 1368 1518 visibile

297 1538 621 1605 mysterium
677 1554 772 1605 per
807 1538 1047 1588 visibilia
1088 1554 1367 1589 consecra-

296 1621 405 1673 tur,
428 1611 704 1662 invisibile
733 1627 827 1677 per
851 1610 1152 1662 invisibilia
1183 1628 1198 1661 ε
1228 1628 1367 1678 aqua

295 1685 445 1741 enim
477 1699 674 1749 corpus
715 1683 972 1746 abluitur,
997 1682 1204 1748 Spiritu
1240 1683 1369 1733 ani-

296 1770 402 1806 mae
460 1753 654 1804 delicta
714 1752 1079 1814 mundantur,
1135 1762 1189 1803 et
1245 1753 1369 1804 ideo

274 1822 445 1875 'aliud
507 1822 612 1873 fuit
678 1821 945 1888 baptisma
1000 1821 1326 1886 poenitentiae
1347 1860 1367 1883 ,

299 1895 449 1946 aliud
487 1903 568 1945 est
597 1893 872 1959 Baptisma
922 1891 1105 1959 gratiae
1157 1909 1172 1943 ε
1220 1892 1365 1943 istud

299 1980 365 2016 ex
386 1974 636 2032 utroque,
665 1963 799 2014 illud
828 1978 894 2013 ex
922 1978 1054 2013 uno·
1079 1963 1218 2012 Nam
1242 1979 1365 2013 cum

299 2035 494 2087 delicta
539 2033 848 2084 communia
897 2033 1009 2084 sint
1064 2033 1263 2083 mentis
1314 2042 1366 2083 et

298 2106 562 2172 corporis,
596 2103 895 2172 purificatio
929 2119 1147 2171 quoque
1179 2103 1369 2156 debuit

296 2192 413 2229 esse
453 2176 780 2228 communis,
826 2176 893 2228 Et
923 2176 1060 2225 bene
1100 2190 1212 2225 non
1240 2191 1365 2225 ver—

297 2247 403 2307 bo,
443 2248 536 2297 sed
573 2262 735 2313 opere
777 2246 1062 2298 declaravit
1098 2262 1209 2296 non
1250 2261 1368 2297 esse

299 2336 358 2372 se
404 2321 718 2384 Christum;
756 2336 894 2385 opus
933 2320 1082 2370 enim
1122 2319 1367 2370 hominis

297 2400 379 2441 est
406 2406 588 2456 gerere
618 2390 989 2456 poenitentiam
1025 2390 1365 2450 delictorum,

295 2462 395 2513 Dei
447 2477 646 2512 munus
709 2472 790 2513 est
852 2463 1077 2528 gratiam
1140 2462 1368 2529 implere

296 2532 541 2598 mysterii
572 2548 587 2581 ε
618 2552 646 2579 n
687 2532 805 2582 haec
827 2532 1167 2583 Ambrosius,
1198 2534 1367 2584 Joan-

297 2603 385 2654 nis
415 2618 543 2669 ergo
576 2604 880 2669 baptismus
918 2604 1112 2654 umbra
1138 2614 1193 2654 et
1219 2603 1366 2671 figu—

294 2690 355 2727 ra
381 2685 490 2725 erat
529 2675 770 2726 melioris
798 2674 1058 2741 Baptismi
1078 2713 1095 2736 ,
1125 2674 1255 2740 quia
1286 2675 1367 2725 si-

295 2744 569 2812 gnificatio
633 2755 685 2797 et
740 2745 1058 2812 praeparatio
1115 2746 1365 2811 quaedam

294 2825 407 2867 erat
439 2816 626 2867 futuri.
666 2817 889 2883 Propter
916 2816 1083 2882 quod,
1119 2826 1180 2865 ut
1208 2816 1369 2866 habe-

297 2897 386 2939 tur
441 2888 501 2938 in
558 2890 819 2953 Actibu8‚
877 2889 1052 2940 forma
1108 2888 1365 2954 baptismi

296 2958 521 3010 Joannis
582 2968 693 3008 erat
746 2959 806 3010 in
858 2960 1082 3024 nomine
1133 2959 1364 3010 venturi.

296 3027 409 3083 Nec
498 3028 799 3094 putandum
865 3040 946 3081 est
1032 3028 1366 3094 baptismum

295 3098 521 3150 ,Ioannis
563 3113 755 3163 parum
799 3100 1069 3166 profuisse
1115 3100 1367 3152 homini-

297 3167 418 3229 bus,
477 3168 607 3234 quia
644 3169 743 3221 etsi
786 3180 993 3236 peccata
1031 3186 1144 3222 non
1172 3170 1371 3223 dimit-

296 3242 442 3292 tebat
461 3280 476 3306 ,
498 3251 501 3254 “
527 3256 715 3293 omnes
780 3253 961 3294 tamen
1013 3244 1109 3309 qui
1157 3244 1227 3295 ab
1271 3243 1367 3294 illo

299 3312 726 3378 baptizabantur,
765 3314 869 3365 sub
899 3314 1102 3379 peccati
1148 3314 1366 3366 vinculo

297 3383 616 3435 constrictos
658 3400 775 3436 esse
817 3385 1079 3436 sentiebat
1112 3401 1129 3436 :
1167 3395 1219 3437 et
1246 3386 1369 3437 ideo

298 3454 715 3522 Redemptorem
758 3465 811 3507 et
847 3457 1239 3519 mundatorem,
1269 3457 1367 3527 qui

295 3536 507 3591 peccata
549 3528 822 3579 dimittere
864 3538 1061 3594 posset,
1103 3544 1228 3581 mox
1267 3529 1364 3580 ubi

296 3598 646 3662 apparuisset,
674 3614 912 3665 quoerere
941 3614 1154 3650 necesse
1195 3599 1366 3651 habe-

296 3665 443 3718 bant.
477 3669 631 3719 Unde
671 3670 1011 3735 baptizabat
999 3687 1055 3724 m
1097 3669 1368 3735 poeniten-

296 3737 447 3798 tiam,
480 3740 534 3790 id
563 3750 660 3802 est,
689 3743 757 3792 ad
797 3743 903 3793 hoc
930 3751 990 3793 ut
1019 3753 1238 3809 agerent
1263 3758 1369 3809 poe

298 3808 615 3876 nitentiam;
660 3822 720 3864 ut
765 3814 905 3865 sicut
945 3815 1062 3898 ipse
1101 3830 1193 3865 eos
1230 3829 1369 3881 aqua

296 3878 504 3934 lavabat
550 3885 805 3949 exteriuS,
843 3887 919 3940 ita
954 3887 1058 3955 ipsi
1102 3902 1160 3940 se
1187 3886 1368 3953 poe-ni-

959 275 1202 327 PRIMAE
1229 271 1481 328 PARTIS
1505 271 1744 327 CAPUT
1769 273 1907 324 XIX.

1479 389 1646 440 tentia
1693 389 1933 439 lavarent
1992 387 2234 453 interium,
2286 399 2364 449 ut,
2408 405 2537 443 mox

1478 460 1695 511 Christo
1738 459 2004 519 veniente,
2035 460 2200 524 parati
2246 470 2424 511 essent
2473 463 2540 513 ad

1476 534 1594 598 ejus
1670 531 2008 598 Baptismum
2087 533 2490 599 suscipiendum
2520 551 2537 598 ;

1476 605 1605 673 quia
1633 621 1771 673 quos
1797 605 2099 672 baptizavit,
2130 607 2378 672 baptizati
2407 617 2537 660 sunt

1478 677 1698 729 iterum.
1770 677 2079 743 Baptismus
2139 678 2290 729 enim
2358 678 2535 743 ipsius

1477 760 1589 803 erat
1634 751 1878 818 quaedam
1932 752 2244 818 protestatio
2288 753 2538 805 credendi

1476 822 1535 873 in
1564 823 1846 874 Christum
1886 832 2191 884 venturum,
2220 833 2273 874 et
2299 823 2540 877 facienda

1475 907 1635 959 opera
1656 892 2003 959 poenitentiae,
2031 902 2091 944 ut
2126 894 2371 944 devotius
2398 894 2542 947 reci-

1475 971 1663 1031 pere'nt
1733 965 1937 1030 ipsum.
2008 965 2172 1019 Utilis
2233 981 2359 1032 ergo
2423 976 2537 1019 erat

1475 1037 1775 1105 baptismus
1808 1037 2051 1098 Joannis,
2090 1049 2307 1104 propter
2347 1054 2540 1091 assue—

1473 1108 1761 1160 factionem
1807 1110 1877 1159 ad
1917 1108 2119 1161 Christi
2161 1109 2499 1174 Baptismum
2518 1148 2537 1171 ,

1474 1188 1526 1230 et
1549 1188 1766 1245 propter
1781 1178 1905 1231 vizae
1925 1178 2385 1243 emendationem3
2407 1179 2539 1246 quia

1473 1249 1879 1316 baptizabantur
1956 1249 2267 1303 confitentes
2332 1260 2540 1316 peccata

1473 1335 1589 1382 sua,
1614 1329 1666 1371 et
1686 1328 1904 1386 propter
1926 1319 2132 1375 Christi
2155 1319 2535 1375 manifestatio·

1471 1408 1618 1445 nem.

1541 1481 1605 1515 10
1639 1466 1954 1517 Pansam-ru
1987 1464 2211 1517 Cuius-rt
2242 1481 2451 1518 mizon.
2479 1495 2543 1509 -

1473 1535 1630 1587 Unde
1651 1545 1704 1586 et
1731 1535 1982 1587 subditur
2009 1552 2025 1586 ι
2053 1535 2275 1587 Medius
2301 1543 2538 1588 vestrum
2599 1530 2603 1537 ’

1472 1609 1634 1671 stetit,
1664 1608 1721 1659 id
1751 1617 1854 1669 est,
1881 1623 2115 1675 praesens
2155 1619 2237 1660 est
2264 1610 2403 1660 inter
2437 1626 2540 1662 vos

1470 1695 1635 1746 quem
1682 1646 1947 1760 praedicO,
1998 1680 2093 1746 qui
2143 1691 2224 1731 est
2272 1681 2537 1731 Mediator

1470 1749 1567 1800 Dei
1590 1760 1642 1800 et
1669 1749 1977 1812 Ιιοιιιὶιιιιιιι,
1999 1765 2149 1816 quem
2172 1765 2268 1802 vos
2295 1752 2536 1813 nescitiS,

1469 1835 1567 1870 nec
1590 1819 1944 1886 cognoscitis3
1976 1829 2029 1869 et
2054 1821 2122 1870 ad
2150 1820 2305 1871 illum
2333 1837 2540 1887 cogno-

1471 1891 1732 1941 scendum
1770 1905 1874 1956 ego
1917 1904 2014 1940 vos
2060 1906 2318 1957 praeparo,
2350 1891 2535 1957 bapti-

1468 1961 1640 2015 zaudo
1686 1961 1743 2012 in
1786 1975 1942 2026 aqua.
1984 1960 2088 2012 Ista
2127 1963 2289 2013 verba
2333 1962 2533 2028 exponi

1470 2041 1699 2098 possunt
1727 2048 1745 2083 z
1772 2046 1886 2082 uno
1913 2031 2076 2082 modo
2113 2033 2411 2085 secundum
2438 2034 2540 2085 hu-

1470 2102 1782 2154 manitatem
1801 2099 2025 2160 Christi,
2047 2104 2343 2157 secundum
2365 2118 2534 2169 quam.

1470 2174 1537 2224 ad
1564 2173 1799 2225 litteram
1837 2170 2088 2224 Christus
2127 2172 2230 2225 fuit
2258 2175 2317 2225 in
2349 2174 2531 2228 medio

1468 2246 1797 2307 Judaeorum,
1819 2247 1947 2312 quia
1965 2250 2104 2301 inter
2115 2247 2367 2302 homines
2382 2263 2528 2300 com-

1472 2317 1710 2368 muniter
1728 2328 1809 2369 est
1831 2331 2187 2381 conversatuS,
2209 2318 2362 2386 quasi
2389 2333 2538 2372 unus

1427 2435 1430 2436 γ
1472 2405 1537 2440 ex
1560 2389 1658 2451 εἰς,
1687 2398 1739 2440 et
1767 2405 1880 2441 non
1907 2402 2273 2459 cognoverunt
2304 2406 2538 2458 praesen-

1469 2472 1610 2527 tem,
1653 2478 1824 2529 quem
1873 2465 2212 2516 crediderunt
2254 2464 2531 2525 futurum;

1472 2535 1577 2589 alio
1621 2540 1786 2589 modo
1827 2549 2169 2605 exponuntur
2211 2539 2277 2588 de
2313 2538 2534 2588 Christo

1472 2608 1772 2659 secundum
1825 2611 2191 2669 divinitatem,
2233 2610 2535 2659 secundum

1472 2694 1637 2745 quam
1666 2681 1869 2747 ubique
1910 2696 2145 2747 praesens
2174 2689 2271 2740 est,
2301 2690 2354 2730 et
2387 2679 2533 2732 invi-

1471 2748 1668 2801 sibilis.
1713 2751 1780 2801 Et
1821 2753 2121 2802 secundum
2170 2751 2274 2801 hoc
2318 2749 2535 2800 medius

1471 2829 1551 2870 est
1596 2820 1854 2872 omnibus
1896 2823 2058 2873 rebus
2097 2821 2302 2880 creatiS‚
2348 2830 2402 2871 et
2443 2829 2535 2869 ta—

1471 2906 1598 2942 men
1648 2907 1807 2944 nemo
1854 2894 1953 2944 scit
1996 2909 2152 2953 eum,
2194 2891 2323 2959 quia
2370 2906 2536 2941 nemo

1471 2964 1897 3029 comprehendit.
1926 2964 2028 3015 Hic
2059 2973 2184 3014 nota
2205 2962 2352 3028 quod
2376 2961 2536 3013 Chri-

1471 3044 1586 3085 stus
1628 3051 1769 3102 saepe
1821 3035 2019 3101 legitur
2054 3035 2234 3086 locum
2292 3033 2536 3084 medium

1469 3105 1768 3171 specialiter
1819 3106 2047 3172 eligere3
2100 3105 2229 3172 quia
2290 3103 2534 3155 medium

1471 3188 1551 3228 est
1570 3178 1717 3228 locus
1737 3177 2081 3238 humilitatiS,
2106 3177 2250 3228 unde
2272 3176 2387 3242 ipse
2407 3174 2484 3225 ait
2505 3191 2534 3226 ·:

1471 3247 1603 3314 Ego
1630 3253 1805 3298 autem
1837 3248 1893 3297 in
1921 3248 2093 3298 medio
2120 3254 2354 3298 vestrum
2386 3259 2528 3305 sum,

1471 3316 1612 3368 sicut
1644 3318 1747 3399 qui·
1769 3318 2057 3369 ministrat.
2089 3318 2222 3367 Item
2260 3326 2341 3367 est
2380 3315 2536 3364 locus

1472 3388 1906 3452 communitatis3
1939 3387 2068 3455 quia
2095 3385 2437 3438 uniformiter
2474 3400 2535 3435 se

1472 3459 1634 3511 habet
1655 3459 1721 3509 ad
1745 3475 1954 3519 omnes,
1980 3469 2042 3509 ut
2067 3466 2309 3509 centrum
2338 3456 2403 3506 ad
2436 3454 2536 3504 cir-

1471 3530 1910 3594 cumferentiam3
1937 3530 2079 3580 unde
2095 3530 2324 3580 Petrus:
2354 3524 2438 3578 In
2448 3538 2529 3576 ve—

1471 3600 1637 3651 ritate
1661 3601 1914 3667 comperi,
1948 3600 2076 3667 quia
2108 3613 2210 3649 non
2243 3602 2323 3648 est
2343 3608 2540 3662 perso-

1472 3686 1663 3723 narum
1687 3678 1935 3752 acceptor
1952 3672 2119 3722 Dete&
2139 3671 2271 3720 laem
2293 3664 2536 3717 medium

1473 3752 1556 3793 est
1611 3743 1763 3793 locus
1799 3742 2066 3801 unitatis,
2119 3741 2248 3808 quia
2300 3746 2539 3788 extrema

1473 3814 1738 3865 uniuntur
1769 3813 1830 3865 in
1868 3813 2075 3875 medio;
2118 3812 2262 3861 unde
2297 3811 2537 3885 Aposto-

1473 3886 1560 3937 lus
1584 3901 1602 3936 a
1623 3884 1753 3951 Ipse
1782 3889 1863 3937 est
1890 3878 2370 3949 pax-nostra‚.qui
2405 3876 2540 3935 feczt
