2784 4452
537 283 630 334 DE
668 283 905 366 PRIMA,
929 280 1314 333 EJECTIONE
1343 280 1816 331 VENDENTIUM
1847 281 1941 332 DE
1972 282 2280 334 TEMPLO.

286 397 524 450 hemiam
538 436 553 459 ‚
594 407 716 463 post
759 396 1117 463 captivitatem
1173 395 1352 462 Baby-

284 469 550 528 lonicam,
635 469 782 535 quod
848 467 1051 519 factum
1119 466 1226 518 fuit
1294 466 1352 517 in

285 542 642 609 quadraginta
685 557 778 593 sex
822 541 1013 605 annis,
1066 550 1352 606 antequam

283 612 676 677 compleretur,
727 610 967 662 inimicis
1009 609 1354 677 prohibenti-

289 682 418 745 bus;
452 682 580 748 quia
615 682 784 733 Judaei
827 681 1266 747 impediebantur
1296 680 1352 730 in

284 753 638 805 aedificatione
675 754 863 820 templi
895 769 927 805 a
955 752 1268 805 nationibus
1294 752 1353 803 in

282 826 514 877 circuitu
542 842 729 877 eorum
761 826 1134 878 existentibus.

349 913 382 963 7
415 898 695 947 Srouonuu
727 912 971 947 unum(
999 912 1210 947 macno
1232 911 1354 946 van·

287 987 525 1022 naurrux
553 989 619 1022 m:
648 988 878 1025 ranno·
902 1001 964 1012 -—
981 972 1153 1023 Multi
1172 982 1353 1022 autem

287 1053 416 1093 tunc
474 1043 847 1106 crediderunt,
900 1043 955 1094 id
1015 1053 1097 1095 est
1142 1043 1354 1094 credere

281 1110 617 1179 inceperunt,
659 1116 713 1164 in
743 1114 952 1166 nomine
981 1115 1127 1181 ejus,
1180 1114 1235 1166 id
1273 1123 1355 1165 est

280 1184 343 1235 in
376 1199 490 1235 suae
518 1183 817 1235 divinitatis
858 1185 1161 1246 notamine,
1199 1185 1354 1249 cujus

284 1266 469 1307 notam
509 1256 633 1308 fecit
672 1272 766 1322 per
805 1257 960 1324 signa
989 1273 1002 1306 :
1034 1267 1086 1308 et
1111 1257 1231 1307 ideo
1262 1272 1353 1307 se-

282 1327 491 1393 quitur,
510 1328 748 1378 videntes
770 1328 935 1394 sfgna
953 1341 1072 1394 quae
1088 1328 1351 1394 faciebat.

284 1397 442 1449 Unde
466 1407 609 1464 patet
630 1398 777 1465 quod
808 1398 866 1448 in
896 1397 1000 1449 fide
1028 1399 1206 1449 adhuc
1230 1412 1355 1448 con·

284 1469 485 1521 firmati
542 1487 653 1522 non
704 1470 955 1534 fuerunt3
1006 1471 1136 1538 quia
1178 1470 1353 1537 magis

283 1543 477 1611 signis,
507 1560 671 1611 quam
704 1560 769 1595 ex
795 1545 1081 1595 devotione
1107 1544 1353 1595 credide-

283 1623 431 1665 runt.
458 1615 623 1665 Jesus
659 1621 835 1666 autem
874 1629 977 1666 non
1017 1615 1268 1666 credebat
1295 1629 1353 1665 se

282 1688 394 1750 eis,
426 1703 488 1739 eo
521 1688 665 1754 quod
691 1688 807 1754 ipse
833 1695 1014 1741 nosset
1053 1703 1264 1750 omnes,
1301 1695 1353 1740 et

281 1757 413 1824 quid
439 1765 579 1810 esset
613 1759 667 1809 in
694 1758 919 1810 homine.
948 1759 1094 1810 Scire
1120 1759 1266 1809 enirn
1291 1774 1351 1810 ea

280 1843 406 1893 quae
434 1837 563 1878 sunt
587 1828 643 1877 in
669 1829 825 1878 corde
851 1829 1160 1889 hominum,
1181 1829 1352 1880 solius

280 1897 378 1948 Dei
408 1906 508 1958 est,
533 1897 628 1964 qui
659 1899 809 1948 solus
831 1898 991 1949 corda
1021 1899 1308 1965 plasmavit
1332 1917 1346 1950 τ

281 1976 334 2019 et
361 1967 483 2018 ideo
511 1967 668 2018 scivit
695 1966 841 2033 quod
868 1967 1150 2019 instabiles
1178 1977 1348 2029 erant,

280 2049 335 2091 et
351 2040 408 2090 in
431 2049 671 2107 tempore
689 2041 1003 2092 tentationis
1026 2042 1350 2093 recederent.

288 2112 659 2179 Quapropter,
689 2122 751 2163 ut
784 2113 917 2164 dicit
955 2115 1124 2176 Beda,
1157 2129 1352 2164 mone-

287 2199 413 2234 mur
455 2192 517 2235 ut
557 2199 840 2251 nunquam
886 2184 952 2236 de
996 2194 1181 2236 nostra
1219 2200 1354 2237 con-

280 2255 511 2307 scientia
555 2255 727 2306 securi
766 2256 970 2318 simuS,
1013 2257 1106 2308 sed
1143 2273 1356 2324 semper

282 2328 503 2379 solliciti
525 2328 910 2393 formidemus;
937 2329 1065 2395 quia
1087 2331 1234 2397 quod
1256 2346 1356 2381 nos

282 2396 428 2457 latet,
458 2406 719 2448 aeternum
745 2398 1026 2449 Arbitrum
1055 2399 1217 2451 latere
1246 2415 1356 2450 non

283 2468 440 2518 valet.
483 2467 776 2518 Dubitatur
810 2468 900 2519 hic
931 2485 1179 2535 quaenam
1203 2470 1360 2536 signa

282 2537 535 2587 viderunt
563 2536 700 2588 facta
722 2553 753 2588 a
778 2539 934 2602 Jesu‚
988 2554 1112 2590 cum
1145 2541 1356 2590 nullum

283 2608 525 2673 legamus
567 2623 693 2658 eum
733 2618 864 2660 tunc
911 2609 1132 2676 signum
1168 2610 1358 2662 fecisse

283 2678 342 2729 in
371 2679 686 2730 Jerusalem.
716 2680 799 2731 Ad
845 2681 990 2748 quod
1034 2690 1211 2747 potest
1246 2680 1355 2732 dici

281 2764 397 2799 uno
424 2748 620 2809 mod0‚
650 2750 797 2814 quod
831 2750 1002 2801 multa
1030 2751 1188 2817 signa
1219 2749 1357 2802 facta

285 2829 416 2870 sunt
438 2819 516 2870 ibi
550 2830 678 2871 tunc
705 2836 736 2871 a
771 2822 930 2883 Jesu‚
965 2838 1088 2888 quae
1118 2822 1208 2873 hic
1241 2838 1353 2873 non

283 2889 567 2941 habentur.
605 2889 743 2941 Nam
785 2891 1139 2958 Evangelistae
1185 2893 1356 2944 multa

281 2959 511 3010 scienter
525 2960 985 3026 praetermiserunt
996 2961 1063 3011 de
1082 2961 1355 3013 miraculis

281 3029 522 3090 Christi,
563 3045 687 3080 cum
716 3040 798 3081 tot
825 3029 1041 3092 fecerit,
1072 3032 1219 3098 quod
1244 3047 1353 3082 non

281 3108 505 3165 possent
524 3098 699 3151 'scribi
723 3100 791 3152 de
824 3099 990 3152 facili.
1019 3100 1143 3151 Alio
1169 3101 1352 3167 mod0‚

282 3172 416 3238 quia
471 3171 614 3223 inter
656 3183 827 3224 cetera
869 3173 1128 3226 miracula
1181 3183 1356 3240 potest

286 3244 590 3296 maximum
634 3246 871 3312 reputari
911 3248 1132 3314 signum
1151 3284 1166 3308 ,
1207 3249 1355 3313 quod

285 3330 410 3365 cum
456 3315 668 3382 flagello
706 3332 828 3378 uno,
863 3317 1020 3369 Jesus
1056 3317 1132 3369 de.
1150 3320 1353 3385 templo

284 3386 465 3445 solus,
508 3395 562 3437 et
617 3402 809 3452 parum
843 3388 1019 3439 adhuc
1045 3398 1350 3455 reputatus,

282 3457 497 3522 ejecerit
525 3459 932 3510 multitudinem
948 3460 1253 3512 hominum.
1265 3460 1354 3512 Di-

280 3526 408 3579 vina
421 3528 644 3595 quidem
670 3530 844 3581 virtus
862 3530 918 3580 in
946 3530 1041 3582 illo
1066 3527 1206 3583 facto
1233 3547 1355 3598 ope·

280 3598 526 3660 rabatur,
556 3616 679 3668 quae
721 3602 1010 3668 apparebat
1065 3601 1123 3654 in
1162 3602 1352 3654 effectu

278 3684 406 3721 cum
432 3670 671 3724 volebat.
705 3672 917 3738 Corpus
953 3672 1100 3723 enim
1144 3672 1352 3725 Christi

280 3750 393 3794 erat
405 3740 832 3795 instrumentum
850 3743 1120 3796 divinitati
1135 3745 1356 3811 conjun-

281 3818 431 3863 ctum
446 3828 463 3877 ;
490 3823 543 3866 et
577 3814 696 3866 ideo
725 3814 948 3882 quidam
970 3813 1148 3882 fulgor
1171 3813 1352 3866 radio-

282 3900 381 3939 sus
429 3895 482 3939 et
544 3886 809 3941 mirabilis
838 3893 841 3898 '
866 3888 1236 3957 egrediebatur
1284 3889 1353 3942 de

2419 281 2524 352 269

1459 396 1611 446 vultu
1659 405 1711 447 et
1746 395 1921 447 oculis
1946 396 2089 462 ejus,
2118 397 2315 449 virtute
2341 397 2527 452 divina

1460 480 1552 517 eos
1579 466 1852 517 deterrens
1880 483 1895 516 ε
1925 481 2038 531 quo
2063 467 2237 517 territi
2274 471 2525 521 sacerdo-

1460 546 1541 587 tes
1567 547 1621 586 et
1639 536 1853 597 Levitae,
1881 546 1935 587 et
1958 536 2071 603 alii,
2102 553 2211 587 non
2236 539 2523 602 audebant,

1463 623 1560 658 nec
1582 617 1828 674 poterant
1854 607 1905 657 ei
1927 607 2194 658 resistere.
2222 608 2371 660 Sicut
2395 620 2447 661 et
2464 611 2523 662 in

1462 679 1752 739 Passione,
1782 694 1887 728 vox
1932 678 2025 730 illa
2063 678 2362 731 divinitatis
2398 677 2530 749 quo-

1461 748 1753 799 dammodo
1789 749 2213 799 instrumentum
2242 760 2384 811 erat,
2415 768 2526 818 quo

1460 834 1713 886 magnam
1747 829 2077 871 armatorum
2116 821 2524 874 multitudinem

1461 891 1658 957 legitur
1674 890 2042 956 prostravisse.
2074 891 2233 942 Unde·
2249 892 2527 961 Hierony·

1461 976 1579 1012 mus
1612 961 1670 1012 in
1706 962 1989 1023 Matthaeo,
2032 962 2099 1013 de
2134 965 2368 1015 secunda
2412 966 2524 1031 eje-

1460 1034 1637 1086 ctione
1666 1036 1743 1086 sic
1776 1035 1939 1086 habet
1968 1051 1983 1085 ε
2014 1053 2043 1082 α
2075 1036 2409 1104 Plurimique
2448 1053 2528 1089 ar-

1460 1104 1723 1155 bitramur
1764 1105 1999 1155 maxima
2041 1120 2156 1157 esse
2204 1107 2486 1173 signorum
2510 1147 2526 1171 ‚

1462 1176 1606 1241 quod
1649 1177 1879 1227 Lazarus
1909 1176 2198 1228 suscitatus
2236 1187 2348 1242 est,
2378 1180 2526 1245 quod

1459 1261 1625 1296 caecus
1652 1262 1717 1297 ex
1743 1256 1893 1297 utero
1922 1247 2107 1297 lumen
2131 1248 2347 1312 accepit,
2378 1250 2526 1315 quod

1458 1317 1517 1367 in
1556 1318 1787 1368 Jordane
1836 1333 1941 1368 vox
1976 1318 2158 1369 audita
2204 1318 2276 1368 sit
2317 1320 2486 1371 Patris
2509 1358 2525 1381 ,

1461 1393 1607 1458 quod
1634 1391 2047 1457 transfiguratus
2091 1391 2149 1443 in
2186 1401 2369 1443 monte
2408 1395 2529 1460 glo-

1460 1462 1597 1514 riam
1644 1462 1882 1513 ostendit
1927 1461 2345 1527 triumphantis;
2386 1465 2527 1515 mihi

1458 1543 1655 1593 autem,
1687 1533 1828 1584 inter
1858 1532 2044 1583 omnia
2071 1532 2227 1599 signa
2253 1550 2375 1599 quae
2403 1534 2529 1586 fecit

1459 1607 1756 1671 Dominus,
1784 1607 1888 1658 hoc
1916 1606 2129 1658 videtur
2153 1621 2269 1658 esse
2296 1608 2529 1660 mirabi-

1457 1677 1581 1740 lius,
1611 1678 1759 1744 quod
1787 1693 1933 1729 unus
1962 1678 2129 1728 homo
2170 1688 2224 1728 et
2264 1678 2358 1729 illo
2383 1689 2529 1731 tem—

1457 1765 1586 1815 pore
1622 1749 2079 1816 contemptibiliS,
2130 1759 2182 1800 et
2220 1749 2276 1799 in
2317 1760 2527 1802 tantum

1454 1821 1599 1883 vilis,
1617 1833 1674 1873 ut
1693 1831 1877 1888 postea
1899 1820 2315 1887 crucifigeretur,
2326 1822 2530 1875 Scribis

1455 1904 1508 1944 et
1536 1894 1825 1946 Pharisaeis
1853 1904 2040 1945 contra
2066 1909 2126 1944 se
2161 1894 2529 1956 saevientibus,

1455 1977 1507 2019 et
1527 1968 1841 2019 videntibus
1863 1968 2011 2019 lucra
2038 1982 2135 2018 sua
2159 1967 2396 2031 destrui,
2428 1985 2530 2034 po-

1455 2040 1618 2090 tuerit
1643 2040 1709 2090 ad
1738 2038 1906 2090 unius
1932 2037 2130 2102 flagelli
2165 2038 2386 2088 verbera
2413 2048 2533 2089 tan-

1454 2119 1564 2160 tam
1629 2108 1817 2173 ejicere
1871 2106 2277 2158 multitudinem
2294 2145 2309 2167 ,
2372 2122 2531 2158 men—

1460 2194 1654 2246 sasque
1700 2177 2028 2239 subvertere,
2090 2187 2143 2229 et
2190 2176 2530 2246 confringere

1460 2250 1739 2301 cathedras
1758 2287 1772 2310 ‚
1816 2258 1869 2299 et
1897 2249 2024 2299 talia
2050 2247 2221 2299 facere
2247 2264 2368 2315 quae
2395 2248 2528 2299 infi-

1463 2320 1609 2371 nitus
1637 2335 1747 2370 non
1772 2319 1983 2370 fecisset
2000 2319 2528 2386 exercitus.1gneum

1461 2392 1609 2444 enim
1634 2392 1906 2458 quoddam
1943 2401 2105 2459 atque
2139 2391 2408 2443 sidereum
2428 2396 2528 2443 'ra-

1462 2465 1642 2515 diabat
1668 2480 1734 2515 ex
1760 2464 1931 2515 oculis
1954 2465 2069 2530 ejus
2085 2502 2101 2525 ‚
2143 2474 2196 2515 et
2232 2464 2530 2515 divinitatis

1464 2535 1712 2600 majestas
1753 2534 1967 2587 lucebat
2029 2534 2087 2587 in
2138 2534 2271 2587 facie
2295 2552 2311 2586 ι
2337 2555 2362 2581 ι
2412 2535 2529 2587 haec

1462 2608 1856 2675 Hieronymus,
2273 2611 2276 2614 ’

1524 2678 1558 2728 8
1593 2678 1716 2739 Quo
1749 2695 1911 2730 sensu
1934 2695 2101 2730 »mvn
2120 2694 2258 2729 runc
2282 2694 2528 2730 cunma-

1462 2763 1608 2799 num·
1639 2764 1693 2799 m
1727 2749 2099 2800 Cuarsruu.—
2123 2749 2202 2799 De
2229 2749 2318 2801 his
2345 2759 2525 2803 autem

1461 2820 1556 2888 qui
1586 2821 1929 2873 crediderunt
1955 2820 2011 2872 in
2035 2820 2258 2873 nomine
2281 2823 2527 2887 ejuS‚'est

1459 2891 1741 2942 sciendum
1760 2891 1927 2957 quod,
1946 2891 2242 2943 secundum
2260 2892 2529 2959 Augusti·

1461 2977 1601 3024 num,
1633 2961 1714 3011 illi
1752 2962 1978 3012 credunt
2022 2961 2081 3012 in
2122 2962 2344 3014 nomine
2385 2963 2524 3028 ejus,

1460 3033 1557 3098 qui
1589 3032 1770 3083 solum
1799 3043 2015 3098 propter
2041 3032 2197 3100 signa
2224 3035 2449 3085 credunt
2474 3044 2528 3085 et

1459 3102 1735 3153 adhaerent
1760 3101 1968 3153 nomini
1994 3103 2128 3169 ejuS,
2152 3104 2247 3172 qui
2279 3105 2524 3156 nondum

1459 3182 1848 3236 sacramentum
1874 3173 2136 3240 Baptismi
2157 3183 2525 3241 perceperunt,

1459 3245 1607 3296 velut
1637 3245 2032 3307 catechumeni,
2063 3247 2166 3298 hoc
2197 3256 2278 3298 est
2316 3246 2525 3297 instru-

1460 3317 1531 3369 cti
1560 3334 1577 3368 :
1602 3326 1654 3369 et
1682 3316 1812 3383 quia
1839 3318 2055 3383 plenam
2083 3318 2262 3379 fidem,
2283 3327 2346 3369 ut
2373 3333 2529 3385 opor-

1460 3399 1552 3452 tet,
1581 3406 1693 3441 non
1723 3390 1924 3442 habent
1951 3390 2007 3442 in
2031 3391 2312 3444 Christum
2335 3401 2388 3442 et
2407 3392 2526 3457 ejus

1459 3470 1820 3523 sacramenta,
1858 3460 1981 3513 ideo
2009 3462 2185 3513 adhuc
2215 3476 2318 3513 non
2354 3462 2526 3513 credit

1459 3544 1519 3582 se
1545 3530 1625 3581 eis
1642 3568 1661 3594 ,
1702 3530 1833 3597 quia
1884 3530 2120 3582 Ecclesia
2161 3546 2268 3581 non
2318 3531 2407 3582 dat
2446 3530 2526 3581 eis

1460 3616 1655 3667 corpus
1700 3599 1923 3653 Christi.
1952 3599 2112 3660 Quod
2149 3600 2370 3668 quidem
2401 3614 2527 3650 cor-

1459 3687 1580 3738 pus,
1632 3671 1772 3723 sicut
1824 3669 2082 3721 conficere
2143 3686 2254 3722 non
2319 3679 2525 3738 potest,

1459 3744 1564 3796 nisi
1592 3744 1835 3796 sacerdos
1862 3752 2227 3807 consecratus;
2253 3742 2328 3794 ita
2343 3743 2527 3794 nullus

1428 3823 1672 3870 *sumere
1716 3815 1892 3875 debet,
1939 3814 2046 3866 nisi
2093 3816 2407 3883 baptizatus.
2438 3816 2525 3875 Et,

1460 3890 1759 3943 secundum
1813 3884 2289 3955 Chrysostomum,
2315 3886 2404 3940 isti
2428 3885 2525 3954 qui
