2784 4452
536 317 886 369 EPILOGUS
918 316 1395 370 VOCATIONUM
1424 319 1946 374 DISCIPULORUM
1979 323 2274 388 CHRISTI.

260 432 316 483 in
381 430 603 497 populo.
669 431 774 482 Ubi
848 431 1270 501 Chrysostomus
1315 450 1334 483 .-

257 522 287 552 a
317 500 458 563 Quia
476 502 624 552 enim
651 502 749 563 ini,
765 513 826 553 ut
844 502 1068 562 debiles,
1089 504 1157 553 ad
1172 504 1336 554 rnedi-

256 588 383 624 cum
412 572 598 623 venire
614 588 722 622 non
745 583 1008 638 poterant,
1032 574 1170 639 ipse,
1197 574 1335 625 sicut

251 644 531 698 studiosus
543 643 805 703 medicus,
828 643 1086 695 circuibat
1106 644 1334 710 graviter

252 724 570 783 aegrotantes
608 731 624 765 ι
661 733 688 762 n
717 713 834 764 haec
889 714 1330 783 chrysostomus·

253 786 354 837 Hic
408 786 647 836 Salvator
699 785 944 850 exemplo
988 800 1089 834 suo
1136 785 1326 835 docto-

249 874 374 910 rum
405 873 628 909 suorum
659 857 826 908 vitam
859 857 1098 919 instruit,
1122 868 1173 909 et
1202 872 1329 924 qua-

247 930 317 981 lis
341 945 458 980 esse
480 928 669 979 debeat
699 929 957 979 Praelatus
988 938 1039 978 et
1067 929 1324 995 praedica-

246 1014 331 1056 tor
374 1002 651 1068 Evangelii
702 1001 983 1053 manifeste
1028 1002 1264 1053 ostendit
1307 1017 1322 1052 ε

246 1084 309 1125 ut
359 1072 509 1123 enirn
563 1088 670 1123 non
726 1072 837 1123 sint
894 1073 1219 1139 negligentes
1272 1082 1324 1123 et

245 1144 409 1211 pigri,
443 1143 537 1194 sed
562 1141 852 1209 diligentes
893 1153 944 1194 et
985 1143 1195 1204 fervidi,
1219 1144 1322 1195 do-

245 1226 429 1270 centur
456 1232 550 1283 per
578 1216 681 1266 hoc
713 1217 858 1282 quod
900 1216 1113 1277 dicitur,
1139 1217 1319 1268 circu-

246 1289 359 1340 ibat
386 1288 549 1338 Jesus
560 1305 581 1351 ,·
608 1297 669 1337 ut
694 1303 802 1337 non
828 1287 939 1338 sint
967 1304 1316 1353 personarum

245 1368 562 1424 acceptores,
583 1358 676 1408 sed
709 1358 763 1407 in
791 1358 1035 1409 doctrina
1062 1360 1319 1414 omnibus

245 1445 583 1492 communes,
614 1430 873 1480 docentur
910 1446 1004 1496 per
1038 1431 1143 1482 hoc
1170 1432 1319 1498 quod

240 1498 620 1565 subjungitur,
652 1504 850 1562 totam5
893 1510 954 1550 ut
995 1512 1173 1552 autem
1203 1518 1315 1552 non

240 1571 356 1624 sint
381 1572 642 1635 carnales,
665 1586 762 1621 nec
790 1581 1034 1638 quaerant
1068 1573 1318 1625 delicatas

241 1641 647 1709 procurationes
663 1680 677 1704 ,
724 1642 985 1693 docentur
1052 1659 1147 1709 per
1214 1644 1318 1695 hoc

238 1715 387 1782 quod
428 1714 660 1774 additur,
683 1715 990 1778 Galilaeam,
1019 1725 1130 1767 erat
1168 1717 1316 1767 enim

239 1783 460 1837 Galum
494 1784 620 1835 vilis
664 1795 717 1836 et
754 1802 955 1851 pauper
1001 1786 1283 1852 provincia
1295 1803 1312 1852 3

237 1864 301 1905 ut
336 1865 518 1907 autern
550 1855 706 1906 vacui
738 1866 790 1907 et
818 1856 979 1907 otiosi
1021 1855 1079 1906 in
1112 1873 1314 1909 vanum

237 1943 349 1979 non
397 1929 723 1993 discurrant,
765 1930 1023 1981 docentur
1072 1946 1188 1996 per,
1211 1931 1314 1982 hoc

235 1999 386 2065 quod
401 1999 672 2059 subditur,
688 2000 907 2063 docens;
922 2010 981 2051 ut
999 2010 1180 2051 autem
1202 2001 1315 2066 plu·

234 2069 388 2120 ribus
403 2070 655 2136 prodesse
674 2072 936 2131 studeant,
949 2080 1000 2122 et
1014 2071 1311 2122 doctrinam

234 2155 395 2191 suam
430 2156 541 2190 non
574 2151 874 2206 suspectam
908 2141 1158 2206 habeant,
1186 2158 1314 2192 mo-

233 2222 432 2264 nentur
458 2229 553 2280 per
580 2212 727 2280 quod
756 2212 1021 2280 sequitur,
1046 2213 1101 2265 in
1132 2228 1312 2281 syna-

232 2283 446 2350 gogi8‚
479 2284 573 2335 ubi
604 2284 786 2350 plures
812 2294 865 2335 et
894 2284 1138 2338 doctores
1176 2302 1313 2336 con-

232 2356 556 2419 veniebant;
597 2365 657 2406 ut
707 2366 887 2407 autem
946 2372 1055 2407 non
1104 2372 1311 2410 errores

234 2443 411 2495 neque
435 2427 640 2479 fabulas
668 2437 722 2478 et
753 2427 984 2490 inutilia,
1000 2428 1094 2478 sed
1121 2429 1313 2482 saluta-

233 2499 314 2549 ria
331 2499 641 2565 praedicent,
651 2499 911 2549 docentur
930 2514 1025 2564 per
1045 2499 1148 2550 hoc
1162 2502 1310 2567 quod

232 2571 504 2635 subditur,
528 2577 582 2621 et
601 2570 920 2637 praedicans
945 2570 1310 2637 Evangelium

231 2642 412 2708 regni,
438 2642 494 2692 id
524 2651 624 2702 est,
657 2641 806 2707 quod
839 2642 994 2692 docet
1030 2641 1214 2693 venire
1242 2643 1309 2693 ad

231 2727 498 2778 regnum3
532 2721 593 2762 ut
619 2721 800 2762 autem
829 2711 1128 2762 doctrinam
1155 2729 1311 2764 suam

231 2781 524 2833 virtutibus
583 2782 960 2832 commendare
1023 2782 1310 2846 studeant,

230 2864 285 2905 et
311 2870 423 2904 non
452 2854 633 2905 solum
678 2848 996 2919 spiritualia,
1021 2855 1115 2904 sed
1147 2855 1310 2906 etiam

230 2924 550 2991 temporalia
592 2922 855 2983 subsidia,
881 2933 934 2973 et
971 2940 1309 2992 quaecunque

229 3007 458 3062 possunt
474 2996 731 3048 beneficia
750 2995 983 3046 subditis
999 2996 1309 3059 exhibeant,

227 3067 488 3118 docentur
527 3082 623 3133 per
666 3067 774 3117 hoc
812 3067 957 3132 quod
997 3067 1230 3128 additur,
1259 3075 1312 3119 et

226 3153 431 3191 sanans
473 3153 680 3191 munem
722 3140 1068 3205 languorem,
1102 3145 1154 3190 et
1195 3155 1311 3192 om-

225 3225 344 3261 nem
372 3210 740 3277 infirmitatem
781 3209 838 3259 in
870 3210 1095 3274 populo,
1123 3209 1181 3260 id
1207 3220 1307 3273 est,

225 3281 287 3332 in
319 3283 483 3332 turba
507 3295 805 3347 pauperum
832 3289 883 3330 et
907 3279 1202 3332 minorum.
1221 3282 1310 3333 Sic

225 3367 358 3418 ergo
404 3349 729 3417 praedicabat
777 3351 933 3421 Jesus
984 3351 1306 3418 diligenter:

224 3422 356 3487 quia
406 3421 673 3474 circuibat
692 3438 715 3485 ,·
761 3421 1083 3488 generaliter
1124 3440 1140 3475 z
1180 3422 1308 3490 quia

225 3500 395 3546 totam
404 3512 427 3558 ,-
457 3510 571 3546 non
614 3494 894 3546 carnaliter
924 3512 940 3545 ι
967 3495 1096 3562 quia
1146 3498 1307 3549 Gali-

224 3566 390 3618 loeam
405 3584 427 3631 3
463 3567 738 3619 evidenter
763 3585 780 3619 ι
804 3568 931 3636 qnia
958 3571 1013 3620 in
1050 3585 1307 3638 synago-

220 3638 353 3703 gis,·
389 3637 597 3689 utiliter
631 3656 647 3691 ε
681 3640 815 3706 quia
858 3641 1080 3704 docens,
1126 3643 1305 3707 quoad

223 3707 453 3759 virtutes
508 3720 562 3761 et
612 3711 863 3771 moralia,
899 3717 952 3760 et
991 3713 1305 3776 praedicans

222 3777 592 3845 Evangelium
618 3780 796 3847 regni,
814 3782 992 3847 quoad
1011 3781 1137 3832 fidei
1161 3797 1304 3848 prae-

219 3858 376 3914 cepta
405 3861 458 3901 et
495 3852 776 3917 mysteria;
802 3852 1120 3903 mirabiliter
1136 3870 1154 3904 ε
1174 3853 1302 3919 quia

220 3933 430 3974 sanans
470 3936 675 3974 omnem
708 3923 1053 3989 languorum,
1084 3925 1302 3978 diutur-

2403 341 2500 397 29¹

1442 448 1596 494 num,
1624 441 1678 504 et
1712 450 1913 487 omnem
1951 437 2510 503 infirmitatem,levio-

1438 519 1571 564 rem,
1600 514 1664 555 ut
1705 506 1909 572 quibus
1946 523 2123 558 sermo
2158 510 2372 562 credere
2400 528 2510 564 non

1436 586 1704 638 suaserat,
1742 593 1904 644 opera
1951 581 2347 644 persuaderent.
2392 585 2511 636 Non

1437 650 1613 699 solum
1643 652 1866 702 docebat
1889 653 2073 713 verb0,
2102 654 2196 703 sed
2227 663 2280 704 et
2312 654 2511 707 doctri-

1434 733 1558 768 nam
1583 736 1736 772 suam
1763 721 2113 773 confirmabat
2129 723 2291 784 facto,
2310 725 2512 778 scilicet

1435 804 1529 853 per
1561 790 1819 842 miracula
1845 791 2010 852 varia,
2037 796 2365 859 quaesolum
2391 794 2508 848 fieri

1433 871 1679 926 poterant
1718 864 1912 915 virtute
1970 866 2177 917 divina.
2221 869 2323 920 Vel
2358 871 2506 936 quod

1431 933 1588 996 dixit,
1617 936 1950 1002 languorem,
1981 938 2049 988 ad
2087 939 2367 1004 passiones
2409 957 2509 992 vo·-

1429 1006 1536 1057 luit
1571 1009 1834 1073 pertinere
1861 1012 2192 1076 corporales3
2227 1014 2377 1079 quod
2402 1029 2506 1066 au·-

1429 1087 1539 1128 tem
1576 1080 1735 1141 dixit,
1772 1082 2155 1148 infirmitatem,
2186 1085 2252 1134 ad
2294 1086 2505 1151 passio-

1428 1165 1524 1201 nes
1546 1152 1740 1203 anirnae
1765 1154 2093 1219 spirituales,
2107 1166 2171 1207 ut
2193 1158 2507 1209 ostendatur
2594 1179 2601 1192 τ

1426 1231 1629 1273 naturae
1679 1224 1937 1276 Conditor
1998 1228 2302 1293 utriusque.
2349 1229 2504 1281 Unde

1425 1302 1683 1361 tanquam
1719 1312 1880 1347 verus
1920 1297 2165 1349 medicus
2198 1315 2388 1350 omnes
2413 1299 2502 1360 in-

1423 1366 1593 1415 terius
1620 1376 1673 1417 et
1702 1368 1940 1418 exterius
1976 1370 2177 1421 curavit
2217 1369 2505 1430 infirmita-,-

1424 1444 1524 1487 tes.
1542 1437 1662 1488 Hoc
1689 1437 1833 1489 enim
1876 1440 2138 1505 Propheta
2167 1442 2501 1507 praedixerat,

1422 1503 1609 1556 dicens
1653 1524 1671 1557 2
1724 1508 1857 1559 Vere
1925 1509 2223 1575 languores
2286 1519 2504 1568 nostros
2546 1563 2551 1570 ,

1423 1574 1540 1639 ipse
1587 1577 1735 1639 tulit,
1773 1584 1826 1628 et
1885 1579 2226 1638 infirmitates
2285 1588 2503 1634 nostras

1422 1647 1539 1713 ipse
1555 1651 1821 1715 portavit.
1843 1651 2001 1702 Unde
2035 1652 2462 1720 chrysostomus
2480 1673 2501 1706 r

1424 1735 1452 1765 κ
1484 1719 1568 1769 Ad
1590 1719 1695 1770 hoc
1720 1720 1870 1771 enim
1904 1722 2095 1773 doctor
2130 1722 2257 1774 vitae
2291 1733 2348 1775 et
2380 1740 2502 1776 me-

1420 1788 1575 1839 dicus
1635 1791 1867 1842 coelestis
1924 1792 2178 1843 Christus
2234 1792 2502 1846 Dominus

1422 1871 1655 1922 venerat,
1680 1871 1743 1912 ut
1769 1862 2079 1930 magisterio
2109 1880 2208 1915 suo
2244 1864 2497 1917 homines

1418 1931 1656 1982 erudiret
1700 1933 1769 1983 ad
1813 1933 2010 1994 vitam,
2053 1944 2106 1984 et
2151 1934 2501 2000 aegritudines

1419 2003 1660 2069 corporis
1703 2005 2010 2072 animaeque
2038 2005 2244 2056 coelesti
2286 2006 2505 2059 medici·

1418 2089 1495 2124 na,
1536 2083 1779 2138 sanaret;
1828 2084 1888 2125 ut
1936 2075 2155 2125 obsessa
2209 2090 2432 2142 corpora
2468 2092 2501 2127 a

1416 2143 1631 2195 diabolo
1654 2144 1920 2209 liberaret,
1942 2154 1995 2195 et
2018 2144 2181 2195 variis
2212 2143 2499 2196 iufirmita-

1415 2214 1563 2266 tibus
1591 2215 1892 2267 laborantes
1928 2223 2198 2266 revocaret
2232 2214 2297 2265 ad
2331 2213 2497 2267 vitam

1414 2295 1468 2336 et
1492 2284 1753 2353 integram
1783 2285 2092 2348 sanitatem;
2121 2300 2248 2335 nam
2287 2284 2498 2337 valeta·-

1415 2354 1572 2405 dines
1626 2372 1912 2422 corporum
1969 2354 2165 2406 divinae
2220 2355 2498 2423 potestatis

1413 2427 1579 2477 verbo
1639 2427 1895 2487 curabat,
1958 2427 2264 2478 animarum
2317 2436 2496 2479 autem

1414 2499 1639 2550 vulnera
1672 2498 1903 2551 coelestis
1935 2499 2194 2551 doctrinae
2233 2498 2501 2551 medicina

1415 2573 1665 2639 sanabat;
1726 2588 1887 2624 verus
1945 2589 2073 2641 ergo
2119 2583 2174 2624 et
2231 2571 2501 2638 perfectus

1417 2643 1654 2695 medicus
1683 2644 1774 2695 ille
1797 2656 1894 2706 est,
1916 2644 2011 2712 qui
2034 2655 2087 2695 et
2114 2643 2324 2709 corpori
2350 2641 2500 2695 sani-

1413 2723 1598 2773 tatem,
1619 2723 1674 2765 et
1696 2714 1892 2766 animae
1919 2715 2149 2765 salutem
2169 2712 2406 2765 restituit
2432 2729 2447 2764 z
2468 2732 2496 2761 »

1413 2782 1529 2835 haec
1557 2782 1999 2850 Chryso-stomun

1478 2869 1513 2921 7
1548 2855 1697 2907 Fam
1731 2869 2115 2906 mnacucoauu
2149 2853 2406 2916 Cnmsrr,
2429 2856 2499 2912 ni·

1414 2926 1654 2977 Anat-..uu
1687 2941 1840 2977 amis
1876 2940 2151 2976 zrrsrom».
2172 2953 2233 2962 —
2255 2924 2338 2975 Et
2363 2923 2500 2974 abiit

1415 2997 1617 3063 opinio,
1640 3007 1695 3050 et
1730 2997 1894 3059 fama,
1921 2997 2036 3063 ejus
2074 2996 2129 3047 in
2168 3002 2337 3047 totam
2373 2995 2497 3059 Sr-

1415 3068 1574 3130 riam,
1602 3084 1724 3134 quae
1770 3078 1851 3118 est
1890 3068 2038 3134 regio
2083 3066 2323 3133 spaciosa
2360 3068 2495 3116 corf—

1417 3137 1599 3190 tinens
1646 3138 2014 3199 Palaestinam,
2055 3139 2112 3189 in
2162 3152 2271 3205 qua
2320 3134 2492 3187 Judaei

1414 3208 1749 3271 habitabant,
1788 3220 1840 3260 et
1879 3209 2137 3277 quasdam
2182 3207 2313 3257 alias
2359 3221 2491 3271 pro-

1413 3280 1619 3342 vincias
1652 3280 1789 3332 circa
1822 3296 1958 3332 eam.
1989 3278 2156 3347 Syriae
2190 3277 2337 3327 enirn
2376 3284 2491 3326 ter-

1414 3351 1596 3403 minus
1623 3351 1689 3402 ad
1722 3351 2001 3404 Orientem
2037 3359 2116 3401 est
2157 3346 2484 3413 Euphrates3

1394 3422 1478 3474 -ad
1550 3421 1894 3474 Occidentem
1922 3461 1938 3485 ,
2000 3435 2146 3471 mare
2228 3432 2488 3484 magnum

1410 3494 1644 3559 Achon;
1697 3509 1728 3545 a
1781 3493 2187 3561 Septentrione‚
2231 3486 2490 3539 Armenia

1410 3577 1463 3620 et
1490 3566 1859 3634 Cappodocia3
1903 3583 1934 3618 a
1966 3562 2190 3617 Meridie
2217 3561 2486 3627 AEgyptus

1411 3649 1468 3692 et
1521 3633 1678 3692 sinus
1731 3638 2010 3691 Arabicus.
2069 3636 2142 3687 Et
2174 3634 2279 3685 ‘sic
2341 3633 2486 3698 large

1410 3708 1663 3777 accipitur
1688 3710 1778 3761 hic
1810 3708 1983 3776 Syria,
2011 3706 2141 3775 quia
2178 3703 2360 3755 stricte
2391 3712 2484 3753 ao‘-

1408 3780 1673 3849 cipiendo‚
1693 3779 1891 3832 scilicet
1927 3796 2024 3846 pro
2061 3776 2295 3845 quodam
2320 3786 2484 3839 regno

1410 3855 1559 3920 cujus
1585 3861 1747 3919 caput
1782 3862 1862 3902 est
1899 3852 2210 3911 DamascuS,
2250 3846 2327 3899 sic
2370 3854 2482 3895 non

1409 3924 1816 3994 comprehendit
1845 3924 2102 3977 Judaeam.
2132 3921 2254 3972 Non
2300 3917 2481 3999 solum
