2784 4452
283 233 516 286 FACTA
551 233 832 286 CHRISTI
860 232 955 283 AB
984 232 1183 284 ANNO
1214 232 1311 284 ΧΠ
1344 231 1578 291 USQUE
1607 232 1705 284 AD
1737 231 1992 281 ANNUM
2025 232 2189 282 XXX.

2275 229 2373 297 159

973 558 1309 630 CAPUT
1352 556 1524 625 XVI

205 812 401 902 Quid
449 810 722 903 fecerit
794 810 1141 879 Dominus
1182 810 1406 877 Jesus-
1456 807 1543 875 ab
1609 829 1789 875 anno
1863 806 2298 887 duodecima,

523 948 735 1019 usque
775 926 877 995 ad
913 924 1353 1018 principium
1400 922 1571 993 anni
1613 922 2001 1014 trigesimi.

1006 1174 1198 1238 Lucae
1237 1194 1371 1257 cap.
1425 1194 1486 1236 2.

199 1433 217 1466 1
256 1416 404 1475 Qum
437 1415 706 1466 Caius-rus
737 1431 803 1464 AB
830 1430 974 1466 Anno
1002 1429 1198 1464 nvom-:-

131 1506 250 1540 cmo
278 1503 453 1545 usQuE
482 1504 550 1536 An
576 1502 901 1537 Tmou-smum
937 1485 1197 1535 FECERrr?

129 1589 188 1597 —
214 1561 484 1609 Reversus
521 1573 647 1624 ergo
689 1557 959 1607 Dominus
984 1557 1140 1606 Jesus
1167 1571 1197 1605 a

130 1631 331 1695 templo
355 1638 409 1679 et
427 1629 718 1679 Jerusalem
741 1644 865 1678 cum
885 1627 1198 1693 parentibus

127 1701 242 1754 suis
288 1701 348 1750 in
388 1700 688 1760 Nazareth,·
713 1705 848 1761 ενατ,
884 1709 945 1749 ut
993 1699 1196 1758 dictum

126 1786 238 1833 est,
283 1772 529 1823 subditus
570 1772 698 1821 illis.
743 1772 810 1822 Et
841 1772 1043 1821 ibidem
1073 1787 1196 1821 cum

126 1846 207 1896 eis
242 1860 418 1910 usque
452 1844 517 1894 ad
554 1843 883 1910 principium
923 1843 1052 1893 anni
1094 1843 1198 1892 tri-

127 1917 324 1984 gesimi
364 1916 627 1967 habitavit
658 1934 672 1967 :
699 1933 795 1967 nec
826 1917 883 1966 in
907 1916 1198 1982 Scripturis

127 1988 396 2054 reperitur
420 1988 566 2053 quod
596 1987 654 2037 in
683 1997 796 2038 toto
825 1997 1065 2053 tempore
1093 1987 1198 2037 isto

122 2058 336 2125 aliquid
381 2058 591 2114 fecerit:
634 2058 779 2124 quod
811 2059 963 2108 valde
989 2058 1200 2108 videtur

124 2129 396 2179 mirabile.
437 2128 582 2188 Quid
624 2128 791 2194 igitur
817 2128 1200 2179 meditabimur

125 2201 312 2267 ipsum
368 2197 587 2250 fecisse?
640 2199 864 2250 Stetitne
929 2199 1198 2249 Dominus

122 2273 280 2323 Jesus
306 2272 514 2322 otiosus
555 2281 704 2323 tanto
731 2282 990 2338 tempore,
1018 2282 1079 2322 ut
1120 2272 1199 2321 nil

123 2344 321 2394 faceret
356 2343 582 2408 dignum
613 2343 876 2409 scriptura
912 2353 964 2393 et
1003 2343 1199 2394 recita-

121 2412 308 2464 tione?
336 2413 391 2464 Si
438 2413 587 2464 enim
628 2412 869 2473 fecisset,
907 2429 1030 2473 cur,
1061 2413 1219 2473 sicut,

120 2488 335 2553 reliqua
387 2485 524 2536 facta
577 2501 674 2535 sua
696 2524 710 2546 ,
765 2502 875 2536 non
935 2485 1196 2551 scriptum

122 2557 359 2608 fuisset?
416 2556 662 2607 Omnino
720 2565 909 2622 stupor
965 2555 1194 2607 videtur.

121 2631 284 2681 Forte
327 2630 447 2680 ideo
488 2629 762 2694 Scriptura
798 2638 948 2689 tacet,
988 2644 1058 2678 ne
1082 2638 1198 2679 acta

120 2703 405 2768 juniorum
452 2702 621 2752 nimis
663 2717 719 2752 se
758 2702 1053 2767 publicent.
1093 2701 1196 2751 Sed

124 2773 345 2823 attende
375 2773 465 2824 hic
489 2773 644 2834 bene,
676 2771 806 2839 quia
833 2782 1076 2838 patenter
1106 2787 1201 2838 po-

124 2845 257 2895 teris
275 2844 474 2906 videre,
495 2848 639 2912 quod
656 2847 797 2897 nihil
817 2847 1059 2897 faciendo
1075 2845 1199 2896 fecit

125 2914 432 2980 magnifica.
468 2916 619 2967 Nihil
647 2917 794 2967 enim
819 2918 885 2967 de
913 2916 1065 2967 factis
1084 2917 1198 2981 ejus

125 3002 158 3036 a
183 2986 445 3052 mysterio
463 2997 636 3050 vacat;
668 2988 760 3038 sed
792 2987 933 3038 sicut
961 2987 1199 3037 virtuose

125 3056 453 3122 loquebatur
495 3068 548 3108 et
587 3059 922 3123 operabatur,
965 3058 1044 3109 sic
1082 3057 1199 3107 vir-

126 3139 282 3178 tuose
307 3127 512 3177 tacebat
537 3137 591 3177 et
612 3143 668 3177 se
687 3129 1052 3180 subtrahebat.
1075 3128 1202 3179 Cre-

125 3200 368 3249 dendum
392 3208 473 3248 est
494 3199 659 3259 enim,
690 3200 828 3251 sicut
854 3201 985 3251 dicit
1013 3201 1202 3250 doctor

128 3269 471 3336 GregoriuS,
507 3271 653 3335 quod
684 3280 809 3322 ante
847 3283 900 3323 et
925 3272 1198 3338 deinceps,

121 3343 335 3408 absque
380 3342 689 3393 ostensione
732 3344 958 3411 alicujus
1003 3344 1199 3397 famosi

121 3426 177 3467 et
213 3414 416 3479 publici
446 3414 691 3466 miraculi
714 3417 890 3467 taliter
923 3418 1065 3469 inter
1090 3418 1201 3468 ho-

118 3486 309 3539 mines
367 3497 711 3539 conversatus
785 3488 947 3540 fuerit
965 3528 980 3551 ,
1043 3490 1199 3557 quasi

118 3575 277 3615 ‚nnus
300 3575 366 3610 ex
392 3559 524 3622 illis,
557 3561 728 3611 donec
753 3562 820 3611 ad
847 3561 1061 3615 virilem
1088 3579 1202 3630 per-

118 3630 278 3681 venit
317 3641 546 3683 aetatem.
589 3632 745 3683 Unde
777 3633 843 3683 de
901 3633 1019 3700 ipso
1073 3634 1202 3685 dicit

117 3703 363 3754 Joannes
413 3703 656 3769 Baptista
691 3721 708 3754 ι
747 3703 968 3756 Medius
1025 3711 1203 3756 autem

120 3781 365 3826 vestrum
404 3775 586 3839 stetit,
625 3775 779 3843 quem
828 3790 925 3827 vos
968 3777 1202 3828 nesciri-5.

121 3847 194 3898 Et
260 3856 436 3899 totum
493 3847 639 3901 istud
704 3858 918 3914 tempus
974 3847 1206 3913 breviter

1303 1413 1614 1478 complexus
1636 1421 1717 1462 est
1735 1411 1905 1463 Lucas
1928 1412 2030 1462 sub
2054 1412 2143 1462 his
2164 1413 2373 1466 verbis:

1303 1484 1380 1533 Et
1404 1482 1675 1532 descendit
1703 1498 1819 1533 cum
1854 1483 1949 1546 eis,
1976 1490 2027 1534 et
2054 1490 2174 1534 erat
2201 1484 2379 1535 subdi-

1306 1560 1391 1603 tus
1425 1552 1554 1602 illis.
1576 1553 1732 1603 Unde
1755 1563 1807 1603 et
1837 1554 2077 1605 Thomas
2100 1572 2117 1605 .·
2148 1574 2176 1601 «
2197 1555 2376 1605 Medio

1304 1636 1563 1690 tempore,
1594 1625 1795 1676 scilicet
1821 1641 1852 1675 a
1888 1626 2163 1678 nativitate
2203 1643 2378 1693 usque

1304 1698 1369 1747 ad
1414 1698 1750 1763 Baptismum
1795 1700 2007 1748 nullum
2044 1699 2376 1761 ,miraculum

1305 1768 1556 1820 Christus
1586 1779 1833 1835 operatus
1858 1779 1954 1830 est,
1970 1771 2063 1820 sed
2082 1770 2377 1821 conformis

1306 1842 1729 1891 conversationis
1755 1842 1877 1892 aliis
1913 1852 2041 1902 erat,
2071 1853 2125 1894 et
2155 1859 2252 1894 sua
2275 1844 2377 1893 vir-

1306 1921 1395 1961 tus
1424 1911 1608 1977 ignota
1654 1912 1912 1962 omnibus
1945 1913 2221 1963 existebat.
2251 1914 2375 1963 ldeo

1305 1995 1485 2035 autem
1540 2001 1651 2036 non
1707 1985 1832 2036 fecit
1882 1986 2139 2036 miracula
2194 1987 2375 2037 medio

1306 2066 1565 2121 tempore,
1606 2066 1667 2106 ut
1708 2072 1820 2105 non
1853 2066 2131 2121 putaretur
2167 2067 2375 2122 myste-

1304 2130 1451 2180 rium
1476 2127 1865 2179 incarnationis
1889 2129 2211 2194 phantasma
2238 2145 2373 2192 esse,

1306 2202 1351 2252 si
1379 2217 1489 2252 non
1539 2217 1596 2252 se
1623 2200 1903 2251 habuisset
1930 2200 2068 2252 sicut
2095 2202 2186 2252 alii
2224 2211 2374 2252 aetate

1304 2271 1568 2332 infanteS,
1614 2282 1667 2322 et
1699 2272 1820 2321 ideo
1856 2271 2375 2322 demonstrationem

1300 2345 1541 2397 scientiae
1569 2355 1621 2396 et
1643 2344 1859 2395 virtutis
1882 2360 1993 2395 suae
2020 2346 2086 2396 ad
2117 2345 2172 2394 id
2195 2345 2375 2395 distu-

1304 2418 1368 2469 lit
1413 2428 1628 2484 tempus
1648 2456 1663 2478 ,
1725 2417 1783 2468 in
1838 2433 1947 2484 quo
1993 2417 2086 2467 alii
2122 2417 2375 2468 homines

1304 2490 1528 2541 scientia
1553 2500 1606 2540 et
1638 2489 1834 2541 virtute
1870 2490 2048 2557 vigere
2079 2506 2375 2541 consueve-

1306 2570 1435 2611 runt
1465 2578 1478 2610 2
1508 2580 1536 2608 n
1558 2560 1671 2611 haec
1706 2561 1961 2613 Thomas.
2005 2561 2256 2629 Magister
2285 2561 2377 2612 hic

1307 2647 1575 2692 summuS,
1604 2631 1897 2697 aliquando
1924 2633 2179 2682 docturus
2201 2631 2377 2682 virtu-

1306 2712 1385 2753 tes
1409 2713 1460 2753 et
1482 2701 1627 2752 viam
1656 2702 1796 2762 vitae,
1828 2702 1989 2767 coepit
2018 2717 2049 2752 a
2079 2717 2175 2752 sua
2196 2702 2379 2767 juven·

1305 2784 1419 2824 tute
1448 2788 1608 2838 opera
1624 2772 1864 2823 virtuosa
1886 2772 2073 2832 facere,
2096 2773 2188 2823 sed
2214 2773 2377 2823 modo

1306 2845 1543 2895 mirabili
1585 2855 1640 2895 et
1683 2843 1960 2910 incognito
2003 2860 2062 2894 ac
2103 2845 2377 2895 retroactis

1306 2917 1643 2982 temporibus
1673 2916 1937 2977 inaudito,
1967 2916 2213 2967 videlicet
2234 2932 2291 2968 se
2317 2917 2377 2968 in

1307 2998 1598 3055 conspectu
1644 2989 1893 3039 inutilem
1930 2998 1981 3039 et
2024 2989 2289 3055 abjectum
2325 3000 2386 3041 et.

1304 3062 1658 3129 insipientem
1692 3063 1983 3124 reddend0,
2017 3073 2077 3113 ut
2103 3065 2290 3115 devote
2325 3074 2379 3114 et

1306 3135 1426 3186 sine
1456 3134 1606 3185 omni
1637 3135 1918 3185 temeraria
1957 3136 2251 3187 assertione
2282 3152 2378 3186 co-

1242 3258 1245 3265 ,
1304 3205 1464 3273 gitari
1515 3215 1568 3255 et
1604 3205 1848 3256 meditari
1902 3217 2093 3273 potest.
2144 3209 2212 3258 Et
2252 3224 2377 3258 cum

1307 3280 1409 3330 hac
1436 3276 1833 3330 modificatione
1876 3281 2062 3332 omnia
2095 3280 2199 3332 tibi
2226 3279 2379 3330 affir-

1306 3365 1401 3400 mo
1421 3388 1438 3409 ,
1494 3365 1617 3416 quae
1669 3365 1764 3416 per
1812 3352 2180 3403 auctoritatem
2219 3366 2379 3402 sacrae

1304 3423 1595 3488 Scripturae
1660 3438 1772 3474 non
1836 3425 2161 3490 probantur,
2218 3432 2380 3489 prout

1309 3495 1471 3545 etiam
1527 3510 1691 3561 supra
1733 3495 1793 3546 in
1835 3498 2059 3563 prologo
2110 3496 2376 3547 recitatur.

1307 3565 1671 3618 subtrahebat
1731 3582 1858 3633 ergo
1918 3583 1975 3618 se
2031 3582 2063 3617 a
2107 3565 2378 3616 consortio

1308 3636 1621 3699 hominum,
1659 3647 1712 3689 et
1753 3639 2023 3689 tumultus
2059 3652 2245 3688 eorum
2277 3636 2379 3686 de-

1308 3708 1531 3767 vitabat,
1568 3708 1875 3774 crebrisque
1919 3707 2256 3759 orationibus
2285 3707 2379 3757 in-

1310 3788 1491 3830 tentus
1540 3789 1668 3829 erat.
1739 3779 1852 3829 Ibat
1901 3780 1968 3830 ad
2019 3793 2375 3846 synagogam,

1312 3851 1367 3903 id
1404 3862 1483 3903 est
1518 3851 1814 3913 ecclesiam,
1841 3861 1893 3902 et
1925 3852 2099 3904 stabat
2121 3852 2197 3903 ibi
2225 3852 2342 3903 mul
