2784 4452
928 305 931 308 -
957 267 1053 319 DE
1087 269 1463 320 EPIPHANIA
1495 271 1767 323 DOMINI.
2386 294 2404 328 1
2422 278 2481 329 13

249 385 426 450 ipsum
478 386 544 434 de
591 384 777 444 cuniS,
827 394 878 435 et
920 383 1211 449 reponebat
1257 384 1314 434 in

242 455 337 505 eiS.
367 456 506 505 Cum
538 465 739 521 quanta
773 455 933 505 etiam
967 454 1312 521 jucunditate,

244 526 569 578 confidentia
620 537 671 577 et
711 526 1022 577 auctoritate
1071 535 1313 575 materna

243 598 441 663 ipsum'
467 598 886 663 amplexabatur,
930 607 982 648 et
1031 597 1312 647 osculaba-

242 678 348 727 tur,
403 669 702 735 stringebat
743 668 996 727 dulciter,
1049 678 1101 718 et
1146 667 1203 717 in
1249 683 1312 718 eo

240 741 624 801 delectabatur,
683 756 846 806 quem
894 739 1097 790 Filium
1150 755 1311 790 suum

241 812 526 872 cernebat,
591 822 644 863 et
715 812 1012 863 certissime
1059 810 1307 867 sciebat!

241 883 417 943 Quam
449 900 608 949 saepe,
642 900 806 951 quam
848 884 1057 935 curiose
1098 895 1150 935 et
1192 900 1312 950 pru-

238 953 426 1003 denter
463 955 656 1005 tenella
706 956 950 1006 membra
996 955 1168 1021 ipsius
1224 955 1309 1005 fa-

238 1025 414 1074 scians
444 1025 829 1092 componebat!
856 1027 1004 1077 Sicut
1027 1026 1176 1076 enim
1205 1025 1310 1076 fuit

238 1096 568 1157 humillima,
613 1098 690 1149 sic
737 1099 841 1149 fuit
894 1109 945 1150 et
992 1098 1306 1165 prudentis-

237 1167 393 1218 sima.
449 1168 606 1219 Unde
649 1169 705 1219 in
744 1169 975 1235 singulis
1014 1167 1210 1219 officiis
1257 1179 1309 1219 et

238 1240 517 1306 obsequiis
563 1243 745 1293 sedule
796 1242 1164 1303 ministrabat,
1219 1242 1308 1292 vi·-

239 1310 427 1377 gilanti
454 1321 506 1362 et
537 1312 846 1373 dormienti,
874 1329 983 1363 non
1010 1314 1188 1364 solum
1213 1312 1306 1364 in-

239 1382 484 1448 santulo,
549 1386 639 1435 sed
691 1386 852 1435 etiam
904 1387 1207 1452 grandaeVO.
1257 1386 1305 1436 O

239 1469 402 1519 quam
464 1456 694 1506 libenter
738 1472 862 1507 eum
909 1456 1161 1508 lactabat!
1205 1457 1310 1506 Vix

239 1525 352 1577 fieri
393 1531 571 1594 potuit
605 1529 742 1595 quin
791 1546 1043 1597 magnam
1094 1540 1149 1580 et
1188 1531 1309 1580 aliis

240 1596 461 1648 feminis
498 1599 832 1665 inexpertam
874 1600 1213 1652 dulcedinem
1251 1600 1308 1650 in

239 1672 362 1722 talis
400 1672 528 1722 Filii
574 1674 857 1725 lactatione
898 1674 1148 1725 sentiret!
1191 1675 1309 1740 Ipsa

239 1743 409 1809 Virgo
443 1743 707 1795 Infantem
750 1746 894 1796 hunc
925 1746 1167 1811 concepit
1189 1746 1309 1796 sine

240 1815 464 1878 pudore,
503 1817 709 1882 peperit
746 1817 864 1868 sine
901 1818 1102 1878 dolore,
1144 1818 1306 1869 lacta-

238 1884 317 1935 vit
366 1887 566 1936 coelesti
615 1903 751 1939 rore.
796 1888 964 1954 Virgo
1013 1898 1136 1939 ante
1181 1904 1306 1955 par-

237 1964 376 2016 tum,
403 1957 461 2007 in
492 1959 868 2023 conceptione;
898 1960 1068 2026 Virgo
1107 1961 1163 2010 in
1196 1976 1307 2026 par·

236 2037 315 2088 tu,
334 2028 391 2077 in
417 2030 585 2095 prolis
613 2031 896 2095 enixione3
924 2042 976 2083 et
996 2032 1164 2100 Virgo
1189 2042 1308 2098 post

238 2111 482 2166 partum,
539 2104 596 2153 in
654 2104 810 2154 Pueri
859 2105 1173 2156 dulcissima
1222 2106 1305 2157 la-

236 2171 486 2223 ctatione.
536 2174 692 2224 Unde
743 2176 1084 2242 Augustinus
1133 2176 1305 2244 ipsam

146 2252 159 2269 ‘
236 2243 522 2309 Virginem
589 2256 815 2298 matrem
877 2247 1102 2298 dulciter
1159 2250 1305 2299 allo-

238 2328 432 2378 quens,
473 2315 548 2365 ait
581 2333 596 2367 2
642 2335 668 2364 «
715 2318 892 2379 Laeta,
926 2319 1112 2381 Mater,
1143 2319 1306 2370 Chri-

236 2394 384 2434 stum
405 2424 417 2446 ,
477 2397 529 2437 et
586 2389 886 2439 Dominum
951 2401 1199 2441 nostrum
1255 2403 1307 2444 et

236 2464 425 2520 tuum3
476 2458 611 2508 lacta
664 2475 856 2524 panem
907 2462 974 2511 de
1022 2466 1157 2514 coelo
1210 2479 1307 2515 ve·-

236 2528 509 2592 nientem;
547 2531 680 2581 lacta
715 2547 839 2582 eum
866 2533 961 2599 qui
993 2536 1155 2586 talem
1184 2535 1309 2587 fecit

236 2608 307 2657 te,
334 2608 395 2648 ut
418 2600 544 2664 -ipse
569 2599 720 2651 fieret
756 2602 812 2652 in
848 2613 918 2654 te.
948 2605 1075 2656 Tibi
1113 2615 1166 2656 et
1196 2622 1309 2655 mu-

237 2685 345 2719 nus
393 2669 736 2722 fecunditatis
774 2674 955 2726 attulit
1000 2686 1306 2742 conceptuS,

234 2752 287 2791 et
327 2741 535 2793 donum
569 2744 896 2810 virginitatis
934 2763 1046 2800 non
1088 2748 1311 2800 abstulit

236 2811 416 2866 nattis,
448 2835 476 2864 5>
512 2817 668 2869 Unde
697 2821 985 2871 Anselmus
1005 2839 1024 2873 .-
1055 2840 1084 2869 α
1106 2822 1309 2873 Verum

235 2886 372 2935 dum
404 2885 552 2936 hunc
596 2889 881 2940 Parvulum
931 2891 1071 2943 inter
1115 2908 1311 2943 manus

236 2971 367 3007 suas
401 2957 620 3018 versari,
647 2969 700 3009 et
740 2960 805 3010 ad
845 2959 1010 3011 ubera
1046 2977 1144 3012 sua
1172 2977 1311 3028 pen-

234 3030 382 3089 dere,
411 3039 574 3096 atque
608 3033 673 3081 ad
707 3049 895 3098 parvas
929 3033 1086 3085 Pueri
1115 3050 1310 3100 corpo-

237 3100 314 3150 ris
338 3100 591 3152 laesiones
613 3105 958 3167 parvulorum
983 3120 1135 3155 more
1155 3105 1309 3172 vagi-

234 3187 292 3224 re
334 3173 685 3238 conspiceret,
716 3188 845 3240 qu0,
878 3191 1081 3242 precor,
1118 3176 1308 3228 affectu

235 3243 555 3295 movebatur
598 3245 879 3310 piissimus
922 3247 1141 3298 animus
1172 3248 1306 3313 ejuS,

232 3329 415 3380 quove
443 3315 623 3365 studio
653 3316 722 3366 ad
756 3318 1142 3367 occurrendum
1170 3334 1311 3369 cun-

234 3384 341 3435 ctis
368 3400 491 3451 quae
521 3386 865 3438 incommoda
889 3388 967 3439 illi
1006 3388 1120 3440 fore
1142 3389 1308 3440 time-

235 3457 349 3518 bat,
392 3457 678 3523 parabatur
718 3459 1080 3511 castissimum
1114 3477 1310 3527 corpus

233 3531 386 3596 ejus?
404 3547 432 3579 n
449 3531 556 3581 Sed
577 3541 632 3582 et
657 3532 724 3582 de
750 3542 935 3583 sancto
962 3549 1093 3585 sene
1107 3534 1310 3600 Joseph

233 3604 402 3656 refert
428 3606 766 3669 BernarduS,
794 3607 941 3673 quod
975 3622 1203 3674 puerum
1231 3608 1311 3660 Je-

232 3691 556 3742 sum.super
578 3692 754 3743 genua
787 3692 884 3727 sua
913 3687 1103 3729 tenens
1134 3679 1308 3730 eidem

235 3746 557 3814 frequenter.
571 3748 769 3799 arrisit.
791 3749 974 3800 Stante
1001 3749 1168 3815 igitur
1186 3760 1311 3801 ante

236 3833 480 3885 praesepe
530 3819 799 3880 Domina,
842 3830 923 3872 sta
968 3830 1023 3873 et
1061 3830 1121 3871 tu
1165 3822 1312 3887 juxta

237 3906 481 3959 praesepe
523 3909 649 3944 cum
685 3909 764 3956 ea,
801 3903 853 3945 et
895 3895 1153 3948 delectare
1186 3912 1309 3949 curn

366 4010 504 4062 Vrra
537 4012 664 4065 Jnsu
692 4012 930 4078 Cuius-rr,
959 4029 1134 4069 'tonus
1164 4015 1204 4067 1.

1423 402 1588 450 puero
1642 388 1800 446 Jesu,
1855 389 1983 454 quia
2037 390 2208 442 virtus
2257 394 2366 445 exit
2418 395 2485 446 ab

1421 456 1542 506 illo!
1577 457 1827 517 Qualibet
1857 460 2037 511 anima
2073 462 2267 523 fidelis,
2299 474 2352 515 et
2380 481 2488 517 ma—

1420 528 1565 578 xime
1601 529 1868 597 religiosa‚
1905 532 2120 583 deberet
2159 549 2190 583 a
2226 534 2313 585 die
2341 537 2487 587 nati-

1419 599 1599 650 vitatis
1641 600 1862 653 Domini
1911 619 2085 670 usque
2127 605 2193 654 ad
2231 607 2486 670 purifica-

1418 669 1641 731 tionem,
1688 673 1877 724 saltem
1916 675 2081 742 semel
2129 675 2185 724 in
2227 676 2316 726 die
2344 683 2486 745 apud

1418 740 1621 791 dictum
1651 759 1884 811 praesepe
1922 746 2212 796 Dominam
2249 748 2483 811 visitare,

1416 825 1642 875 puerum
1671 813 1874 875 Jesum,
1900 825 1951 865 et
1978 817 2202 868 Matrem
2228 819 2342 883 ejus
2365 820 2488 870 ado-

1416 896 1557 945 rare;
1603 884 1669 934 de
1711 896 2019 951 paupertate
2069 897 2120 938 et
2174 889 2483 951 afflictione,

1416 952 1719 1005 humilitate
1764 967 1816 1006 et
1859 957 2188 1023 benignitate
2238 960 2482 1025 ipsorum

1414 1021 1697 1074 affectuose
1753 1026 2026 1076 meditari.
2086 1027 2285 1078 Vidisti
2340 1043 2484 1095 quo-

1416 1096 1578 1144 modo
1621 1097 1770 1147 beata
1796 1098 1964 1164 Virgo
1994 1099 2052 1149 in
2100 1100 2337 1153 sordenti
2367 1111 2483 1160 sta-

1416 1165 1544 1215 bulo
1588 1166 1852 1232 patienter
1893 1169 2080 1219 multis
2125 1170 2317 1220 diebus
2356 1187 2483 1221 cum

1415 1251 1581 1301 puero
1627 1238 1779 1300 Jesu,
1827 1249 1879 1289 et
1922 1240 2121 1305 Joseph
2172 1257 2483 1307 persevera—

1414 1309 1527 1372 bat3
1558 1310 1703 1360 unde
1746 1327 1854 1361 non
1883 1313 2100 1363 deberet
2133 1313 2291 1364 nobis
2324 1330 2483 1380 grave

1414 1396 1547 1442 esse,
1585 1398 1682 1432 nec
1719 1399 1977 1449 magnum
2023 1385 2214 1446 videri,
2253 1385 2310 1437 in
2355 1403 2482 1438 mo-
2517 1443 2522 1457 t

1415 1452 1645 1502 nasterio
1689 1462 1742 1503 et
1797 1463 1999 1505 secreto
2052 1465 2236 1506 nostro
2292 1457 2483 1508 consi-

1412 1531 1569 1575 stere.

1479 1610 1540 1645 21
1590 1596 1978 1647 Somnum-Ans
2021 1598 2329 1648 Emmmm
2376 1616 2481 1650 m-

1413 1681 1663 1719 ommno·
1699 1696 1758 1705 —
1784 1667 2076 1720 Considera
2105 1686 2250 1719 nunc
2280 1682 2481 1736 quanta

1413 1736 1485 1786 sit
1532 1735 1845 1789 solemnitas
1888 1739 2167 1801 hodierna,
2205 1750 2259 1792 et
2304 1742 2482 1792 laetare

1415 1808 1471 1858 in
1520 1824 1599 1868 ea,
1643 1810 1772 1875 quia
1818 1810 1981 1860 hodie
2020 1826 2272 1877 apparere
2313 1827 2482 1877 coepe-

1413 1890 1541 1930 runt
1568 1878 1691 1930 fidei
1736 1889 1933 1930 nostrae
1972 1880 2145 1931 initia.
2181 1882 2333 1932 Unde
2370 1883 2481 1932 Leo

1416 1954 1554 2019 Papa
1584 1971 1597 2004 z
1631 1971 1658 2000 «
1687 1955 2059 2019 Agnoscamus
2085 1970 2230 2020 ergO‚
2255 1955 2482 2006 dilectis-

1413 2023 1558 2084 simi,
1590 2023 1647 2073 in
1691 2024 1862 2089 Magis
1902 2024 2275 2080 adoratoribus
2317 2025 2480 2076 Chri-

1412 2097 1481 2148 sti
1519 2096 1817 2147 vocationis
1854 2096 2324 2163 nostrae.fideique
2362 2099 2480 2163 pri-

1414 2168 1612 2228 mitiaS,
1629 2178 1681 2217 et
1694 2168 2086 2217 exsultantibus
2101 2168 2299 2218 animis
2313 2169 2481 2219 beatae

1413 2239 1525 2305 spei
1579 2238 1734 2288 initia
1780 2238 2129 2288 celebremus,
2173 2239 2481 2289 Honoretur

1411 2328 1440 2362 a
1471 2311 1631 2361 nobis
1673 2309 2064 2360 sacratissimus
2100 2309 2235 2371 dieS,
2272 2310 2329 2360 in
2368 2327 2481 2377 quo

1412 2384 1600 2434 salutis
1638 2392 1835 2434 nostrae
1861 2384 2062 2434 Auctor
2094 2383 2368 2449 apparuit!
2409 2384 2483 2435 Et

1414 2470 1576 2521 quem
1607 2455 1746 2521 Magi
1783 2452 2020 2505 venerati
2060 2465 2187 2505 sunt
2223 2453 2281 2503 in
2310 2471 2482 2506 cuna-

1412 2526 1587 2586 bulis,
1644 2542 1744 2575 nos
1793 2524 2238 2591 omnipotentem
2290 2526 2481 2577 adore-

1415 2615 1539 2649 mus
1597 2598 1654 2648 in
1712 2598 1887 2661 coelis;
1955 2607 2008 2648 et
2065 2598 2207 2648 sicut
2266 2598 2345 2648 illi
2416 2600 2483 2650 de

1413 2669 1681 2720 thesauris
1741 2669 1854 2719 suis
1922 2668 2175 2735 mysticas
2242 2669 2482 2721 Domino

1414 2757 1703 2792 munerum
1733 2740 1939 2806 species
1966 2739 2298 2801 obtulerunt,
2328 2741 2401 2791 ita
2429 2752 2482 2792 et

1413 2827 1513 2862 nos
1554 2812 1620 2862 de
1668 2811 1921 2861 cordibus
1960 2810 2160 2860 nostris
2210 2826 2331 2877 quae
2369 2812 2481 2862 Deo

1413 2892 1542 2933 sunt
1577 2882 1741 2949 digna
1788 2897 2119 2947 promamus,
2161 2882 2483 2933 Sacramen-

1415 2963 1531 3003 tum
1551 2951 1697 3001 enim
1727 2950 2007 3017 praesentis
2035 2950 2153 3001 festi
2184 2961 2395 3017 oportet
2426 2953 2483 3003 in

1416 3024 1576 3074 nobis
1599 3038 1716 3074 esse
1743 3033 2081 3089 perpetuum,
2119 3025 2266 3090 quod
2293 3024 2482 3091 utique

1414 3095 1532 3146 sine
1558 3094 1666 3144 fine
1705 3094 2079 3155 celebrabitur,
2111 3095 2158 3145 si
2195 3095 2253 3144 in
2296 3095 2482 3145 omni-

1416 3169 1517 3218 bus
1550 3166 1757 3217 actibus
1798 3166 1997 3218 nostris
2033 3165 2301 3222 Dominus
2325 3167 2482 3218 Jesus

1415 3239 1663 3293 Christus
1694 3251 1944 3307 appareat
1969 3258 1985 3292 z
2013 3261 2042 3289 x>
2072 3241 2189 3292 haec
2215 3242 2344 3291 Leo.

1479 3329 1547 3364 22
1588 3314 1873 3365 Minaeum
1916 3329 1971 3365 m
2009 3328 2327 3364 NArrvxrArs
2362 3313 2481 3362 Do-

1414 3404 1530 3439 mm
1559 3404 1814 3439 urnam.
1847 3413 1908 3426 —-
1935 3387 2129 3438 Vidisti
2159 3403 2286 3453 ergo
2315 3401 2481 3452 quam

1416 3461 1586 3513 multa
1633 3477 1771 3512 nova
1821 3460 1879 3511 in
1932 3459 2205 3510 nativitate
2258 3456 2479 3508 Domini

1415 3543 1817 3594 concurrerunt,
1842 3549 1962 3600 quae
1994 3547 2118 3583 eum
2154 3541 2339 3581 natum
2365 3544 2490 3595 pro-

1415 3608 1692 3659 baverunt.
1766 3607 1922 3659 Unde
1980 3605 2400 3671 Chrysostomus
2463 3621 2484 3655 .·

1416 3697 1445 3727 α
1479 3678 1678 3730 Omnia
1702 3678 1884 3746 itaque
1909 3692 2063 3737 nova,
2088 3685 2141 3727 et
2168 3690 2328 3741 supra
2358 3691 2483 3727 mo-

1414 3751 1547 3803 dum
1580 3750 1949 3803 admirationis
1985 3750 2237 3801 humanae
2274 3748 2331 3799 in
2367 3749 2482 3800 Do-

1416 3826 1550 3877 mini
1584 3826 1857 3877 nativitate
1882 3833 2222 3876 occurrerunt
2250 3841 2267 3874 2
2294 3825 2486 3892 Ange-

1416 3899 1503 3950 lus
1551 3900 1609 3951 in
1646 3899 1849 3964 templo
1894 3897 2164 3953 Zachariae
2212 3897 2485 3964 loquitur;

2265 4012 2298 4063 8
