2784 4452
696 328 1050 381 SERMONIS
1077 328 1153 379 IN
1187 326 1444 379 MONTE
1479 326 1992 380 CONTINUATIO.

226 459 391 513 quam
428 443 736 510 quaerebant
758 459 855 510 pro
880 443 1025 493 dono
1062 442 1299 493 eleemo-

226 531 407 584 synae3
454 516 547 566 sed
596 531 754 582 poena
796 524 1124 583 exspectatur
1143 554 1158 576 ,
1202 531 1299 582 pro

226 587 369 638 mala
416 587 731 638 intentione.
790 588 865 638 Ita
911 602 1038 652 ergo
1093 586 1300 638 faciunt

225 659 539 727 hypocritae.
579 660 659 710 Te
694 666 870 710 autem
886 659 1128 725 faciente
1156 659 1297 710 elee-

223 744 528 797 mosynam,
556 730 702 792 quod
735 739 816 780 est
850 745 986 795 opus
1012 730 1077 780 de
1105 745 1298 796 genere

223 805 513 865 bonorum,
536 805 739 855 nesciat
765 805 991 854 sinistra
1016 810 1124 868 tua,
1149 813 1204 854 et
1224 803 1299 853 in·

223 876 397 928 tentio
422 892 682 942 perversa,
708 876 837 942 quid
847 877 1034 942 faciat
1060 876 1295 926 dextera

225 954 337 1012 tua,
369 958 421 999 et
460 948 685 999 intentio
725 958 922 999 sancta.
951 947 1176 998 Sinistra
1216 957 1296 998 est

221 1018 481 1085 appetitio
509 1029 561 1070 et
588 1019 868 1069 delectatio
893 1018 1067 1069 laudis
1095 1018 1294 1069 huma-

224 1106 340 1154 nae,
381 1091 465 1141 vel
506 1091 776 1141 commodi
819 1090 1043 1153 terreni;
1083 1090 1294 1140 dextera

221 1170 404 1214 autem
447 1160 674 1211 intentio
719 1159 979 1226 implendi
1035 1169 1295 1225 praecepta

219 1230 437 1291 divina,
476 1247 571 1282 seu
623 1246 775 1281 amor
819 1231 917 1281 Dei
960 1240 1013 1284 et
1054 1230 1292 1281 coelestis

222 1301 453 1368 praemii.
493 1302 587 1351 Est
632 1317 758 1367 ergo
805 1316 1036 1354 sensus:
1075 1316 1186 1351 non
1234 1316 1292 1351 se

220 1371 520 1422 immisceat
547 1371 776 1421 intentio
804 1371 1031 1437 alicujus
1065 1371 1294 1436 pravita-

219 1444 311 1506 tis,
342 1444 474 1495 dum
504 1454 763 1511 praecepta
776 1444 874 1495 Dei
897 1444 1121 1511 implere
1146 1454 1291 1495 sata-

220 1516 323 1585 gis.
351 1518 418 1567 Et
443 1517 665 1582 exponit
690 1517 837 1583 quod
868 1516 1023 1576 dixit,
1054 1516 1291 1580 nesciat;

221 1586 357 1637 illud
384 1587 530 1638 enim
560 1588 810 1648 nescitur,
835 1587 981 1653 quod
1001 1587 1059 1637 in
1079 1588 1296 1637 abscon-

221 1658 338 1711 dito
376 1668 472 1723 est,
498 1668 550 1709 et
575 1658 695 1709 ideo
724 1658 856 1708 dicit
885 1674 900 1707 ε
940 1658 1010 1708 Ut
1040 1659 1112 1708 sit
1153 1659 1295 1709 elee-

221 1742 456 1795 mosyna
478 1735 568 1779 tua
590 1729 643 1779 in
662 1730 731 1778 ab
764 1728 989 1791 condite,
1007 1728 1079 1779 sit
1094 1728 1297 1780 scilicet

220 1799 519 1851 secundum
550 1799 723 1849 ration
837 1798 1172 1862 intentionis»,
1194 1800 1293 1850 etsi

207 1885 336 1920 -non
382 1870 682 1921 secundum
722 1870 986 1920 rationem
1023 1872 1296 1937 operatio-

224 1939 344 2004 nis3
407 1941 481 1991 sit
525 1942 578 1991 in
633 1941 943 1992 abscondito
991 1950 1046 1991 et
1094 1951 1294 1992 secreto

223 2011 456 2076 mentis,
499 2011 554 2061 id
590 2022 673 2063 est
713 2012 771 2061 in
815 2011 929 2077 ipsa
973 2011 1116 2063 bona
1158 2028 1295 2063 con-

222 2081 474 2142 scientia,
505 2097 626 2147 quae
666 2081 920 2132 humanis
942 2082 1295 2133 demonstrari

171 2177 176 2184 ·
223 2167 334 2203 non
385 2160 557 2218 potest
609 2152 799 2203 oculis.
836 2151 1046 2202 Sufficit
1085 2152 1184 2202 tibi
1227 2153 1294 2203 ad

171 2258 180 2265 ·
218 2223 639 2288 promerendum
682 2222 984 2289 praemium,
1010 2223 1107 2290 qui
1148 2223 1297 2274 solus

216 2293 561 2347 conscientiae
607 2293 880 2360 inspector
930 2304 1029 2344 est.
1070 2295 1138 2345 Et
1190 2294 1312 2344 hoc·

216 2373 301 2416 est
345 2364 492 2429 quod
521 2364 773 2414 subditur
806 2381 820 2414 z
847 2364 926 2415 Et
955 2366 1126 2415 Pater
1151 2371 1291 2428 tuus,

216 2435 425 2488 scilicet
445 2437 608 2497 DeuS,
629 2436 725 2503 qui
754 2446 837 2487 est
864 2437 1019 2486 Pater
1046 2436 1294 2487 omnium

217 2522 316 2573 per
369 2507 687 2558 creationem
710 2545 725 2571 ‚
771 2518 824 2559 et
880 2508 1144 2573 justorum
1202 2523 1296 2574 per

216 2576 398 2644 gratiae
426 2578 792 2645 adoptionem,
817 2579 909 2644 qui
936 2579 1080 2629 videt
1105 2579 1159 2629 in
1178 2580 1296 2629 abs-

204 2651 437 2713 condito,
470 2652 599 2718 quia
643 2652 757 2717 ipse
798 2653 949 2705 solus
984 2652 1131 2702 videt
1196 2652 1290 2701 in·-

219 2724 515 2774 tentionem
539 2724 803 2785 cordium,
826 2725 1013 2775 reddet
1032 2724 1145 2785 tibi,
1166 2724 1295 2790 quia

220 2794 483 2845 retribuet
530 2795 717 2855 bonis,
772 2796 1068 2845 secundum
1119 2795 1295 2844 inten-

215 2867 425 2917 tionem
450 2867 628 2917 cordis
660 2866 979 2917 hominibus
1000 2867 1294 2917 abscondi-

217 2947 331 2990 tam
364 2948 415 2989 et
456 2938 736 2998 occultam,
768 2938 864 2988 etsi
908 2953 1017 2992 non
1059 2937 1117 2987 in
1156 2952 1295 3002 prae-

215 3009 375 3070 senti,
404 3019 584 3060 tamen
616 3009 672 3059 in
708 3009 909 3059 futuro,
937 3008 1057 3058 Non
1084 3024 1212 3074 ergo
1246 3009 1291 3059 si

215 3080 333 3132 haec
370 3080 543 3131 sciant
569 3080 822 3130 homines
840 3118 855 3143 ‚
889 3079 1293 3129 formidandum

216 3162 319 3214 est,
350 3154 442 3203 sed
475 3152 520 3202 si
548 3152 652 3203 hoc
686 3152 871 3202 animo
900 3150 1046 3212 fiant,
1071 3160 1133 3201 ut
1173 3150 1293 3201 fru-

212 3233 334 3276 ctus
369 3224 611 3290 placendi
646 3223 965 3274 hominibus
995 3222 1053 3272 in
1083 3223 1161 3273 eis
1194 3238 1294 3273 ex-

212 3308 496 3365 spectetur,
521 3308 573 3348 et
599 3300 715 3349 laus
735 3298 972 3348 humana
1004 3296 1295 3348 admiscea-

210 3379 318 3421 tur.
368 3371 428 3420 In
471 3369 622 3419 omni
683 3369 832 3420 enim
874 3383 1036 3434 opere
1083 3378 1289 3426 nostro,

209 3438 387 3490 nescit
413 3439 634 3489 sinistra
662 3439 795 3504 quid
831 3437 959 3489 facit
985 3438 1217 3499 dextera,
1243 3440 1289 3489 si

211 3526 325 3561 non
349 3525 534 3560 amore
561 3509 739 3560 laudis
770 3510 1041 3574 humanae,
1071 3510 1164 3559 sed
1191 3509 1289 3559 Dei

207 3595 394 3631 amore
448 3589 499 3631 et
548 3580 766 3646 justitiae
815 3580 870 3630 id
930 3595 1170 3646 agamus.
1219 3581 1292 3631 Et

209 3650 334 3700 ideo
358 3649 469 3701 sive
501 3649 558 3699 in
588 3651 893 3717 synagogis,
922 3649 1035 3700 sive
1071 3649 1126 3699 in
1155 3650 1289 3700 vicis

210 3729 264 3772 et
300 3721 489 3786 plateis
536 3722 963 3788 eleemosynam,
1009 3721 1110 3779 vel,
1142 3721 1288 3772 aliud

210 3806 348 3856 opus
378 3792 581 3842 bonum
611 3792 735 3859 quis
761 3791 936 3852 faciat,
969 3791 1023 3841 in
1057 3791 1289 3843 abscon-

212 3861 328 3911 dito
374 3871 551 3913 tamen
603 3863 757 3931 facit,
817 3861 1131 3928 quicunque
1185 3862 1288 3912 hoc

213 3930 439 3996 faciens,
479 3949 588 3984 non
635 3934 704 3984 ab
746 3933 1082 3996 hominibuS,
1121 3934 1213 3985 sed
1260 3951 1292 3986 a

1025 4200 1134 4265 f

2365 326 2467 393 345

1405 441 1536 503 Deo,
1561 433 1729 491 videri
1744 442 2027 495 desiderat.
2047 444 2094 494 E
2114 452 2300 495 contra
2321 459 2470 506 vero,
2531 429 2538 441 '

1359 537 1365 544 -
1402 513 1496 579 qui
1526 513 1583 563 in
1611 513 1928 565 abscondito
1960 516 2356 581 eleemosynam
2384 515 2470 566 fa·—

1401 585 1491 646 cit,
1518 595 1574 636 et
1598 586 1766 637 videri
1791 588 2015 653 cupiens
2036 588 2250 639 laudem
2279 605 2344 639 ex
2367 589 2470 640 hac

1400 667 1453 709 et
1471 658 1696 724 gloriam
1716 661 1926 727 quaerit,
1948 677 2056 714 non
2075 660 2133 710 in
2154 661 2470 712 abscondito

1400 728 1619 794 quidem
1664 728 1823 795 facit,
1876 731 2137 797 quoniam
2182 730 2472 781 abscondi-

1398 807 1516 849 tum
1553 815 1663 849 non
1694 802 1811 852 vult
1848 817 1963 852 esse
1989 802 2135 868 quod
2163 800 2313 865 facit3
2345 811 2472 852 tan-

1398 882 1625 939 tumque
1663 874 1713 924 ei
1759 876 1924 939 valet,
1968 890 2028 925 ac
2068 875 2115 925 si
2162 871 2219 924 in
2256 874 2470 941 publico

1397 942 1564 996 fieret.
1598 946 1754 997 Unde
1803 948 2226 1017 chrysostomus
2253 965 2272 997 .-
2302 965 2330 993 «
2361 947 2470 997 Po·-

1397 1025 1502 1066 test
1534 1016 1683 1068 enim
1712 1018 1909 1084 aliquis
1935 1034 2113 1069 coram
2150 1017 2470 1069 hominibus

1398 1086 1791 1153 eleemosynam
1837 1088 2024 1153 facere,
2053 1104 2151 1139 nec
2193 1098 2368 1139 tamen
2401 1086 2468 1137 ad

1398 1157 1502 1207 hoc
1528 1157 1727 1222 facere,
1745 1168 1808 1209 ut
1833 1174 1952 1211 eam
1981 1159 2270 1222 hominum
2297 1156 2470 1208 oculis

1398 1229 1669 1293 ostendet;
1703 1239 1757 1280 et
1777 1229 1977 1296 aliquis
2005 1246 2116 1280 non
2146 1245 2325 1279 coram
2360 1229 2470 1278 ho-

1399 1300 1640 1352 minibus
1683 1301 1914 1360 faciens,
1960 1317 2023 1352 eo
2067 1311 2250 1352 tamen
2288 1300 2470 1350 animo

1398 1372 1593 1433 facere,
1622 1381 1684 1422 ut
1709 1388 1766 1422 se
1794 1372 1849 1422 id
1877 1372 2159 1432 facientem
2191 1380 2338 1437 optet
2377 1369 2469 1422 vi-

1397 1446 1531 1496 deri.
1599 1446 1819 1511 Propter
1885 1446 2031 1512 quod
2091 1461 2201 1495 non
2267 1445 2470 1495 factum

1398 1516 1599 1583 ipsum,
1621 1518 1714 1567 sed
1740 1517 2091 1581 voluntatem,
2112 1525 2203 1566 aut
2231 1524 2468 1576 coronat,

1397 1600 1490 1641 aut
1513 1590 1686 1654 punit3
1720 1605 1815 1640 nec
1829 1588 1925 1639 fini
1953 1589 2149 1655 operis,
2169 1588 2262 1639 sed
2281 1589 2471 1638 volun·

1397 1660 1492 1711 tati
1515 1660 1805 1727 operantiS,
1828 1660 2124 1710 mercedem
2145 1660 2470 1709 damnumve

1398 1733 1652 1785 decernit.
1701 1734 1824 1783 Non
1870 1733 2038 1799 igitur
2093 1731 2470 1782 tantummodo

1398 1804 1608 1855 dedisse
1637 1803 2052 1869 eleemosynam,
2085 1802 2179 1853 sed
2209 1800 2472 1868 quemad-

1401 1876 1626 1927 modum
1683 1885 1895 1941 oportet
1961 1874 2204 1937 dedisse,
2256 1872 2472 1924 virtutis

1398 1957 1480 1998 est
1507 1964 1521 1999 z
1555 1967 1578 1994 ιο
1612 1948 1728 1998 haec
1751 1947 2196 2015 chrysostomus.

1462 2034 1500 2083 4
1521 2019 1602 2069 De
1626 2034 1888 2069 omn-rone
1911 2034 1979 2068 m·
2003 2033 2197 2068 omnm
2222 2032 2382 2067 nono,
2408 2044 2470 2055 —

1399 2091 1658 2141 Similiter
1686 2091 1745 2141 in
1775 2091 2031 2155 oratione,
2071 2090 2222 2139 docet
2253 2105 2352 2139 nos
2378 2089 2473 2139 fu-

1401 2176 1523 2226 gere
1544 2176 1736 2212 vanam
1758 2160 2004 2228 gloriam,
2030 2169 2091 2210 ut
2123 2175 2234 2209 non
2263 2174 2382 2209 ores
2410 2158 2471 2208 in

1401 2232 1636 2299 public0,
1666 2233 1732 2282 ad
1761 2232 2270 2291 manifestationem,
2299 2240 2361 2282 ut
2386 2230 2472 2281 vi-

1400 2303 1576 2354 dearis
1609 2304 1677 2353 ab
1718 2303 2054 2367 hominibuS,
2093 2302 2230 2352 sicut
2267 2301 2475 2352 faciunt

1401 2374 1709 2440 hypocritae,
1736 2374 1850 2440 qui,
1880 2383 1943 2424 ut
1977 2372 2107 2423 dicit
2131 2373 2474 2443 chrysosto-

1400 2460 1534 2508 muS,
1589 2461 1699 2507 non
1753 2445 2042 2495 intendunt
2083 2443 2344 2503 exaudiri,
2377 2441 2472 2492 sed

1399 2514 1587 2565 videri.
1620 2515 1686 2565 Et
1708 2513 1836 2580 quia
1877 2513 2233 2564 intentionem
2271 2512 2476 2563 habent

1400 2601 1720 2651 perversam,
1764 2586 1886 2636 ideo
1931 2586 2249 2636 damnosam
2278 2584 2476 2635 subdit

1400 2659 1674 2723 sequelam
1720 2658 1850 2724 quia
1895 2663 2207 2723 receperunt
2270 2671 2474 2707 merce-—

1400 2731 1577 2781 cedem
1611 2745 1783 2792 suam,
1816 2729 2018 2780 scilicet
2049 2729 2262 2780 laudem
2303 2738 2477 2779 trans-

1398 2800 1611 2850 itoriam
1631 2839 1644 2862 ,
1689 2801 1781 2850 sed
1823 2800 2039 2850 tandem
2077 2798 2332 2865 recipient
2369 2814 2476 2865 poe-

1400 2885 1524 2920 nam
1566 2880 1837 2921 aeternam.
1867 2871 2264 2934 Argumentum
2309 2869 2475 2921 habes

1400 2959 1464 2993 ex
1498 2942 1619 3002 hoc,
1649 2943 1797 3008 quod
1839 2957 1963 2991 cum
2008 2956 2142 2991 vana
2187 2941 2356 3007 gloria
2403 2941 2476 2992 sit

1399 3012 1624 3062 mortale
1665 3020 1955 3077 peccatum,
1987 3011 2108 3062 ideo
2143 3028 2301 3062 omne
2335 3027 2473 3077 opus

1396 3098 1461 3133 ex
1493 3096 1629 3132 vana
1661 3081 1832 3147 gloria
1872 3081 2073 3132 factum
2116 3092 2196 3132 est
2247 3083 2473 3132 mortale

1397 3152 1754 3218 reputandum
1773 3191 1786 3213 ,
1816 3152 1946 3218 quia
1975 3169 2073 3218 pro
2102 3169 2164 3204 eo
2197 3167 2355 3217 poena
2385 3152 2472 3201 in-

1395 3223 1601 3290 fligitur
1630 3234 1842 3276 aeterna.
1872 3225 1948 3275 Ita
1976 3240 2103 3291 ergo
2127 3224 2330 3274 faciunt
2362 3224 2472 3290 hy·-

1395 3293 1631 3360 pocritae.
1678 3295 1764 3344 Tu
1810 3301 1986 3346 autem
2027 3310 2143 3346 cum
2185 3293 2433 3344 oraveris
2450 3331 2470 3357 ,

1397 3366 1540 3415 intra
1579 3364 1632 3414 in
1679 3365 1973 3415 cubiculum
2015 3370 2177 3427 tuum,
2216 3363 2270 3412 id
2303 3373 2382 3414 est
2411 3362 2474 3413 in

1396 3437 1577 3486 locum
1602 3446 1884 3496 secretum,
1915 3442 1967 3487 et
1984 3436 2169 3486 clauso
2210 3434 2367 3498 ostio,
2404 3449 2474 3484 ne

1394 3507 1572 3558 veniat
1621 3507 1911 3557 multitudo
1953 3505 2254 3570 impediens
2297 3507 2472 3557 eleva-

1395 3580 1602 3629 tionem
1634 3579 1851 3642 mentis,
1881 3588 1934 3629 et
1960 3588 2197 3629 avertens
2221 3588 2272 3629 te
2301 3593 2332 3628 a
2357 3593 2476 3643 pro-
2502 3624 2505 3627 ,

1394 3652 1589 3719 posite,
1615 3666 1716 3703 ora
1735 3654 1961 3703 Patrem
1990 3657 2151 3714 tuum,
2180 3651 2472 3712 coelestem,

1392 3725 1447 3774 in
1474 3723 1805 3773 abscondito·
1840 3722 1908 3771 Et
1947 3731 2028 3772 est
2056 3737 2249 3772 sensus
2277 3736 2474 3770 secun-

1391 3793 1525 3844 dum
1570 3792 1878 3858 Remigium
1919 3809 1938 3843 .·
1981 3791 2220 3842 Sufficiat
2267 3791 2362 3842 tibi
2409 3798 2473 3841 ut

1394 3865 1486 3916 ille
1523 3864 1673 3914 solus
1708 3863 1916 3914 noverit
1954 3874 2104 3914 tuam
2152 3863 2471 3919 orationem.

1392 3935 1488 4003 qui
1536 3932 1786 3984 omnium
1837 3935 1995 3986 corda
2045 3935 2198 3986 novit
2242 3933 2470 3993 occulta,
