2784 4452
978 265 1072 318 DE
1096 260 1457 317 RAPTJSMO
1488 261 1766 315 DOMINI.

1104 640 1442 713 CAPUT
1487 642 1657 712 XXI

944 887 1050 956 De
1092 885 1457 979 Baptismo
1493 886 1812 956 Domini.

1088 1134 1375 1200 Matthaei
1424 1155 1562 1220 cap.
1599 1134 1660 1200 3.

336 1395 354 1429 1
396 1378 571 1428 Locus
587 1375 839 1425 Bunsm
852 1374 1158 1425 Cua1s11.——
1172 1373 1334 1425 Com-

261 1449 423 1517 pletis
476 1445 663 1499 autem
715 1445 1103 1511 vigintinovem
1173 1444 1333 1495 annis

264 1522 436 1574 aetatis
471 1535 603 1584 suae,
646 1519 849 1586 quibus
883 1517 1153 1567 Dominus
1176 1516 1333 1568 Jesus

264 1597 345 1646 sic
373 1607 591 1660 poenose
618 1601 671 1643 et
696 1592 899 1656 abjecte
918 1590 1139 1650 vixerat,
1163 1599 1217 1640 et
1232 1589 1336 1640 tri-

266 1667 476 1733 gesimo
515 1665 623 1730 jam
677 1663 919 1729 incepto,
960 1667 1015 1712 et
1060 1660 1117 1712 in
1148 1661 1335 1711 diebu

262 1737 397 1799 illis,
436 1733 640 1785 scilicet
665 1734 867 1799 quibus
902 1733 1132 1783 Joannes
1165 1731 1337 1797 bapti-

264 1807 437 1866 zabat,
454 1815 508 1856 et
533 1805 864 1870 praedicabat,
886 1812 1174 1869 antequam
1191 1803 1337 1853 clau-

264 1878 480 1928 deretur
511 1876 571 1926 in
602 1889 827 1939 carcere,
851 1873 982 1924 dicit
1004 1874 1159 1924 Jesus
1178 1872 1334 1923 Matri

267 1964 414 2009 suae,
445 1947 573 2014 quia
612 1956 827 2014 tempus
873 1955 953 1997 est
998 1955 1060 1996 ut
1094 1946 1249 1997 vadat
1282 1954 1338 1996 et

266 2020 530 2088 glorificet
543 2058 559 2081 ‚
624 2034 688 2071 ac
751 2019 1055 2070 manifestet
1126 2019 1335 2068 Patrem

268 2110 460 2157 suum,
495 2103 548 2143 et
592 2108 651 2144 se
689 2093 897 2143 mundo
943 2090 1205 2155 ostendat,
1239 2090 1336 2157 qui

266 2166 365 2216 diu
394 2166 642 2225 latuerat,
676 2174 730 2215 et
755 2172 1006 2231 operetur
1032 2162 1336 2213 animarum

269 2239 500 2288 salutem
514 2275 527 2298 ‚
560 2251 661 2303 pro
689 2249 798 2302 qua
828 2235 983 2286 Pater
1016 2234 1196 2301 ipsum
1228 2234 1338 2284 huc

269 2308 510 2358 miserat.
540 2308 607 2359 Et
634 2315 937 2358 reveoenter
967 2321 1026 2357 se
1052 2305 1338 2356 licentiatis

260 2380 338 2429 ab
364 2394 442 2438 ea,
471 2389 526 2428 et
560 2378 784 2429 nutritio
812 2392 913 2427 suo
939 2376 1159 2442 Joseph,
1197 2375 1339 2426 venit

267 2464 307 2499 a
335 2448 619 2514 Nazareth
648 2447 921 2509 Gdilaeoe,
962 2446 1060 2497 ubi
1101 2445 1338 2495 nutritus

264 2521 460 2582 fuerat,
491 2534 611 2585 quae
637 2527 883 2584 respectu
918 2516 1214 2568 Jerusalem
1256 2524 1339 2566 est

267 2593 337 2642 ad
364 2592 720 2658 Aquilonem;
751 2599 803 2641 et
826 2590 922 2642 ivit
944 2603 1134 2641 versus
1157 2589 1338 2640 locum

267 2662 550 2727 jordanis,
592 2662 687 2713 ubi
728 2663 964 2712 Joannes
1005 2659 1337 2726 baptizabat,

266 2749 384 2785 non
412 2734 574 2799 longe
609 2748 642 2782 a
668 2733 900 2793 jericho,
938 2747 1060 2798 quae
1095 2739 1339 2796 respectu

261 2806 565 2857 Jerusalem
598 2815 679 2855 est
705 2805 771 2855 ad
817 2804 1114 2856 Orientem.
1142 2803 1223 2854 De
1246 2803 1340 2853 Je-

270 2877 427 2927 richo
454 2875 621 2936 enim,
650 2875 902 2926 similiter
924 2875 991 2925 ad
1037 2873 1339 2934 Orientem,

265 2957 403 2999 sunt
442 2947 594 3013 quasi
619 2947 728 2998 duo
769 2945 1022 2996 milliaria
1058 2959 1236 3011 usque
1273 2945 1340 2995 ad

274 3019 535 3084 capellam
583 3019 751 3069 sancti
795 3016 1049 3081 bannis,
1086 3016 1181 3066 ubi
1221 3015 1343 3081 ipse

270 3090 570 3152 habitabat,
599 3100 652 3141 et
672 3089 799 3140 inde
825 3088 980 3155 quasi
1005 3103 1182 3139 unum
1210 3086 1345 3137 mil-

270 3164 422 3227 liare,
454 3179 629 3232 usque
652 3164 719 3213 ad
746 3163 931 3213 locum
952 3160 1219 3221 Jordanis,
1245 3159 1342 3211 ubi

270 3237 527 3289 Christus
579 3236 775 3287 dicitur
841 3236 1139 3301 baptizams
1205 3233 1344 3284 inter

275 3308 467 3364 Ennon
497 3318 550 3359 et
576 3308 764 3368 Salim‚
784 3322 897 3358 non
914 3308 1077 3373 longe
1100 3322 1133 3356 a
1158 3314 1346 3357 monte

277 3381 483 3432 Gelboe
520 3382 577 3432 in
620 3381 899 3442 Bethania,
918 3396 1041 3447 quoe
1067 3389 1148 3432 est
1182 3395 1347 3446 supra

276 3453 582 3513 Jordanem‚
613 3453 787 3505 tribus
812 3452 979 3504 leucis
1014 3453 1082 3503 de
1112 3452 1344 3514 Jericho,

279 3523 373 3573 sed
396 3524 606 3574 duabus
633 3524 702 3575 de
727 3525 927 3589 capella
967 3522 1140 3574 sancti
1178 3523 1348 3574 smn-

282 3593 386 3654 niS,
417 3596 713 3645 secundum
736 3594 1066 3661 Remigium,
1093 3592 1223 3660 quia
1249 3594 1349 3645 Ga-

278 3663 417 3714 lilaea
438 3665 875 3731 transmigratio,
906 3675 958 3716 et
984 3663 1233 3715 jordanis
1260 3664 1350 3715 de-

281 3748 503 3786 scensus
517 3735 911 3802 interpretatur.
944 3736 1042 3787 Per
1068 3737 1171 3787 hoc
1202 3734 1350 3801 quod

282 3808 435 3859 Jesus
462 3810 529 3860 de
549 3810 767 3861 Galilaea
784 3809 932 3861 venit
956 3811 1024 3860 ad
1043 3809 1348 3870 Jordanem‚

280 3878 616 3945 significatur
653 3881 800 3947 quod
837 3881 952 3947 ejus
995 3880 1237 3935 membra
1252 3918 1269 3944 ,
1300 3877 1350 3933 si

1438 1373 1604 1425 velint
1634 1372 1917 1439 baptizari,
1951 1382 2004 1425 et
2027 1389 2123 1441 per
2160 1376 2384 1441 gratiam
2427 1378 2510 1428 la-

1437 1443 1567 1505 vari,
1584 1453 1792 1510 oportet
1810 1460 1872 1496 ea
1888 1447 2257 1512 transmigrari
2272 1448 2339 1498 de
2359 1446 2511 1500 vitiis

1438 1517 1790 1638 aggimoes‘
1829 1526 1882 1568 et
1924 1518 2295 1570 descendendo
2322 1520 2513 1572 humi-

1503 1673 1535 1708 2
1571 1656 1689 1708 Coa
1705 1673 1847 1710 anno
1871 1673 2154 1710 raieasnto
2173 1675 2288 1710 svin
2310 1673 2515 1712 iarn-ts

1439 1743 1763 1781 amamus
1793 1746 1891 1783 εει·
1925 1732 2227 1784 Camsrus?
2247 1761 2308 1772 —
2333 1733 2404 1785 Ut
2426 1750 2515 1784 au—

1441 1810 1621 1853 autem
1649 1801 1725 1852 ait
1753 1803 1908 1853 Beda
1942 1821 1960 1854 .-
2004 1822 2034 1851 ιι
2055 1805 2210 1854 Jesus
2246 1819 2514 1855 annorum

1439 1873 1663 1939 triginta
1697 1874 2010 1941 baptizatus,
2033 1876 2250 1943 incoepit
2276 1878 2515 1943 apertius

1443 1946 1593 2013 signa
1643 1947 1813 1998 facere
1852 1959 1906 1999 et
1942 1950 2160 2011 docere,
2205 1951 2514 2017 legitimum

1441 2027 1660 2084 tempus
1691 2019 2012 2080 ostendens,
2055 2020 2145 2069 his
2169 2020 2262 2087 qui
2292 2036 2514 2076 omnem

1442 2099 1670 2151 aetatem,
1691 2092 1779 2141 ⁸trel
1815 2091 1882 2141 ad
1911 2093 2290 2153 sacerdotium,
2325 2095 2410 2143 vel
2446 2094 2514 2143 ad

1444 2160 1745 2213 docendum
1775 2172 1963 2229 putant
1993 2174 2372 2230 opportunam.
2407 2166 2517 2215 Nec

1443 2242 1627 2284 contra
1654 2232 1759 2283 hoc
1783 2248 2001 2284 movere
2023 2235 2336 2300 quempiam
2361 2236 2526 2286 deber

1444 2303 1590 2370 quod
1626 2302 1910 2364 heremias,
1950 2313 2112 2370 atque
2157 2305 2348 2354 Daniel
2386 2321 2518 2371 pro·-

1445 2374 1641 2441 phetiae
1677 2374 1939 2441 Spiritum
1976 2375 2132 2426 Pueri
2177 2388 2515 2442 acceperunt,

1445 2446 1574 2513 quia
1597 2447 1854 2497 miracula
1893 2447 1951 2498 in
1986 2449 2298 2514 exemplum
2324 2465 2518 2515 opera-

1446 2518 1614 2571 tionis
1633 2536 1748 2571 non
1771 2531 1903 2572 sunt
1930 2521 2208 2572 trahenda.
2239 2522 2521 2574 Tricenna·

1445 2589 1514 2642 lis
1551 2601 1728 2642 autem
1773 2590 2021 2658 baptizati
2067 2592 2359 2643 Salvatoris
2394 2603 2522 2644 aetas

1436 2661 1773 2713 conveniens
1799 2660 1922 2724 fuit,
1954 2672 2006 2713 et
2044 2661 2204 2713 nobis
2247 2664 2520 2725 convenit,

1446 2741 1663 2799 propter
1718 2729 2039 2797 mysterium
2100 2732 2382 2784 Trinitatis
2395 2772 2410 2795 ‚
2468 2745 2523 2785 et

1448 2807 1815 2874 operationem
1869 2806 2142 2873 Decalogi.
2219 2808 2326 2868 Qui
2394 2823 2521 2876 ergo

1449 2878 1765 2944 baptizatur,
1785 2876 1868 2926 vel
1897 2877 2092 2942 gaudet
2126 2891 2186 2928 se
2214 2893 2328 2928 esse
2356 2879 2523 2945 bapti—

1439 2957 1645 3010 zatum,
1664 2948 1975 2998 tricennalis
2017 2948 2090 2998 sit
2130 2949 2189 2999 in
2218 2950 2366 3000 hunc
2411 2965 2524 3001 mo—

1448 3020 1613 3082 dum,
1653 3028 1716 3069 ut
1751 3018 1814 3068 in
1855 3015 1960 3068 fide
1999 3029 2195 3069 sanctae
2236 3019 2523 3071 Trinitatis

1447 3089 1726 3155 intelligat,
1740 3097 1793 3138 et
1831 3089 2094 3156 compleat
2119 3090 2446 3157 Deculogum
2462 3108 2521 3141 z»

1449 3160 1564 3211 haec
1588 3159 1758 3210 Beda.
1789 3157 1891 3209 Hic
1911 3175 2059 3226 ergo,
2087 3162 2385 3211 secundum
2413 3163 2528 3212 Ra—

1450 3232 1642 3283 banum
1660 3267 1679 3294 ,
1730 3229 2055 3285 instruimur
2077 3233 2288 3282 nullum
2330 3232 2524 3282 debere

1451 3302 1777 3356 sacerdotem
1793 3342 1809 3364 ,
1837 3314 1930 3355 aut
1954 3304 2357 3371 praedicatorem
2385 3302 2522 3365 fieri,

1450 3376 1536 3428 vel
1562 3374 1814 3426 Ecclesiae
1853 3375 2051 3442 prefici
2069 3414 2083 3436 ,
2128 3374 2236 3424 nisi
2265 3373 2438 3424 virilis
2469 3384 2527 3424 et

1451 3445 1696 3515 perfectae
1745 3446 1918 3498 aetatis
1969 3445 2151 3497 fuerit.
2215 3445 2319 3495 Sed
2375 3444 2522 3494 heu!

1455 3535 1601 3570 nunc
1653 3519 1786 3571 tales
1838 3517 2205 3585 praeficiuntur
2266 3515 2523 3582 regimini

1453 3591 1732 3654 Ecclesiae,
1773 3591 1869 3658 qui
1904 3591 2110 3657 seipsos
2147 3588 2396 3640 nesciunt
2433 3604 2526 3638 re·-

1455 3680 1597 3732 gere‚
1625 3664 1760 3716 tales
1796 3672 2166 3730 procuratores
2209 3659 2524 3727 patrimonii

1457 3734 1734 3797 Crucifixi,
1761 3734 1856 3801 qui
1874 3748 2097 3784 suarum
2117 3744 2296 3783 rerum
2319 3740 2525 3781 tutores

1456 3822 1573 3864 esse
1600 3822 1709 3857 non
1744 3813 1996 3872 possunt3
2041 3803 2162 3854 aliis
2189 3803 2351 3860 etiam
2382 3815 2525 3868 prae-

1457 3875 1574 3933 esse
1615 3879 1808 3933 volunt
1822 3915 1838 3942 ,
1885 3877 1981 3944 qui
2016 3876 2309 3944 paedagogo
2348 3875 2525 3927 adhuc
