2784 4452
347 290 454 355 324

341 409 519 458 solum
561 405 800 463 doceant,
849 400 943 451 sed
1002 398 1162 449 etiam
1211 395 1421 454 faciant,

342 478 471 544 quia
519 477 584 526 ad
613 475 840 525 salutem
889 487 997 521 non
1040 466 1234 520 sufficit
1275 465 1415 515 bona

339 549 597 609 doctrina,
629 546 735 596 nisi
767 545 904 595 adsit
940 544 1081 593 bona
1122 541 1262 603 vita;
1308 538 1410 599 vel,

340 619 640 671 secundum
691 615 1084 683 Augustinum,
1142 610 1248 661 nisi
1303 625 1410 659 non

338 694 517 745 solum
561 690 652 741 illa
688 688 847 755 Legis
897 685 1122 736 minima
1155 692 1411 749 praecepta

337 763 693 832 impleverint,
730 761 822 811 sed
870 760 1030 810 etiam
1061 757 1161 807 ista
1190 770 1311 821 quae
1341 755 1409 805 ab

335 853 399 887 eo
456 836 745 893 adduntur,
799 840 953 897 negat
999 829 1075 879 eis
1128 825 1405 877 introitum

333 906 482 974 regni
513 905 805 964 coelorum3
837 916 930 967 per
959 898 1216 966 justitiam
1258 898 1405 948 enim

338 976 516 1042 Legis,
562 974 745 1024 nullus
787 971 986 1021 intrare
1030 967 1204 1035 potuit
1234 968 1288 1018 in
1316 982 1406 1017 re-

336 1062 506 1113 gnum
528 1045 804 1101 coelorum,
833 1041 954 1091 licet
975 1039 1176 1106 justitia
1192 1036 1405 1104 proprie

336 1125 581 1167 sumatur
610 1128 705 1178 pro
753 1111 949 1162 virtute
978 1108 1255 1172 cardinali,
1298 1123 1405 1174 qua

336 1188 578 1240 redditur
604 1184 896 1250 unicuique
925 1184 1071 1249 quod
1113 1198 1274 1232 suum
1304 1189 1402 1239 est,

334 1262 479 1326 large
518 1268 697 1308 tamen
727 1255 961 1306 sumitur
1000 1255 1127 1317 hic3
1168 1253 1313 1320 quia,
1344 1263 1405 1303 ut

335 1332 466 1383 dicit
492 1330 880 1397 Hieronymum,
914 1342 1100 1377 omnes
1143 1326 1403 1376 virtutum

333 1399 537 1468 species
579 1415 686 1448 uno
716 1397 934 1463 justitiae
965 1396 1188 1446 nomine
1224 1395 1404 1446 conti-

335 1479 552 1523 nentur.
580 1469 645 1519 Et
673 1467 968 1519 secundum
1000 1467 1102 1516 hoc
1132 1465 1265 1516 dicit
1282 1467 1404 1515 Au·-

331 1544 607 1612 gustinuS,
645 1542 779 1592 duas
815 1555 930 1590 esse
959 1550 1133 1605 partes
1164 1538 1401 1605 justitiae,

333 1614 540 1666 scilicet
576 1612 836 1662 declinare
873 1626 903 1660 a
942 1610 1102 1672 malo,
1135 1620 1188 1659 et
1234 1609 1404 1659 facere

337 1688 561 1746 bonum,
587 1684 715 1749 quia
736 1683 811 1733 sic
838 1681 1040 1747 justitia
1056 1680 1405 1747 distinguitur

332 1765 519 1807 contra
582 1762 875 1818 peccatum.
945 1750 1050 1802 Ubi
1126 1750 1402 1801 sciendum

334 1825 481 1893 quod
513 1823 652 1874 sicut
680 1832 808 1873 sunt
855 1821 1001 1872 varia
1032 1821 1170 1871 dona
1202 1821 1402 1887 gratia—

332 1911 458 1948 rum
497 1894 616 1954 Dei,
670 1894 741 1943 ita
794 1901 922 1942 sunt
970 1891 1103 1942 varii
1141 1901 1311 1942 status
1351 1902 1404 1942 et

332 1965 669 2018 conditiones
684 1964 993 2015 hominum.
1017 1964 1238 2029 Propter
1255 1964 1402 2030 quod

331 2038 423 2091 his
462 2037 558 2105 qui
606 2046 731 2088 sunt
781 2037 836 2086 in
874 2045 1013 2086 statu
1062 2035 1270 2101 majori,
1316 2051 1403 2086 re-

331 2118 517 2175 spectu
559 2107 855 2167 minorum,
893 2116 1012 2171 apte
1052 2106 1157 2156 dici
1187 2116 1398 2171 potest:

330 2180 467 2232 Nisi
507 2178 889 2231 ‘abundaverit
930 2176 1156 2247 justitia
1218 2184 1403 2228 vestra

324 2255 456 2321 plus
490 2269 665 2321 quam,
714 2254 922 2312 talium,
972 2252 1177 2302 scilicet
1217 2252 1401 2302 mino-

329 2341 472 2387 rum,
507 2341 610 2376 non
638 2324 914 2376 intrabitis
937 2324 991 2374 in
1036 2338 1260 2389 regnum
1288 2337 1400 2374 coe-

329 2394 521 2447 lorum.

393 2483 425 2532 7
458 2467 551 2517 IRA
601 2482 668 2516 ετ
701 2479 949 2515 vmmcu
988 2480 1042 2514 m
1085 2465 1228 2514 Laos
1259 2480 1399 2514 nova

323 2553 719 2589 Pnomaenrun.
765 2564 825 2573 —
868 2536 969 2585 Hic
1015 2536 1397 2586 advertendum

326 2621 410 2662 est
432 2610 579 2677 quod
604 2610 845 2660 Salvator
865 2619 1126 2674 praecepta
1149 2609 1396 2675 Decalogi

324 2680 563 2747 replicat,
594 2690 646 2730 et
673 2680 736 2729 ad
760 2678 1184 2729 observationem
1208 2693 1396 2728 eorum

323 2750 578 2801 homines
598 2749 823 2809 inducit,
846 2764 1034 2802 verum
1064 2749 1395 2800 intellectum

324 2836 513 2871 eorum
566 2820 898 2883 declarando,
960 2828 1012 2870 et
1057 2835 1261 2870 errores
1310 2822 1398 2872 Ju-

325 2894 569 2945 daeorum
590 2892 728 2943 circa
747 2893 862 2943 haec
884 2892 1229 2943 excludendo.
1256 2893 1392 2944 Nam

325 2964 568 3014 doctores
626 2963 935 3014 Judaeorum
996 2963 1261 3026 dicebant,
1301 2982 1396 3032 per

324 3045 588 3103 praecepta
622 3035 867 3101 Decalogi
887 3036 1147 3102 negativa,
1181 3047 1392 3088 tantum

321 3116 501 3156 actum
529 3105 867 3167 exteriorem,
899 3123 1007 3157 non
1029 3118 1239 3159 motum
1268 3109 1394 3160 ani-

323 3178 421 3239 mi,
466 3193 583 3229 esse
630 3177 986 3244 prohibitum,
1017 3190 1071 3230 et
1113 3182 1257 3247 quod
1291 3199 1392 3233 vo·-

319 3252 500 3305 luntas
532 3253 671 3302 mala
706 3266 815 3301 non
845 3262 927 3303 est
954 3264 1248 3319 peccatum,
1283 3256 1389 3306 nisi

319 3332 471 3375 exeat
521 3323 578 3374 in
628 3323 898 3375 effectum.
951 3324 1107 3375 Unde
1143 3325 1391 3377 dicebant

319 3393 389 3443 de
442 3393 545 3444 hoc
604 3403 866 3464 praecepto
907 3410 923 3444 z
975 3394 1097 3444 Non
1159 3397 1386 3462 occides,

318 3467 467 3533 quod
499 3483 593 3533 per
628 3467 733 3518 hoc
773 3466 1091 3533 prohibetur
1113 3469 1387 3520 occidendi

317 3535 538 3598 factum,
580 3546 633 3588 et
679 3553 790 3589 non
827 3538 1101 3589 occidendi
1142 3541 1389 3606 proposi-

317 3618 454 3661 tum.
494 3610 560 3661 Et
604 3609 710 3660 hoc
755 3620 836 3661 est
874 3611 1022 3678 quod
1069 3611 1235 3663 dicit:
1266 3615 1387 3669 Au-

315 3679 477 3731 distis
496 3679 621 3744 quia
646 3680 845 3732 dictum
864 3689 947 3733 est
966 3682 1203 3747 antiquis
1222 3700 1240 3734 .-
1259 3683 1386 3735 Non

315 3749 544 3814 occideS,
578 3751 778 3802 scilicet
807 3752 1106 3815 hominem,
1139 3753 1243 3804 hoc
1284 3765 1382 3816 est,

312 3818 393 3871 sic
414 3820 902 3887 interpretabantur
916 3834 1237 3891 praeceptum
1252 3824 1353 3876 hoc
1362 3841 1378 3890 ;

312 3892 408 3944 sed
436 3893 584 3945 hunc
606 3909 840 3948 errorem
863 3898 1097 3951 excludit
1124 3899 1380 3963 Salvator,

902 283 1140 335 PRIMAE
1175 277 1423 332 PARTIS
1456 277 1694 330 CAPUT
1734 279 1971 331 XXXIV.

1524 395 1819 459 prohibens
1860 394 2013 446 irasci
2062 394 2177 445 sine
2217 410 2390 447 causa.
2430 398 2588 448 Unde

1521 482 1632 517 non
1716 467 1954 519 occidere
2034 467 2314 518 hominem
2389 469 2589 534 injuste

1520 555 1684 590 manu
1723 550 1774 591 et
1801 551 1921 592 actu
1960 540 2193 607 pertinet
2221 541 2286 590 ad
2325 542 2586 606 justitiam

1515 611 1692 678 Legis.
1721 612 1827 674 Qui
1855 623 2034 663 autem
2068 612 2144 662 sic
2173 612 2441 674 occiderit,
2466 629 2588 666 reus

1514 682 1631 746 erit,
1654 684 1950 733 secundum
1976 684 2192 750 Legem,
2223 683 2424 749 judicio
2449 701 2588 735 mor-

1513 753 1601 813 tis,
1651 769 1745 804 seu
1784 753 2122 804 accusatione
2152 763 2203 804 et
2240 754 2587 807 damnatione

1513 825 1565 875 in
1583 835 1830 886 mortem,
1854 825 1983 893 quia
1998 826 2106 876 Lex
2120 825 2278 892 punit
2291 828 2586 878 secundum

1509 896 1783 948 talionem.
1814 897 1915 947 Sed
1949 896 2213 962 perfectus
2255 898 2583 963 superaddit,

1511 966 1804 1031 prohibens
1834 982 1903 1017 ne
1935 966 2061 1034 quis
2109 968 2228 1018 sine
2257 983 2412 1018 causa
2446 968 2583 1032 justa

1512 1039 1766 1090 irascatur
1794 1039 1942 1089 fratri
1970 1039 2027 1089 in
2048 1041 2225 1100 corde,
2254 1042 2340 1091 vel
2361 1041 2582 1107 signum

1511 1110 1767 1160 commoti
1812 1109 1984 1159 animi
2038 1111 2282 1161 ostendat
2330 1111 2387 1160 in
2432 1127 2581 1175 voce,

1508 1182 1692 1232 dicens
1717 1199 1731 1231 z
1763 1183 1937 1244 Raea,
1968 1197 2088 1248 quae
2115 1199 2219 1233 vox
2245 1183 2580 1249 indignantis

1509 1262 1605 1315 est,
1639 1253 1842 1318 absque
1870 1263 2009 1302 certa
2054 1253 2398 1318 expressione
2436 1254 2584 1305 vitu-

1512 1324 1646 1389 perii
1691 1325 1775 1375 vel
1828 1325 2194 1390 blasphemiae,
2248 1335 2339 1376 aut
2381 1336 2580 1377 certam

1508 1397 1761 1462 injuriam
1788 1411 1822 1459 ‚⁴
1860 1397 1963 1448 sub
2036 1398 2381 1463 expressione
2429 1399 2578 1449 verbi

1508 1468 1728 1534 irroget,
1785 1468 2014 1519 dicens:
2063 1468 2255 1531 Fatue,
2312 1470 2458 1535 quod
2503 1479 2582 1521 est

1510 1543 1681 1608 magis
1712 1541 1976 1607 injuriari,
2006 1557 2168 1608 quarn
2198 1542 2371 1593 dicere
2403 1545 2578 1595 Raca.

1511 1613 1834 1663 Prohibetur
1886 1628 2012 1679 ergo
2056 1629 2070 1662 :
2123 1612 2301 1678 primo
2323 1652 2337 1673 ,
2397 1625 2580 1665 motus

1509 1684 1602 1734 irae
1655 1683 1711 1733 in
1761 1683 1978 1747 animo;
2028 1685 2279 1744 secundo,
2323 1684 2579 1751 indigna·

1507 1752 1674 1805 tionis
1715 1754 1771 1803 in
1811 1754 2003 1820 sign0;
2033 1754 2211 1819 terti0,
2241 1754 2582 1821 vituperatio·

1508 1824 1594 1874 nis
1633 1824 1685 1875 in
1717 1826 1897 1875 verbe.
1934 1824 2134 1875 Tribus
2162 1835 2342 1875 autem
2367 1828 2581 1892 generi·
2619 1834 2627 1842 '

1482 1896 1610 1947 ·bus
1632 1905 1684 1946 et
1723 1896 1979 1963 gradibus
2013 1897 2182 1962 culpae
2209 1896 2446 1963 assignat
2474 1907 2581 1949 πω

1508 1969 1705 2035 gradus
1742 1985 1951 2035 poenae:
1987 1970 2162 2036 prima
2195 1971 2349 2036 culpa
2379 1979 2461 2022 est
2503 1972 2581 2023 ira

1505 2042 1589 2092 vel
1626 2041 1813 2091 odium
1838 2041 1894 2091 in
1923 2041 2081 2092 corde
2110 2041 2317 2105 latens;
2346 2042 2579 2094 secunda

1505 2112 1661 2177 culpa
1710 2121 1791 2162 est
1830 2111 1907 2162 ira
1945 2110 1998 2161 in
2039 2111 2341 2177 generalem
2380 2122 2577 2163 contu-

1506 2182 1725 2234 meliam
1777 2196 2170 2248 prorumpens3
2230 2181 2387 2233 tertia
2420 2183 2576 2249 culpa

1505 2264 1585 2305 est
1641 2254 1720 2305 ira
1766 2254 1820 2304 in
1859 2254 2142 2320 specialem
2194 2254 2575 2305 contumeliam

1503 2325 1811 2390 procedens.
1854 2324 1955 2375 His
1990 2323 2164 2373 tribus
2193 2323 2367 2389 culpis
2408 2324 2576 2374 debe-

1505 2408 1592 2448 tur
1634 2413 1789 2464 poena
1827 2396 2097 2456 differens,
2145 2395 2225 2446 eis
2269 2411 2576 2462 correspon-

1502 2468 1656 2518 dens·
1684 2468 1821 2518 Nam
1848 2467 1939 2534 qui
1965 2467 2222 2517 irascitur
2251 2476 2404 2517 motu
2434 2467 2576 2519 inte-

1505 2538 1654 2599 riori,
1680 2539 1762 2590 vel
1783 2538 1928 2599 odio,
1946 2536 2132 2602 fratri
2149 2552 2264 2601 sua,
2288 2554 2398 2588 non
2422 2538 2574 2600 vitio,

1505 2622 1565 2663 ut
1605 2612 1676 2663 sit
1718 2612 1797 2664 ira
1841 2627 1935 2678 per
1963 2611 2177 2674 vitium,
2211 2627 2323 2661 non
2362 2628 2457 2678 per
2483 2628 2578 2663 ze-

1504 2684 1639 2746 lum,
1660 2684 1754 2751 qui
1777 2684 2032 2734 deliberat
2046 2683 2233 2733 odium
2254 2693 2576 2749 conceptum

1504 2755 1730 2821 implere
1802 2769 1961 2820 opere
1987 2792 2001 2814 ,
2080 2753 2124 2803 si
2197 2754 2577 2819 opportunitas

1502 2828 1742 2890 adesset3
1795 2839 1923 2875 reus
1965 2824 2070 2875 erit
2110 2823 2342 2891 judicio,
2384 2823 2439 2874 id
2494 2835 2577 2876 est

1508 2899 1707 2965 dignus
1745 2895 2084 2948 accusatione
2119 2895 2261 2962 apud
2295 2896 2489 2957 Deum,
2519 2906 2574 2949 et

1500 2970 1558 3020 in
1601 2968 1718 3019 foro
1765 2967 1969 3019 summi
2015 2965 2238 3027 JudiciS,
2289 2966 2415 3017 licet
2461 2984 2572 3018 non

1500 3039 1743 3091 hominis
1767 3078 1780 3100 ,
1834 3054 1958 3089 cum
2014 3038 2080 3088 de
2135 3038 2410 3088 voluntate
2459 3053 2568 3088 non

1499 3110 1670 3176 possit
1695 3109 1932 3161 accusari
1976 3124 2155 3159 coram
2190 3108 2433 3159 homine.
2459 3109 2571 3170 Qui

1495 3188 1671 3231 autem
1707 3180 1916 3232 dixerit
1949 3178 2122 3237 fratri
2161 3194 2258 3229 suo
2290 3180 2462 3241 Raca,
2500 3195 2567 3230 ex

1496 3251 1864 3317 indignatione
1923 3260 1976 3300 et
2031 3259 2376 3315 contemptu;
2437 3264 2564 3302 reus

1468 3326 1471 3329 ’
1492 3324 1600 3374 erit
1624 3323 1867 3385 concilia,
1886 3322 1941 3372 id
1965 3331 2047 3372 est
2061 3336 2327 3372 consensu
2350 3321 2561 3386 judicii,

1493 3397 1560 3448 de
1591 3396 1761 3447 danda
1799 3395 1858 3446 in
1900 3411 2025 3446 eum
2060 3393 2341 3454 sententia,
2374 3402 2427 3444 et
2463 3394 2563 3446 de-

1492 3467 1833 3518 terminanda
1878 3481 2050 3532 poena,
2098 3466 2226 3532 quia
2266 3466 2373 3530 jam
2411 3465 2563 3517 venit
2607 3510 2614 3517 .

1494 3539 1552 3590 in
1580 3537 1830 3588 notitiam
1855 3537 2030 3603 culpa.
2061 3536 2167 3597 Qui
2178 3542 2368 3587 autem
2393 3537 2561 3587 dixe-

1491 3609 1568 3659 rit
1594 3609 1786 3672 Fatue,
1813 3608 1878 3658 ad
1900 3617 2273 3673 contemptum
2295 3621 2560 3672 personae‚

1491 3696 1604 3730 non
1644 3680 1708 3729 ad
1756 3677 2143 3729 correctionem
2194 3678 2397 3743 culpae3
2433 3690 2561 3729 reus

1489 3753 1596 3803 erit
1625 3752 1881 3819 gehenna?
1909 3750 2074 3817 ignia,
2106 3760 2159 3801 et
2185 3766 2358 3816 poenae
2389 3750 2560 3802 deter-

1489 3824 1724 3886 minatae,
1755 3824 1901 3891 quia,
1935 3823 2229 3873 secundum
2280 3822 2552 3884 Glossatm

1489 3914 1599 3950 non
1629 3897 1873 3950 modicus
1900 3895 2050 3949 furor
2077 3904 2174 3958 est,
2204 3910 2370 3963 quem
2407 3896 2554 3948 Deus
