2784 4452
389 310 458 367 52
902 290 909 303 “
1110 294 1348 348 PRIMAE
1380 295 1626 347 PARTIS
1650 297 1883 350 CAPUT
1910 299 1981 353 V.

387 417 806 474 inaccessibilem
833 453 846 474 ,
898 423 1224 480 portansque
1273 411 1482 462 omnia

346 534 349 535 γ
384 494 553 546 verbo
600 487 815 540 virtutis
855 496 976 545 tuae,
1021 500 1128 533 non
1168 483 1456 548 despexisti

384 567 441 616 in
474 565 576 614 hoc
609 570 806 610 nostrae
832 555 1172 606 mortalitatis
1206 564 1457 620 ergastu-

381 639 514 695 lum,
554 630 897 684 altitudinem
958 626 1212 676 inclinare
1265 635 1414 675 tuam
1440 664 1454 685 ,

382 717 442 758 ut
460 715 698 756 nostram
723 711 776 751 et
803 707 1045 764 gustares
1068 706 1119 745 et
1145 695 1458 746 absorberes

382 777 679 834 miseriam,
707 784 916 836 nosque
939 783 1208 833 reparares
1229 768 1297 816 ad
1335 770 1457 833 glo-

382 849 537 900 riam.
586 847 779 897 Parum
802 879 814 902 ,
854 840 993 890 bone
1032 838 1264 888 Domine
1300 840 1455 898 Jesu,

384 920 490 970 fuit
540 911 789 967 charitati
826 920 932 961 tuae
967 908 1033 958 ad
1071 923 1458 958 consumman-

382 993 512 1042 dum
543 1003 678 1054 opus
703 994 897 1035 nostrae
928 982 1132 1042 salutiS,
1161 982 1456 1033 Cherubim

383 1067 466 1117 vel
490 1060 793 1127 Seraphim,
821 1067 914 1107 aut
930 1072 1103 1107 unum
1136 1071 1200 1106 ex
1238 1056 1457 1121 Angelis

383 1135 647 1187 destinare
682 1149 694 1180 :
743 1130 856 1195 ipse
887 1128 952 1178 ad
1005 1143 1102 1178 nos
1139 1126 1321 1177 venire
1367 1126 1456 1175 di-

382 1215 576 1273 gnatus
623 1219 696 1263 eS,
753 1216 847 1267 per
885 1200 1198 1248 mandatum
1255 1197 1453 1257 Patris,

387 1282 539 1346 cujus
593 1276 819 1328 nimiam
889 1275 1202 1325 charitatem
1251 1272 1454 1337 experti

384 1366 575 1403 sumus
614 1349 669 1399 in
696 1357 764 1398 te.
787 1345 995 1398 Venisti
1021 1344 1183 1403 enim,
1228 1360 1336 1394 non
1368 1345 1453 1393 lo-

382 1438 508 1473 cum
530 1419 804 1476 mutand0,
832 1417 924 1467 sed
952 1415 1290 1481 praesentiam
1305 1424 1452 1464 tuam

384 1508 478 1559 per
502 1506 716 1542 carnem
761 1487 1085 1538 exhibendO.
1118 1486 1454 1535 Descendens

380 1577 413 1613 a
441 1561 602 1628 regali
649 1558 787 1610 solio
823 1555 1076 1607 sublimis
1108 1555 1290 1621 gloriae
1328 1565 1450 1615 tuae,

380 1632 436 1683 in
461 1630 725 1682 humilem
766 1638 815 1678 et
835 1627 1090 1692 abjectam
1121 1625 1367 1674 ancillam
1396 1625 1451 1674 in

383 1702 556 1753 oculis
586 1700 701 1750 suis
721 1699 971 1765 puellam,
998 1696 1175 1761 primo
1208 1695 1451 1761 virgina-

379 1773 449 1824 lis
501 1769 842 1822 continentiae
885 1777 1010 1818 voto
1045 1766 1351 1832 sigillatam.
1392 1767 1451 1815 In

380 1844 530 1909 cujus
572 1849 904 1892 sacrosancto
947 1848 1115 1896 uter0‚
1142 1837 1254 1886 sola
1276 1837 1450 1886 Sancti

381 1912 614 1979 Spiritus
628 1911 798 1961 virtus
820 1907 1208 1966 inenarrabiliS,
1238 1916 1289 1956 et
1318 1922 1452 1956 con-

381 1983 485 2048 cipi
511 1993 563 2032 te
589 1981 730 2040 fecit,
760 1990 812 2030 et
839 1978 982 2028 nasci
1012 1978 1068 2027 in
1096 1992 1219 2027 vera
1252 1977 1452 2027 huma-

382 2053 566 2103 nitatis
610 2061 812 2111 natura,
865 2050 936 2099 ita
974 2057 1035 2098 ut
1071 2063 1166 2097 nec
1200 2048 1452 2112 majesta-

380 2134 487 2173 tem
506 2121 805 2173 divinitatis
821 2121 877 2170 in
896 2126 964 2179 te,
987 2119 1451 2185 necintegritatem

380 2194 710 2262 virginitatis
735 2193 792 2244 in
820 2208 876 2244 se
908 2192 1128 2243 violaret
1160 2191 1453 2243 nativitatis

377 2272 600 2322 occasio,
631 2291 657 2318 »
693 2271 837 2320 Idem
870 2270 935 2319 ad
971 2284 1209 2319 sororem
1245 2284 1399 2319 suam
1436 2286 1449 2318 z

379 2361 408 2389 α
445 2343 686 2392 Primum
712 2357 834 2391 cum
858 2342 1008 2391 beata
1027 2340 1193 2390 Maria
1215 2340 1452 2406 ingressa

379 2416 705 2474 cubiculum,
753 2415 920 2465 libros
968 2415 1168 2480 quibus
1208 2416 1450 2481 Virginis

378 2497 562 2553 partus
591 2497 643 2536 et
663 2486 864 2536 Christi
892 2486 1238 2551 prophetatur
1261 2487 1451 2536 adven-

377 2568 495 2618 ωε,
545 2556 742 2607 evolve.
807 2556 883 2607 Ibi
930 2556 1214 2605 adventum
1255 2557 1447 2623 Angeli

377 2629 706 2695 praestolare,
760 2638 821 2678 ut
869 2628 1050 2677 videas
1118 2628 1403 2678 intrantem
1431 2669 1445 2690 ,

375 2699 561 2749 audias
605 2700 958 2762 salutantem;
1026 2708 1077 2748 et
1119 2699 1195 2749 sic
1250 2700 1448 2765 repleta

375 2779 594 2833 stupore
621 2779 674 2819 et
697 2770 882 2829 extasi,
919 2768 1286 2819 dulcissimam
1327 2772 1445 2819 Ma-

374 2840 510 2890 riam
555 2842 833 2891 dominam
867 2851 1032 2902 tuam,
1082 2857 1206 2891 cum
1238 2843 1445 2908 Angelo

375 2915 637 2965 salutante
666 2916 881 2975 salutes,
908 2916 1143 2965 clamans
1163 2924 1215 2965 et
1232 2914 1444 2966 dicens:

372 2987 503 3046 Ave,
528 2984 736 3047 Maria,
770 2995 867 3035 etc.
891 2986 1005 3035 Hoc
1029 2986 1266 3035 crebrius
1289 3002 1445 3051 repe-

375 3066 511 3116 tens,
534 3072 655 3123 quae
692 3058 763 3107 sit
795 3058 908 3108 haec
936 3058 1116 3122 gratiae
1151 3058 1444 3123 plenitud0,

375 3128 443 3177 de
455 3141 562 3193 qua
582 3136 727 3177 totus
750 3128 988 3178 mundus
1018 3128 1282 3179 mutuavit
1321 3144 1446 3195 gra-

373 3197 524 3257 tiam,
564 3198 776 3264 quando
806 3192 1045 3248 Verbu'm
1082 3215 1202 3249 caro
1249 3198 1446 3249 factum

375 3280 456 3320 est
469 3285 485 3332 3
543 3270 904 3334 contemplare
943 3278 995 3319 et
1033 3270 1297 3321 admirare
1332 3271 1447 3319 Do-

372 3339 621 3400 minum,
665 3340 759 3407 qui
796 3350 989 3390 terram
1032 3340 1220 3405 implet
1251 3350 1302 3391 et
1335 3356 1446 3391 coe-

373 3411 487 3461 lum
502 3449 525 3478 ,‘
578 3410 718 3461 intra
778 3410 941 3461 unius
1006 3412 1194 3475 puellae
1248 3411 1448 3461 viscera

373 3481 598 3542 claudit,
659 3496 822 3547 quam
873 3482 1024 3531 Pater
1069 3479 1410 3530 sanctificavit
1433 3519 1445 3541 ,

372 3552 544 3603 Filius
594 3551 912 3612 fecundavit,
955 3550 1187 3617 Spiritus
1223 3552 1448 3601 Sanctus

371 3622 726 3672 adumbravit.
798 3622 847 3672 O
922 3620 1097 3671 dulcis
1171 3620 1404 3670 Domina
1431 3660 1444 3682 ,

370 3704 570 3758 quanta
605 3692 956 3744 inebriabaris
991 3692 1288 3756 dulcedine,
1337 3708 1446 3758 quo

369 3765 569 3816 amoris
632 3765 756 3831 igne
829 3764 1232 3815 succendebaris
1253 3802 1266 3825 ,
1321 3780 1445 3814 cum

371 3834 597 3884 sentires
638 3836 692 3885 in
714 3844 893 3884 mente
916 3844 968 3885 et
991 3834 1046 3884 in
1078 3845 1263 3886 ventre
1290 3844 1446 3885 tantae

376 3904 668 3969 majestatis
697 3904 1032 3971 praesentiam
1049 3921 1065 3969 3
1102 3921 1226 3956 cum
1257 3906 1324 3956 de
1355 3915 1446 3957 tua

1562 429 1715 463 carne
1737 429 1948 471 carnem
1971 425 2280 476 assumeret,
2309 425 2361 465 et
2387 417 2636 468 membra

1562 485 1762 549 quibus
1792 485 2133 550 corporaliter
2171 486 2351 536 omnis
2391 487 2638 551 plenitu-

1562 557 1630 605 do
1679 556 1976 606 divinitatis
2022 556 2363 617 inhabitaret,
2414 558 2479 607 de
2523 559 2638 610 tuis

1561 627 1755 678 sanctis
1796 627 2054 678 membris
2078 629 2303 693 aptaret!
2331 649 2358 676 »
2386 630 2501 681 haec
2527 634 2639 682 An-

1561 700 1775 750 selinus·

1627 786 1693 836 27
1737 773 1918 822 MARIA
1966 788 2314 830 FREQUENTER
2358 774 2639 823 Anca-:mea

1562 856 1925 892 snm-Ariona
1944 858 2271 894 sALu‘rANDA.
2286 872 2345 880 —
2359 844 2406 894 O
2427 844 2474 894 si
2501 847 2638 896 vale·

1563 926 1646 960 res
1689 911 1879 977 utique
1913 913 2127 974 sentire,
2158 915 2317 979 quale
2342 926 2639 980 quantum-

1562 998 1669 1048 que
1692 983 1853 1034 fuerit
1896 984 2028 1034 illud
2077 1001 2107 1034 e
2146 987 2277 1036 coelo
2317 986 2639 1038 immissum

1562 1055 1891 1117 incendium,
1956 1057 2207 1107 collatum
2254 1057 2601 1124 refrigerium
2628 1100 2641 1122 ,

1563 1125 1804 1177 infusum
1841 1127 2116 1178 solatium!
2151 1139 2350 1194 quanta
2378 1131 2644 1184 sublima-

1561 1197 1637 1248 tio
1667 1198 1910 1264 Virginis
1939 1200 2145 1260 matriS,
2168 1210 2367 1266 quanta
2389 1201 2645 1253 nobilita-

1561 1270 1637 1321 tio
1696 1270 1919 1320 humani
1989 1272 2212 1338 generis,
2241 1282 2441 1337 quanta
2498 1289 2644 1324 con-

1561 1341 1838 1391 descensio
1890 1342 2204 1407 majestatis!
2251 1342 2305 1392 Si
2359 1343 2644 1409 virginem

1560 1421 1837 1461 canentem
1868 1428 1991 1462 cum
2019 1412 2188 1478 jubilo
2218 1428 2402 1478 posses
2426 1415 2644 1476 audire,

1559 1483 1767 1533 aestimo
1811 1484 1955 1549 quod
1997 1499 2122 1533 cum
2166 1483 2256 1534 illa
2296 1485 2496 1549 pariter
2538 1503 2645 1553 pro

1558 1565 1704 1605 tanto
1743 1554 1998 1606 beneficio
2028 1556 2290 1622 inciperes
2313 1557 2567 1625 jubilare,
2594 1570 2648 1612 et

1557 1641 1668 1676 non
1694 1641 1923 1677 cessares
1960 1628 2071 1677 Deo
2104 1627 2298 1693 gratias
2332 1630 2645 1684 decantare.

1558 1697 1628 1746 Ut
1646 1711 1771 1762 ergo
1792 1696 1895 1761 ipsi
1911 1696 2123 1763 Virgini
2143 1707 2349 1747 tantum
2370 1702 2644 1765 gaudium

1557 1782 1824 1828 renovare,
1849 1777 1901 1817 et
1928 1769 1992 1818 ad
2013 1778 2247 1819 mentem
2268 1786 2511 1822 revocare
2537 1790 2647 1825 va-

1557 1840 1683 1899 leaS,
1727 1839 1910 1888 crebro
1955 1854 2073 1889 eam
2128 1857 2250 1890 cum
2298 1843 2441 1893 dulci
2471 1861 2646 1898 versu

1556 1911 1811 1976 Angelico
1850 1911 2094 1976 salutare,
2149 1923 2201 1963 et
2244 1914 2443 1965 devotae
2493 1920 2646 1970 salu-

1557 1983 1778 2034 tationis
1802 1986 1999 2045 oscula,
2032 1986 2218 2036 saltem
2247 1987 2477 2052 pedibus
2515 1992 2645 2056 ejus

1557 2055 1777 2122 infigere
1808 2071 1917 2105 non
1959 2057 2214 2123 negligaS,
2246 2057 2428 2110 dicens
2454 2078 2467 2110 :
2495 2065 2643 2128 Ave,

1557 2126 1765 2178 Maria.
1791 2128 1945 2178 Unde
1966 2128 2281 2178 Ber-nardus
2301 2147 2317 2178 .·
2340 2148 2367 2175 «
2397 2131 2490 2181 Est
2507 2134 2644 2197 tibi,

1555 2199 1722 2267 Virgo
1751 2199 1935 2265 Maria,
1968 2200 2122 2267 quasi
2148 2201 2410 2267 osculum,
2444 2207 2648 2259 audire

1558 2272 1704 2321 hunc
1728 2287 1942 2323 versum
1957 2274 2274 2339 Angelicum
2289 2277 2417 2326 Ave.
2441 2278 2647 2331 Toties

1558 2343 1705 2393 enim
1752 2344 2061 2395 beatissima
2096 2347 2369 2406 osculariS,
2413 2352 2647 2414 quoties

1558 2431 1650 2479 per
1702 2417 1816 2465 Ave
1886 2416 2073 2466 devote
2132 2418 2395 2468 salutaris.
2457 2420 2642 2488 Ergo,

1555 2485 1743 2536 fratres
1792 2485 2073 2548 carissimi,
2095 2488 2161 2537 ad
2191 2488 2485 2554 imaginem
2513 2494 2644 2555 ejus

1552 2557 1796 2616 accedite,
1847 2572 2021 2623 genua
2068 2556 2259 2609 flectite
2282 2598 2295 2619 ‚
2343 2562 2528 2611 oscula
2588 2566 2642 2615 ei

1551 2626 1862 2693 imprimite,
1891 2630 2020 2689 Ave,
2060 2628 2251 2679 Maria
2285 2629 2464 2680 dicite.
2503 2651 2544 2680 π
2564 2635 2645 2686 Et

1552 2698 1747 2747 iterum
1778 2715 1792 2747 :
1828 2716 1855 2744 ε(
1886 2698 2017 2748 Coeli
2050 2701 2390 2765 respondent,
2429 2704 2641 2770 Angeli

1549 2768 1797 2832 jubilant,
1841 2770 2078 2819 mundus
2101 2772 2318 2835 exultat,
2349 2772 2645 2829 daemones

1550 2840 1986 2905 contremiscunt,
2017 2858 2138 2892 cum
2170 2843 2290 2893 dico
2326 2846 2457 2905 Ave,
2487 2847 2643 2899 Ma·-

1548 2912 1636 2961 ria
1666 2929 1684 2962 .·
1711 2931 1738 2959 n
1775 2912 1887 2962 haec
1914 2913 2247 2964 Bernardus.

1617 2983 1683 3034 28
1711 2986 2032 3035 MoRAmTER
2045 3001 2140 3035 sax
2153 3002 2499 3039 conm‘rromzs
2519 3009 2647 3044 Am-

1555 3072 1641 3105 MAE
1662 3056 1940 3116 Cnatsruu
1957 3073 2244 3108 conclu-:RE
2276 3076 2645 3114 voLEN11s.—
2721 3107 2726 3110 Ἴ

1554 3127 1825 3177 Moraliter
1877 3137 2173 3194 tanguntur
2219 3130 2307 3179 hic
2353 3146 2444 3181 sex
2492 3149 2652 3187 con--

1550 3197 1800 3258 ditioneS,
1844 3213 1979 3263 quas
2031 3200 2187 3250 debet
2246 3201 2442 3251 habere
2484 3219 2625 3269 quae

1551 3268 1680 3319 libet
1729 3268 1909 3319 anima
1944 3281 2142 3335 sancta,
2179 3271 2458 3322 Christum
2502 3279 2662 3342 spi-.

1553 3337 1816 3389 ritualiter
1868 3351 2201 3407 conceptura.
2255 3343 2422 3393 Debet
2469 3348 2640 3400 enim

1551 3410 1727 3475 primo
1761 3410 2001 3461 habitare
2049 3412 2105 3461 in
2133 3414 2364 3479 quadam
2400 3430 2641 3482 separa-

1554 3480 1701 3530 tione
1742 3491 1795 3530 et
1840 3481 2162 3533 alienatione
2208 3484 2389 3534 omnis
2431 3499 2640 3542 creatae

1551 3551 1933 3613 delectationis,
1987 3563 2046 3603 ut
2090 3553 2168 3603 sic
2193 3554 2396 3604 habitet
2435 3555 2492 3605 in
2522 3560 2641 3611 Ga-

1550 3621 1704 3685 lilaea,
1744 3622 1890 3687 quod
1933 3622 2307 3689 interpretatur
2355 3630 2641 3681 transmi-

1550 3693 1754 3759 gratio.
1811 3695 1903 3744 Illa
1949 3694 2094 3744 enim
2152 3696 2333 3746 anima
2387 3698 2642 3761 perfecte

1554 3764 1759 3815 habitat
1818 3765 1876 3815 in
1947 3766 2435 3832 transmigratione,
2495 3786 2641 3837 quae

1551 3835 1896 3885 transmeavit
1938 3851 2157 3886 omnem
2210 3848 2435 3888 enatam
2483 3840 2645 3895 dele-

1550 3906 1853 3970 ctationem,
1893 3907 1966 3958 ita
1994 3909 2138 3974 quod
2175 3911 2322 3961 nulla
2348 3926 2405 3962 re
2443 3926 2646 3968 creata.
