<?xml version="1.0" encoding="UTF-8"?>
<!DOCTYPE html PUBLIC "-//W3C//DTD XHTML 1.0 Transitional//EN"
    "http://www.w3.org/TR/xhtml1/DTD/xhtml1-transitional.dtd">
<html xmlns="http://www.w3.org/1999/xhtml" xml:lang="en" lang="en">
 <head>
  <title>
</title>
<meta http-equiv="Content-Type" content="text/html;charset=utf-8" />
  <meta name='ocr-system' content='tesseract 3.04.00' />
  <meta name='ocr-capabilities' content='ocr_page ocr_carea ocr_par ocr_line ocrx_word'/>
</head>
<body>
  <div class='ocr_page' id='page_1' title='image "./vitajesuchristi00sachgoog/vitajesuchristi00sachgoog_0170.png"; bbox 0 0 2784 4452; ppageno 0'>
   <div class='ocr_carea' id='block_1_1' title="bbox 389 384 490 449">
    <p class='ocr_par' dir='ltr' id='par_1_1' title="bbox 389 384 490 449">
     <span class='ocr_line' id='line_1_1' title="bbox 389 384 490 449; baseline -0.01 -15"><span class='ocrx_word' id='word_1_1' title='bbox 389 384 490 449; x_wconf 85' lang='lat'>154</span> 
     </span>
    </p>
   </div>
   <div class='ocr_carea' id='block_1_2' title="bbox 356 492 1446 3558">
    <p class='ocr_par' dir='ltr' id='par_1_2' title="bbox 356 492 1446 2135">
     <span class='ocr_line' id='line_1_2' title="bbox 377 492 1444 563; baseline -0.009 -13"><span class='ocrx_word' id='word_1_2' title='bbox 377 498 650 561; x_wconf 71' lang='lat' dir='ltr'>&#39;mittebat3</span> <span class='ocrx_word' id='word_1_3' title='bbox 694 496 819 563; x_wconf 88' lang='lat' dir='ltr'>quia</span> <span class='ocrx_word' id='word_1_4' title='bbox 860 496 926 545; x_wconf 86' lang='lat' dir='ltr'>ad</span> <span class='ocrx_word' id='word_1_5' title='bbox 969 493 1157 560; x_wconf 86' lang='lat' dir='ltr'>ipsam,</span> <span class='ocrx_word' id='word_1_6' title='bbox 1196 493 1336 543; x_wconf 85' lang='lat' dir='ltr'>sicut</span> <span class='ocrx_word' id='word_1_7' title='bbox 1378 492 1444 542; x_wconf 89' lang='lat' dir='ltr'>ad</span> 
     </span>
     <span class='ocr_line' id='line_1_3' title="bbox 379 565 1443 631; baseline -0.008 -10"><span class='ocrx_word' id='word_1_8' title='bbox 379 583 563 621; x_wconf 76' lang='lat' dir='ltr'>veram</span> <span class='ocrx_word' id='word_1_9' title='bbox 619 571 871 629; x_wconf 89' lang='lat' dir='ltr'>Matrem,</span> <span class='ocrx_word' id='word_1_10' title='bbox 910 565 1081 631; x_wconf 87' lang='lat' dir='ltr'>magis</span> <span class='ocrx_word' id='word_1_11' title='bbox 1130 565 1443 630; x_wconf 86' lang='lat' dir='ltr'><strong>pertinebat.</strong></span> 
     </span>
     <span class='ocr_line' id='line_1_4' title="bbox 382 636 1444 702; baseline -0.008 -9"><span class='ocrx_word' id='word_1_12' title='bbox 382 640 715 702; x_wconf 71' lang='lat' dir='ltr'>Qua-‚rendus</span> <span class='ocrx_word' id='word_1_13' title='bbox 736 649 816 689; x_wconf 82' lang='lat' dir='ltr'>est</span> <span class='ocrx_word' id='word_1_14' title='bbox 832 638 859 688; x_wconf 88' lang='lat' dir='ltr'>J</span> <span class='ocrx_word' id='word_1_15' title='bbox 864 651 1004 696; x_wconf 78' lang='lat' dir='ltr'>esuS,</span> <span class='ocrx_word' id='word_1_16' title='bbox 1032 636 1298 686; x_wconf 82' lang='lat' dir='ltr'>socialiter</span> <span class='ocrx_word' id='word_1_17' title='bbox 1316 650 1444 685; x_wconf 88' lang='lat' dir='ltr'>cum</span> 
     </span>
     <span class='ocr_line' id='line_1_5' title="bbox 379 708 1444 776; baseline -0.009 -11"><span class='ocrx_word' id='word_1_18' title='bbox 379 713 545 765; x_wconf 88' lang='lat' dir='ltr'>Maria</span> <span class='ocrx_word' id='word_1_19' title='bbox 574 721 626 762; x_wconf 92' lang='lat' dir='ltr'>et</span> <span class='ocrx_word' id='word_1_20' title='bbox 650 708 865 776; x_wconf 83' lang='lat' dir='ltr'>Joseph,</span> <span class='ocrx_word' id='word_1_21' title='bbox 906 708 1053 773; x_wconf 90' lang='lat' dir='ltr'>quod</span> <span class='ocrx_word' id='word_1_22' title='bbox 1081 716 1294 757; x_wconf 87' lang='lat' dir='ltr'>notatur</span> <span class='ocrx_word' id='word_1_23' title='bbox 1315 721 1444 756; x_wconf 88' lang='lat' dir='ltr'>cum</span> 
     </span>
     <span class='ocr_line' id='line_1_6' title="bbox 381 777 1446 846; baseline -0.006 -12"><span class='ocrx_word' id='word_1_24' title='bbox 381 784 578 835; x_wconf 87' lang='lat' dir='ltr'>dicitur</span> <span class='ocrx_word' id='word_1_25' title='bbox 604 800 619 834; x_wconf 71' lang='grc' dir='ltr'>ι</span> <span class='ocrx_word' id='word_1_26' title='bbox 647 784 819 833; x_wconf 84' lang='lat' dir='ltr'>Pater</span> <span class='ocrx_word' id='word_1_27' title='bbox 848 783 971 830; x_wconf 75' lang='lat' dir='ltr'>tuus</span> <span class='ocrx_word' id='word_1_28' title='bbox 1007 785 1060 829; x_wconf 85' lang='lat' dir='ltr'>et</span> <span class='ocrx_word' id='word_1_29' title='bbox 1085 793 1206 846; x_wconf 78' lang='lat' dir='ltr'>ego·</span> <span class='ocrx_word' id='word_1_30' title='bbox 1243 777 1446 845; x_wconf 66' lang='lat' dir='ltr'>,Ioseph</span> 
     </span>
     <span class='ocr_line' id='line_1_7' title="bbox 379 855 1446 919; baseline -0.006 -14"><span class='ocrx_word' id='word_1_31' title='bbox 379 855 523 905; x_wconf 87' lang='lat' dir='ltr'>enim</span> <span class='ocrx_word' id='word_1_32' title='bbox 569 855 938 919; x_wconf 85' lang='lat' dir='ltr'>interpretatur</span> <span class='ocrx_word' id='word_1_33' title='bbox 983 857 1345 917; x_wconf 78' lang='lat' dir='ltr'>augmentum,</span> <span class='ocrx_word' id='word_1_34' title='bbox 1391 859 1446 899; x_wconf 85' lang='lat' dir='ltr'>et</span> 
     </span>
     <span class='ocr_line' id='line_1_8' title="bbox 380 924 1444 992; baseline -0.005 -16"><span class='ocrx_word' id='word_1_35' title='bbox 380 924 645 992; x_wconf 84' lang='lat' dir='ltr'>significat</span> <span class='ocrx_word' id='word_1_36' title='bbox 685 939 845 990; x_wconf 92' lang='lat' dir='ltr'>opera</span> <span class='ocrx_word' id='word_1_37' title='bbox 884 924 1024 973; x_wconf 91' lang='lat' dir='ltr'>bona</span> <span class='ocrx_word' id='word_1_38' title='bbox 1063 937 1186 990; x_wconf 85' lang='lat' dir='ltr'>quae</span> <span class='ocrx_word' id='word_1_39' title='bbox 1230 936 1444 988; x_wconf 84' lang='lat' dir='ltr'>semper</span> 
     </span>
     <span class='ocr_line' id='line_1_9' title="bbox 377 994 1445 1063; baseline -0.005 -16"><span class='ocrx_word' id='word_1_40' title='bbox 377 998 575 1047; x_wconf 89' lang='lat' dir='ltr'>debent</span> <span class='ocrx_word' id='word_1_41' title='bbox 616 996 814 1063; x_wconf 86' lang='lat' dir='ltr'>augeri.</span> <span class='ocrx_word' id='word_1_42' title='bbox 862 994 1028 1045; x_wconf 86' lang='lat' dir='ltr'>Maria</span> <span class='ocrx_word' id='word_1_43' title='bbox 1072 994 1445 1060; x_wconf 77' lang='lat' dir='ltr'>interpretatur</span> 
     </span>
     <span class='ocr_line' id='line_1_10' title="bbox 377 1066 1442 1135; baseline -0.003 -15"><span class='ocrx_word' id='word_1_44' title='bbox 377 1070 696 1131; x_wconf 79' lang='lat' dir='ltr'>illuminata,</span> <span class='ocrx_word' id='word_1_45' title='bbox 724 1078 777 1118; x_wconf 91' lang='lat' dir='ltr'>et</span> <span class='ocrx_word' id='word_1_46' title='bbox 813 1066 1071 1135; x_wconf 86' lang='lat' dir='ltr'>significat</span> <span class='ocrx_word' id='word_1_47' title='bbox 1110 1067 1272 1117; x_wconf 91' lang='lat' dir='ltr'>fidem</span> <span class='ocrx_word' id='word_1_48' title='bbox 1319 1081 1442 1134; x_wconf 84' lang='lat' dir='ltr'>quae</span> 
     </span>
     <span class='ocr_line' id='line_1_11' title="bbox 375 1139 1443 1205; baseline -0.003 -14"><span class='ocrx_word' id='word_1_49' title='bbox 375 1151 455 1191; x_wconf 90' lang='lat' dir='ltr'>est</span> <span class='ocrx_word' id='word_1_50' title='bbox 481 1140 803 1191; x_wconf 83' lang='lat' dir='ltr'>illuminatio</span> <span class='ocrx_word' id='word_1_51' title='bbox 824 1139 1046 1203; x_wconf 88' lang='lat' dir='ltr'>mentis;</span> <span class='ocrx_word' id='word_1_52' title='bbox 1067 1139 1443 1205; x_wconf 87' lang='lat' dir='ltr'>interpretatur</span> 
     </span>
     <span class='ocr_line' id='line_1_12' title="bbox 375 1208 1440 1277; baseline -0.003 -16"><span class='ocrx_word' id='word_1_53' title='bbox 375 1222 431 1262; x_wconf 90' lang='lat' dir='ltr'>et</span> <span class='ocrx_word' id='word_1_54' title='bbox 462 1212 621 1261; x_wconf 84' lang='lat' dir='ltr'>stella</span> <span class='ocrx_word' id='word_1_55' title='bbox 650 1212 838 1273; x_wconf 66' lang='lat' dir='ltr'>mar-125,</span> <span class='ocrx_word' id='word_1_56' title='bbox 868 1220 921 1261; x_wconf 94' lang='lat' dir='ltr'>et</span> <span class='ocrx_word' id='word_1_57' title='bbox 955 1209 1218 1277; x_wconf 87' lang='lat' dir='ltr'>significat</span> <span class='ocrx_word' id='word_1_58' title='bbox 1258 1208 1440 1259; x_wconf 86' lang='lat' dir='ltr'>chari-</span> 
     </span>
     <span class='ocr_line' id='line_1_13' title="bbox 374 1280 1438 1349; baseline -0.001 -18"><span class='ocrx_word' id='word_1_59' title='bbox 374 1291 553 1347; x_wconf 79' lang='lat' dir='ltr'>tatem,</span> <span class='ocrx_word' id='word_1_60' title='bbox 585 1283 714 1349; x_wconf 90' lang='lat' dir='ltr'>quia</span> <span class='ocrx_word' id='word_1_61' title='bbox 753 1282 894 1333; x_wconf 86' lang='lat' dir='ltr'>sicut</span> <span class='ocrx_word' id='word_1_62' title='bbox 924 1281 1113 1332; x_wconf 90' lang='lat' dir='ltr'>ceteris</span> <span class='ocrx_word' id='word_1_63' title='bbox 1148 1280 1317 1342; x_wconf 76' lang='lat' dir='ltr'>stellis</span> <span class='ocrx_word' id='word_1_64' title='bbox 1344 1296 1438 1330; x_wconf 84' lang='lat' dir='ltr'>oc-</span> 
     </span>
     <span class='ocr_line' id='line_1_14' title="bbox 373 1351 1439 1416; baseline -0.001 -14"><span class='ocrx_word' id='word_1_65' title='bbox 373 1352 675 1405; x_wconf 88' lang='lat' dir='ltr'>cidentibus</span> <span class='ocrx_word' id='word_1_66' title='bbox 708 1354 798 1404; x_wconf 91' lang='lat' dir='ltr'>illa</span> <span class='ocrx_word' id='word_1_67' title='bbox 838 1369 943 1403; x_wconf 88' lang='lat' dir='ltr'>non</span> <span class='ocrx_word' id='word_1_68' title='bbox 987 1353 1202 1416; x_wconf 87' lang='lat' dir='ltr'>occidit,</span> <span class='ocrx_word' id='word_1_69' title='bbox 1232 1351 1309 1402; x_wconf 90' lang='lat' dir='ltr'>sic</span> <span class='ocrx_word' id='word_1_70' title='bbox 1348 1367 1439 1401; x_wconf 91' lang='lat' dir='ltr'>ce-</span> 
     </span>
     <span class='ocr_line' id='line_1_15' title="bbox 368 1423 1439 1475; baseline 0.002 -3"><span class='ocrx_word' id='word_1_71' title='bbox 368 1425 497 1475; x_wconf 85' lang='lat' dir='ltr'>teris</span> <span class='ocrx_word' id='word_1_72' title='bbox 561 1424 849 1475; x_wconf 86' lang='lat' dir='ltr'>virtutibus</span> <span class='ocrx_word' id='word_1_73' title='bbox 907 1423 1279 1474; x_wconf 87' lang='lat' dir='ltr'>deficientibus</span> <span class='ocrx_word' id='word_1_74' title='bbox 1347 1423 1439 1474; x_wconf 86' lang='lat' dir='ltr'>illa</span> 
     </span>
     <span class='ocr_line' id='line_1_16' title="bbox 356 1495 1438 1561; baseline -0.003 -14"><span class='ocrx_word' id='word_1_75' title='bbox 356 1511 478 1547; x_wconf 74' lang='lat' dir='ltr'>vnon</span> <span class='ocrx_word' id='word_1_76' title='bbox 506 1495 704 1547; x_wconf 89' lang='lat' dir='ltr'>deficit.</span> <span class='ocrx_word' id='word_1_77' title='bbox 735 1496 874 1546; x_wconf 90' lang='lat' dir='ltr'>Cum</span> <span class='ocrx_word' id='word_1_78' title='bbox 918 1495 1009 1545; x_wconf 90' lang='lat' dir='ltr'>tali</span> <span class='ocrx_word' id='word_1_79' title='bbox 1058 1495 1225 1561; x_wconf 87' lang='lat' dir='ltr'>igitur</span> <span class='ocrx_word' id='word_1_80' title='bbox 1262 1495 1438 1545; x_wconf 90' lang='lat' dir='ltr'>socie-</span> 
     </span>
     <span class='ocr_line' id='line_1_17' title="bbox 369 1565 1438 1633; baseline -0.002 -16"><span class='ocrx_word' id='word_1_81' title='bbox 369 1576 475 1617; x_wconf 87' lang='lat' dir='ltr'>tate</span> <span class='ocrx_word' id='word_1_82' title='bbox 507 1568 662 1617; x_wconf 86' lang='lat' dir='ltr'>Jesus</span> <span class='ocrx_word' id='word_1_83' title='bbox 692 1576 771 1617; x_wconf 89' lang='lat' dir='ltr'>est</span> <span class='ocrx_word' id='word_1_84' title='bbox 811 1567 1150 1633; x_wconf 88' lang='lat' dir='ltr'>quaerendus,</span> <span class='ocrx_word' id='word_1_85' title='bbox 1192 1565 1395 1616; x_wconf 83' lang='lat' dir='ltr'>scilicet</span> <span class='ocrx_word' id='word_1_86' title='bbox 1422 1582 1438 1616; x_wconf 69' lang='grc' dir='ltr'><strong><em>ε</em></strong></span> 
     </span>
     <span class='ocr_line' id='line_1_18' title="bbox 374 1636 1441 1703; baseline -0.004 -13"><span class='ocrx_word' id='word_1_87' title='bbox 374 1653 500 1690; x_wconf 87' lang='lat' dir='ltr'>cum</span> <span class='ocrx_word' id='word_1_88' title='bbox 551 1637 656 1689; x_wconf 91' lang='lat' dir='ltr'>fide</span> <span class='ocrx_word' id='word_1_89' title='bbox 707 1639 846 1688; x_wconf 92' lang='lat' dir='ltr'>bona</span> <span class='ocrx_word' id='word_1_90' title='bbox 866 1676 881 1702; x_wconf 90' lang='lat'>,</span> <span class='ocrx_word' id='word_1_91' title='bbox 936 1638 1242 1703; x_wconf 83' lang='lat' dir='ltr'>operatione</span> <span class='ocrx_word' id='word_1_92' title='bbox 1291 1636 1441 1687; x_wconf 87' lang='lat' dir='ltr'>solli-</span> 
     </span>
     <span class='ocr_line' id='line_1_19' title="bbox 370 1709 1437 1774; baseline -0.003 -14"><span class='ocrx_word' id='word_1_93' title='bbox 370 1710 493 1774; x_wconf 85' lang='lat' dir='ltr'>cita,</span> <span class='ocrx_word' id='word_1_94' title='bbox 537 1719 589 1760; x_wconf 92' lang='lat' dir='ltr'>et</span> <span class='ocrx_word' id='word_1_95' title='bbox 624 1709 875 1760; x_wconf 85' lang='lat' dir='ltr'>charitate</span> <span class='ocrx_word' id='word_1_96' title='bbox 915 1723 1190 1769; x_wconf 84' lang='lat' dir='ltr'>succensa,</span> <span class='ocrx_word' id='word_1_97' title='bbox 1220 1718 1272 1758; x_wconf 91' lang='lat' dir='ltr'>et</span> <span class='ocrx_word' id='word_1_98' title='bbox 1307 1718 1437 1758; x_wconf 88' lang='lat' dir='ltr'>tunc</span> 
     </span>
     <span class='ocr_line' id='line_1_20' title="bbox 370 1779 1441 1832; baseline -0.003 0"><span class='ocrx_word' id='word_1_99' title='bbox 370 1781 689 1832; x_wconf 83' lang='lat' dir='ltr'>invenietur:</span> <span class='ocrx_word' id='word_1_100' title='bbox 737 1781 794 1832; x_wconf 91' lang='lat' dir='ltr'>Si</span> <span class='ocrx_word' id='word_1_101' title='bbox 836 1780 983 1831; x_wconf 88' lang='lat' dir='ltr'>enim</span> <span class='ocrx_word' id='word_1_102' title='bbox 1031 1782 1259 1831; x_wconf 85' lang='lat' dir='ltr'>alterum</span> <span class='ocrx_word' id='word_1_103' title='bbox 1301 1779 1441 1829; x_wconf 89' lang='lat' dir='ltr'>isto-</span> 
     </span>
     <span class='ocr_line' id='line_1_21' title="bbox 371 1852 1438 1920; baseline -0.002 -15"><span class='ocrx_word' id='word_1_104' title='bbox 371 1870 497 1905; x_wconf 89' lang='lat' dir='ltr'>rum</span> <span class='ocrx_word' id='word_1_105' title='bbox 538 1854 785 1920; x_wconf 86' lang='lat' dir='ltr'>defuerit‚</span> <span class='ocrx_word' id='word_1_106' title='bbox 815 1853 1040 1904; x_wconf 86' lang='lat' dir='ltr'>inveniri</span> <span class='ocrx_word' id='word_1_107' title='bbox 1082 1869 1189 1904; x_wconf 88' lang='lat' dir='ltr'>non</span> <span class='ocrx_word' id='word_1_108' title='bbox 1225 1852 1438 1919; x_wconf 90' lang='lat' dir='ltr'>poterit.</span> 
     </span>
     <span class='ocr_line' id='line_1_22' title="bbox 371 1923 1438 1992; baseline -0.005 -15"><span class='ocrx_word' id='word_1_109' title='bbox 371 1925 541 1977; x_wconf 86' lang='lat' dir='ltr'>Debet</span> <span class='ocrx_word' id='word_1_110' title='bbox 586 1925 746 1977; x_wconf 90' lang='lat' dir='ltr'>etiam</span> <span class='ocrx_word' id='word_1_111' title='bbox 786 1923 956 1992; x_wconf 84' lang='lat' dir='ltr'>quaeri</span> <span class='ocrx_word' id='word_1_112' title='bbox 1007 1923 1438 1991; x_wconf 83' lang='lat' dir='ltr'>lacrymabiliter,</span> 
     </span>
     <span class='ocr_line' id='line_1_23' title="bbox 373 1996 1441 2063; baseline -0.002 -17"><span class='ocrx_word' id='word_1_113' title='bbox 373 1998 520 2063; x_wconf 90' lang='lat' dir='ltr'>quod</span> <span class='ocrx_word' id='word_1_114' title='bbox 549 2007 760 2047; x_wconf 89' lang='lat' dir='ltr'>notatur</span> <span class='ocrx_word' id='word_1_115' title='bbox 788 2012 852 2047; x_wconf 85' lang='lat' dir='ltr'>ex</span> <span class='ocrx_word' id='word_1_116' title='bbox 883 2012 946 2047; x_wconf 89' lang='lat' dir='ltr'>eo</span> <span class='ocrx_word' id='word_1_117' title='bbox 985 1996 1130 2062; x_wconf 91' lang='lat' dir='ltr'>quod</span> <span class='ocrx_word' id='word_1_118' title='bbox 1157 1996 1321 2061; x_wconf 87' lang='lat' dir='ltr'>Virgo</span> <span class='ocrx_word' id='word_1_119' title='bbox 1351 1996 1441 2045; x_wconf 90' lang='lat' dir='ltr'>di—</span> 
     </span>
     <span class='ocr_line' id='line_1_24' title="bbox 372 2068 1274 2135; baseline -0.001 -17"><span class='ocrx_word' id='word_1_120' title='bbox 372 2068 453 2118; x_wconf 81' lang='lat' dir='ltr'>xit</span> <span class='ocrx_word' id='word_1_121' title='bbox 481 2085 496 2118; x_wconf 88' lang='lat'><strong>:</strong></span> <span class='ocrx_word' id='word_1_122' title='bbox 527 2069 782 2119; x_wconf 82' lang='lat' dir='ltr'>Dolentes</span> <span class='ocrx_word' id='word_1_123' title='bbox 810 2069 1178 2135; x_wconf 68' lang='lat' dir='ltr'>quaerebamus</span> <span class='ocrx_word' id='word_1_124' title='bbox 1207 2074 1274 2118; x_wconf 85' lang='lat' dir='ltr'>te.</span> 
     </span>
    </p>

    <p class='ocr_par' dir='ltr' id='par_1_3' title="bbox 368 2142 1441 3558">
     <span class='ocr_line' id='line_1_25' title="bbox 443 2142 1441 2200; baseline -0.001 -8"><span class='ocrx_word' id='word_1_125' title='bbox 443 2158 461 2192; x_wconf 95' lang='lat'>1</span> <span class='ocrx_word' id='word_1_126' title='bbox 479 2159 497 2193; x_wconf 95' lang='lat'>1</span> <span class='ocrx_word' id='word_1_127' title='bbox 535 2143 830 2193; x_wconf 61' lang='lat' dir='ltr'>Responsm</span> <span class='ocrx_word' id='word_1_128' title='bbox 851 2142 1074 2193; x_wconf 74' lang='lat' dir='ltr'>Cunis&#39;rr</span> <span class='ocrx_word' id='word_1_129' title='bbox 1095 2157 1290 2200; x_wconf 76' lang='lat' dir='ltr'>QuAms</span> <span class='ocrx_word' id='word_1_130' title='bbox 1312 2156 1441 2191; x_wconf 77' lang='lat' dir='ltr'>Fur-:-</span> 
     </span>
     <span class='ocr_line' id='line_1_26' title="bbox 371 2212 1437 2277; baseline -0.001 -13"><span class='ocrx_word' id='word_1_131' title='bbox 371 2212 491 2265; x_wconf 74' lang='lat' dir='ltr'>nrr?</span> <span class='ocrx_word' id='word_1_132' title='bbox 510 2243 572 2253; x_wconf 90' lang='lat'>—</span> <span class='ocrx_word' id='word_1_133' title='bbox 594 2215 673 2266; x_wconf 85' lang='lat' dir='ltr'>Et</span> <span class='ocrx_word' id='word_1_134' title='bbox 699 2214 779 2266; x_wconf 85' lang='lat' dir='ltr'>ait</span> <span class='ocrx_word' id='word_1_135' title='bbox 804 2214 878 2265; x_wconf 85' lang='lat' dir='ltr'>ad</span> <span class='ocrx_word' id='word_1_136' title='bbox 906 2213 1047 2277; x_wconf 83' lang='lat' dir='ltr'>illos,</span> <span class='ocrx_word' id='word_1_137' title='bbox 1077 2229 1186 2264; x_wconf 90' lang='lat' dir='ltr'>non</span> <span class='ocrx_word' id='word_1_138' title='bbox 1213 2214 1437 2264; x_wconf 89' lang='lat' dir='ltr'>Matrem</span> 
     </span>
     <span class='ocr_line' id='line_1_27' title="bbox 373 2283 1440 2352; baseline -0.003 -16"><span class='ocrx_word' id='word_1_139' title='bbox 373 2287 747 2352; x_wconf 82' lang='lat' dir='ltr'>exasperando,</span> <span class='ocrx_word' id='word_1_140' title='bbox 777 2287 870 2335; x_wconf 89' lang='lat' dir='ltr'>sed</span> <span class='ocrx_word' id='word_1_141' title='bbox 897 2285 1078 2351; x_wconf 87' lang='lat' dir='ltr'>potius</span> <span class='ocrx_word' id='word_1_142' title='bbox 1105 2283 1440 2347; x_wconf 83' lang='lat' dir='ltr'>instruendO,</span> 
     </span>
     <span class='ocr_line' id='line_1_28' title="bbox 371 2356 1439 2422; baseline -0.001 -16"><span class='ocrx_word' id='word_1_143' title='bbox 371 2356 553 2407; x_wconf 90' lang='lat' dir='ltr'>dicens</span> <span class='ocrx_word' id='word_1_144' title='bbox 588 2373 602 2407; x_wconf 87' lang='lat'>:</span> <span class='ocrx_word' id='word_1_145' title='bbox 634 2357 779 2418; x_wconf 82' lang='lat' dir='ltr'>Quid</span> <span class='ocrx_word' id='word_1_146' title='bbox 824 2363 905 2406; x_wconf 83' lang='lat' dir='ltr'>est</span> <span class='ocrx_word' id='word_1_147' title='bbox 943 2357 1086 2422; x_wconf 80' lang='lat' dir='ltr'>quod</span> <span class='ocrx_word' id='word_1_148' title='bbox 1113 2371 1196 2406; x_wconf 89' lang='lat' dir='ltr'>me</span> <span class='ocrx_word' id='word_1_149' title='bbox 1229 2368 1439 2422; x_wconf 81' lang='lat' dir='ltr'>quaere-</span> 
     </span>
     <span class='ocr_line' id='line_1_29' title="bbox 373 2427 1438 2494; baseline 0 -17"><span class='ocrx_word' id='word_1_150' title='bbox 373 2427 566 2478; x_wconf 76' lang='lat' dir='ltr'>batis?</span> <span class='ocrx_word' id='word_1_151' title='bbox 617 2428 820 2478; x_wconf 89' lang='lat' dir='ltr'>scilicet</span> <span class='ocrx_word' id='word_1_152' title='bbox 879 2428 1018 2478; x_wconf 90' lang='lat' dir='ltr'>inter</span> <span class='ocrx_word' id='word_1_153' title='bbox 1077 2437 1328 2494; x_wconf 87' lang='lat' dir='ltr'>cognatos</span> <span class='ocrx_word' id='word_1_154' title='bbox 1385 2437 1438 2478; x_wconf 91' lang='lat' dir='ltr'>et</span> 
     </span>
     <span class='ocr_line' id='line_1_30' title="bbox 372 2498 1438 2568; baseline 0.003 -21"><span class='ocrx_word' id='word_1_155' title='bbox 372 2498 819 2563; x_wconf 72' lang='lat' dir='ltr'>consanguineos,</span> <span class='ocrx_word' id='word_1_156' title='bbox 864 2515 989 2568; x_wconf 89' lang='lat' dir='ltr'>cum</span> <span class='ocrx_word' id='word_1_157' title='bbox 1034 2500 1213 2566; x_wconf 86' lang='lat' dir='ltr'>potius</span> <span class='ocrx_word' id='word_1_158' title='bbox 1267 2499 1438 2550; x_wconf 89' lang='lat' dir='ltr'>debe-</span> 
     </span>
     <span class='ocr_line' id='line_1_31' title="bbox 370 2568 1436 2636; baseline 0.002 -18"><span class='ocrx_word' id='word_1_159' title='bbox 370 2568 499 2619; x_wconf 87' lang='lat' dir='ltr'>retis</span> <span class='ocrx_word' id='word_1_160' title='bbox 537 2584 625 2618; x_wconf 91' lang='lat' dir='ltr'>me</span> <span class='ocrx_word' id='word_1_161' title='bbox 666 2585 904 2634; x_wconf 84' lang='lat' dir='ltr'>quaerere</span> <span class='ocrx_word' id='word_1_162' title='bbox 928 2569 985 2618; x_wconf 90' lang='lat' dir='ltr'>in</span> <span class='ocrx_word' id='word_1_163' title='bbox 1023 2571 1253 2636; x_wconf 80' lang='lat' dir='ltr'>temple,</span> <span class='ocrx_word' id='word_1_164' title='bbox 1287 2571 1436 2636; x_wconf 89' lang='lat' dir='ltr'>quod</span> 
     </span>
     <span class='ocr_line' id='line_1_32' title="bbox 372 2639 1437 2704; baseline 0.001 -14"><span class='ocrx_word' id='word_1_165' title='bbox 372 2648 455 2690; x_wconf 89' lang='lat' dir='ltr'>est</span> <span class='ocrx_word' id='word_1_166' title='bbox 494 2639 688 2689; x_wconf 89' lang='lat' dir='ltr'>domus</span> <span class='ocrx_word' id='word_1_167' title='bbox 715 2639 887 2689; x_wconf 88' lang='lat' dir='ltr'>Patris</span> <span class='ocrx_word' id='word_1_168' title='bbox 933 2641 1060 2704; x_wconf 89' lang='lat' dir='ltr'>mei,</span> <span class='ocrx_word' id='word_1_169' title='bbox 1091 2649 1142 2690; x_wconf 91' lang='lat' dir='ltr'>et</span> <span class='ocrx_word' id='word_1_170' title='bbox 1181 2641 1236 2690; x_wconf 93' lang='lat' dir='ltr'>in</span> <span class='ocrx_word' id='word_1_171' title='bbox 1274 2657 1437 2691; x_wconf 90' lang='lat' dir='ltr'>occu-</span> 
     </span>
     <span class='ocr_line' id='line_1_33' title="bbox 371 2710 1440 2778; baseline 0.003 -18"><span class='ocrx_word' id='word_1_172' title='bbox 371 2710 586 2776; x_wconf 89' lang='lat' dir='ltr'>patione</span> <span class='ocrx_word' id='word_1_173' title='bbox 641 2710 782 2762; x_wconf 92' lang='lat' dir='ltr'>circa</span> <span class='ocrx_word' id='word_1_174' title='bbox 827 2711 1139 2778; x_wconf 87' lang='lat' dir='ltr'>spiritualia.</span> <span class='ocrx_word' id='word_1_175' title='bbox 1186 2712 1303 2761; x_wconf 92' lang='lat' dir='ltr'>Non</span> <span class='ocrx_word' id='word_1_176' title='bbox 1355 2723 1440 2763; x_wconf 88' lang='lat' dir='ltr'>est</span> 
     </span>
     <span class='ocr_line' id='line_1_34' title="bbox 371 2781 1435 2848; baseline 0.002 -16"><span class='ocrx_word' id='word_1_177' title='bbox 371 2797 477 2832; x_wconf 82' lang='lat' dir='ltr'>vox</span> <span class='ocrx_word' id='word_1_178' title='bbox 508 2781 856 2848; x_wconf 76' lang='lat' dir='ltr'>indignantiS‚</span> <span class='ocrx_word' id='word_1_179' title='bbox 904 2783 997 2833; x_wconf 92' lang='lat' dir='ltr'>sed</span> <span class='ocrx_word' id='word_1_180' title='bbox 1045 2782 1328 2832; x_wconf 86' lang='lat' dir='ltr'>humiliter</span> <span class='ocrx_word' id='word_1_181' title='bbox 1375 2798 1435 2834; x_wconf 91' lang='lat' dir='ltr'>se</span> 
     </span>
     <span class='ocr_line' id='line_1_35' title="bbox 373 2852 1433 2920; baseline 0.001 -17"><span class='ocrx_word' id='word_1_182' title='bbox 373 2852 672 2903; x_wconf 85' lang='lat' dir='ltr'>excusantis</span> <span class='ocrx_word' id='word_1_183' title='bbox 721 2864 773 2903; x_wconf 89' lang='lat' dir='ltr'>et</span> <span class='ocrx_word' id='word_1_184' title='bbox 826 2852 1079 2920; x_wconf 88' lang='lat' dir='ltr'>mysteria</span> <span class='ocrx_word' id='word_1_185' title='bbox 1123 2853 1433 2920; x_wconf 87' lang='lat' dir='ltr'>detegentis.</span> 
     </span>
     <span class='ocr_line' id='line_1_36' title="bbox 372 2923 1431 2991; baseline 0.002 -17"><span class='ocrx_word' id='word_1_186' title='bbox 372 2924 494 2974; x_wconf 89' lang='lat' dir='ltr'>Non</span> <span class='ocrx_word' id='word_1_187' title='bbox 550 2923 694 2974; x_wconf 90' lang='lat' dir='ltr'>enim</span> <span class='ocrx_word' id='word_1_188' title='bbox 752 2925 989 2990; x_wconf 88' lang='lat' dir='ltr'>increpat</span> <span class='ocrx_word' id='word_1_189' title='bbox 1030 2934 1084 2975; x_wconf 89' lang='lat' dir='ltr'>et</span> <span class='ocrx_word' id='word_1_190' title='bbox 1135 2923 1431 2991; x_wconf 87' lang='lat' dir='ltr'>vituperat,</span> 
     </span>
     <span class='ocr_line' id='line_1_37' title="bbox 373 2995 1430 3062; baseline 0.003 -18"><span class='ocrx_word' id='word_1_191' title='bbox 373 2995 520 3061; x_wconf 90' lang='lat' dir='ltr'>quod</span> <span class='ocrx_word' id='word_1_192' title='bbox 568 3010 692 3045; x_wconf 88' lang='lat' dir='ltr'>eum</span> <span class='ocrx_word' id='word_1_193' title='bbox 735 2995 888 3062; x_wconf 87' lang='lat' dir='ltr'>quasi</span> <span class='ocrx_word' id='word_1_194' title='bbox 934 2995 1110 3046; x_wconf 90' lang='lat' dir='ltr'>filium</span> <span class='ocrx_word' id='word_1_195' title='bbox 1153 3006 1430 3062; x_wconf 78' lang='lat' dir='ltr'>quaerunt3</span> 
     </span>
     <span class='ocr_line' id='line_1_38' title="bbox 371 3066 1434 3134; baseline 0.002 -18"><span class='ocrx_word' id='word_1_196' title='bbox 371 3067 465 3116; x_wconf 87' lang='lat' dir='ltr'>sed</span> <span class='ocrx_word' id='word_1_197' title='bbox 503 3066 655 3132; x_wconf 89' lang='lat' dir='ltr'>quasi</span> <span class='ocrx_word' id='word_1_198' title='bbox 699 3067 1009 3134; x_wconf 89' lang='lat' dir='ltr'>corrigendo</span> <span class='ocrx_word' id='word_1_199' title='bbox 1052 3068 1280 3118; x_wconf 84' lang='lat' dir='ltr'>verbum</span> <span class='ocrx_word' id='word_1_200' title='bbox 1313 3069 1434 3118; x_wconf 90' lang='lat' dir='ltr'>Ma-</span> 
     </span>
     <span class='ocr_line' id='line_1_39' title="bbox 370 3137 1437 3204; baseline 0.002 -17"><span class='ocrx_word' id='word_1_201' title='bbox 370 3137 492 3198; x_wconf 77' lang='lat' dir='ltr'>triS,</span> <span class='ocrx_word' id='word_1_202' title='bbox 537 3138 660 3204; x_wconf 90' lang='lat' dir='ltr'>quis</span> <span class='ocrx_word' id='word_1_203' title='bbox 701 3137 805 3188; x_wconf 89' lang='lat' dir='ltr'>sibi</span> <span class='ocrx_word' id='word_1_204' title='bbox 846 3154 1006 3190; x_wconf 83' lang='lat' dir='ltr'>verus</span> <span class='ocrx_word' id='word_1_205' title='bbox 1049 3139 1199 3189; x_wconf 89' lang='lat' dir='ltr'>Pater</span> <span class='ocrx_word' id='word_1_206' title='bbox 1238 3139 1334 3203; x_wconf 90' lang='lat' dir='ltr'>sit,</span> <span class='ocrx_word' id='word_1_207' title='bbox 1382 3149 1437 3189; x_wconf 88' lang='lat' dir='ltr'>et</span> 
     </span>
     <span class='ocr_line' id='line_1_40' title="bbox 370 3209 1437 3276; baseline 0 -17"><span class='ocrx_word' id='word_1_208' title='bbox 370 3210 502 3276; x_wconf 90' lang='lat' dir='ltr'>quid</span> <span class='ocrx_word' id='word_1_209' title='bbox 532 3209 711 3275; x_wconf 90' lang='lat' dir='ltr'>potius</span> <span class='ocrx_word' id='word_1_210' title='bbox 747 3219 947 3265; x_wconf 86' lang='lat' dir='ltr'>aeterno</span> <span class='ocrx_word' id='word_1_211' title='bbox 974 3210 1110 3260; x_wconf 91' lang='lat' dir='ltr'>Patri</span> <span class='ocrx_word' id='word_1_212' title='bbox 1139 3211 1346 3270; x_wconf 88' lang='lat' dir='ltr'>debeat,</span> <span class='ocrx_word' id='word_1_213' title='bbox 1371 3209 1437 3259; x_wconf 88' lang='lat' dir='ltr'>il·-</span> 
     </span>
     <span class='ocr_line' id='line_1_41' title="bbox 368 3281 1432 3344; baseline 0 -13"><span class='ocrx_word' id='word_1_214' title='bbox 368 3281 435 3331; x_wconf 90' lang='lat' dir='ltr'>lis</span> <span class='ocrx_word' id='word_1_215' title='bbox 463 3290 514 3331; x_wconf 92' lang='lat' dir='ltr'>et</span> <span class='ocrx_word' id='word_1_216' title='bbox 539 3281 696 3331; x_wconf 90' lang='lat' dir='ltr'>nobis</span> <span class='ocrx_word' id='word_1_217' title='bbox 724 3281 975 3344; x_wconf 87' lang='lat' dir='ltr'>insinuat,</span> <span class='ocrx_word' id='word_1_218' title='bbox 1000 3282 1239 3332; x_wconf 90' lang='lat' dir='ltr'>subdens</span> <span class='ocrx_word' id='word_1_219' title='bbox 1270 3297 1283 3330; x_wconf 92' lang='lat'>:</span> <span class='ocrx_word' id='word_1_220' title='bbox 1309 3282 1432 3333; x_wconf 85' lang='lat' dir='ltr'>Ne—</span> 
     </span>
     <span class='ocr_line' id='line_1_42' title="bbox 370 3352 1436 3419; baseline -0.001 -17"><span class='ocrx_word' id='word_1_221' title='bbox 370 3352 637 3415; x_wconf 79' lang='lat' dir='ltr'>sci&#39;ebatiS,</span> <span class='ocrx_word' id='word_1_222' title='bbox 686 3353 811 3419; x_wconf 82' lang='lat' dir='ltr'>quia</span> <span class='ocrx_word' id='word_1_223' title='bbox 856 3352 911 3403; x_wconf 86' lang='lat' dir='ltr'>in</span> <span class='ocrx_word' id='word_1_224' title='bbox 948 3352 1033 3402; x_wconf 84' lang='lat' dir='ltr'>his</span> <span class='ocrx_word' id='word_1_225' title='bbox 1071 3365 1193 3418; x_wconf 82' lang='lat' dir='ltr'>quae</span> <span class='ocrx_word' id='word_1_226' title='bbox 1239 3352 1436 3403; x_wconf 73' lang='lat' dir='ltr'>Patris</span> 
     </span>
     <span class='ocr_line' id='line_1_43' title="bbox 370 3422 1435 3487; baseline -0.002 -13"><span class='ocrx_word' id='word_1_227' title='bbox 370 3424 489 3486; x_wconf 82' lang='lat' dir='ltr'>mei,</span> <span class='ocrx_word' id='word_1_228' title='bbox 535 3423 739 3474; x_wconf 90' lang='lat' dir='ltr'>scilicet</span> <span class='ocrx_word' id='word_1_229' title='bbox 779 3422 898 3487; x_wconf 88' lang='lat' dir='ltr'>Dei,</span> <span class='ocrx_word' id='word_1_230' title='bbox 935 3429 1061 3473; x_wconf 83' lang='lat' dir='ltr'>sunt</span> <span class='ocrx_word' id='word_1_231' title='bbox 1096 3428 1307 3487; x_wconf 81' lang='lat' dir='ltr'>oportet</span> <span class='ocrx_word' id='word_1_232' title='bbox 1350 3437 1435 3473; x_wconf 87' lang='lat' dir='ltr'>me</span> 
     </span>
     <span class='ocr_line' id='line_1_44' title="bbox 369 3492 1438 3558; baseline -0.003 -13"><span class='ocrx_word' id='word_1_233' title='bbox 369 3508 504 3556; x_wconf 85' lang='lat' dir='ltr'>esse,</span> <span class='ocrx_word' id='word_1_234' title='bbox 546 3495 746 3544; x_wconf 87' lang='lat' dir='ltr'>scilicet</span> <span class='ocrx_word' id='word_1_235' title='bbox 779 3493 837 3543; x_wconf 90' lang='lat' dir='ltr'>in</span> <span class='ocrx_word' id='word_1_236' title='bbox 865 3493 1085 3558; x_wconf 81' lang='lat' dir='ltr'>temple,</span> <span class='ocrx_word' id='word_1_237' title='bbox 1137 3492 1195 3543; x_wconf 91' lang='lat' dir='ltr'>in</span> <span class='ocrx_word' id='word_1_238' title='bbox 1233 3494 1438 3543; x_wconf 86' lang='lat' dir='ltr'>doctri-</span> 
     </span>
    </p>
   </div>
   <div class='ocr_carea' id='block_1_3' title="bbox 371 3564 1502 3633">
    <p class='ocr_par' dir='ltr' id='par_1_4' title="bbox 371 3564 1502 3633">
     <span class='ocr_line' id='line_1_45' title="bbox 371 3564 1502 3633; baseline -0.004 -15"><span class='ocrx_word' id='word_1_239' title='bbox 371 3572 460 3631; x_wconf 83' lang='lat' dir='ltr'>na,</span> <span class='ocrx_word' id='word_1_240' title='bbox 499 3576 553 3616; x_wconf 87' lang='lat' dir='ltr'>et</span> <span class='ocrx_word' id='word_1_241' title='bbox 587 3567 644 3616; x_wconf 93' lang='lat' dir='ltr'>in</span> <span class='ocrx_word' id='word_1_242' title='bbox 672 3565 926 3631; x_wconf 87' lang='lat' dir='ltr'>operibus</span> <span class='ocrx_word' id='word_1_243' title='bbox 959 3564 1160 3632; x_wconf 89' lang='lat' dir='ltr'>quibus</span> <span class='ocrx_word' id='word_1_244' title='bbox 1202 3564 1436 3615; x_wconf 88' lang='lat' dir='ltr'>manife-</span> <span class='ocrx_word' id='word_1_245' title='bbox 1497 3588 1502 3633; x_wconf 67' lang='lat'>3</span> 
     </span>
    </p>
   </div>
   <div class='ocr_carea' id='block_1_4' title="bbox 368 3637 1434 4072">
    <p class='ocr_par' dir='ltr' id='par_1_5' title="bbox 368 3637 1434 4072">
     <span class='ocr_line' id='line_1_46' title="bbox 370 3637 1432 3704; baseline -0.003 -14"><span class='ocrx_word' id='word_1_246' title='bbox 370 3649 540 3690; x_wconf 87' lang='lat' dir='ltr'>stetur</span> <span class='ocrx_word' id='word_1_247' title='bbox 585 3640 740 3690; x_wconf 91' lang='lat' dir='ltr'>Pater</span> <span class='ocrx_word' id='word_1_248' title='bbox 791 3653 977 3701; x_wconf 88' lang='lat' dir='ltr'>meus;</span> <span class='ocrx_word' id='word_1_249' title='bbox 1027 3637 1180 3704; x_wconf 86' lang='lat' dir='ltr'>quasi</span> <span class='ocrx_word' id='word_1_250' title='bbox 1229 3637 1370 3688; x_wconf 89' lang='lat' dir='ltr'>dicat</span> <span class='ocrx_word' id='word_1_251' title='bbox 1416 3654 1432 3687; x_wconf 88' lang='lat'>:</span> 
     </span>
     <span class='ocr_line' id='line_1_47' title="bbox 373 3710 1434 3777; baseline -0.003 -14"><span class='ocrx_word' id='word_1_252' title='bbox 373 3712 560 3763; x_wconf 87' lang='lat' dir='ltr'>Potius</span> <span class='ocrx_word' id='word_1_253' title='bbox 597 3712 765 3762; x_wconf 87' lang='lat' dir='ltr'>debeo</span> <span class='ocrx_word' id='word_1_254' title='bbox 806 3712 1068 3777; x_wconf 88' lang='lat' dir='ltr'>respicere</span> <span class='ocrx_word' id='word_1_255' title='bbox 1113 3725 1238 3760; x_wconf 89' lang='lat' dir='ltr'>eum</span> <span class='ocrx_word' id='word_1_256' title='bbox 1282 3710 1434 3776; x_wconf 85' lang='lat' dir='ltr'>cujus</span> 
     </span>
     <span class='ocr_line' id='line_1_48' title="bbox 370 3780 1434 3838; baseline -0.003 0"><span class='ocrx_word' id='word_1_257' title='bbox 370 3802 495 3838; x_wconf 85' lang='lat' dir='ltr'>sum</span> <span class='ocrx_word' id='word_1_258' title='bbox 531 3780 765 3837; x_wconf 48' lang='lat' dir='ltr'>aetern‘us</span> <span class='ocrx_word' id='word_1_259' title='bbox 793 3785 967 3837; x_wconf 86' lang='lat' dir='ltr'>Filius</span> <span class='ocrx_word' id='word_1_260' title='bbox 997 3785 1297 3836; x_wconf 91' lang='lat' dir='ltr'>secundum</span> <span class='ocrx_word' id='word_1_261' title='bbox 1333 3801 1434 3836; x_wconf 87' lang='lat' dir='ltr'>na-</span> 
     </span>
     <span class='ocr_line' id='line_1_49' title="bbox 368 3859 1432 3925; baseline -0.001 -17"><span class='ocrx_word' id='word_1_262' title='bbox 368 3868 546 3908; x_wconf 87' lang='lat' dir='ltr'>turam</span> <span class='ocrx_word' id='word_1_263' title='bbox 577 3859 838 3919; x_wconf 87' lang='lat' dir='ltr'>divinam,</span> <span class='ocrx_word' id='word_1_264' title='bbox 864 3874 1029 3925; x_wconf 90' lang='lat' dir='ltr'>quam</span> <span class='ocrx_word' id='word_1_265' title='bbox 1049 3868 1100 3908; x_wconf 90' lang='lat' dir='ltr'>te</span> <span class='ocrx_word' id='word_1_266' title='bbox 1129 3859 1279 3923; x_wconf 86' lang='lat' dir='ltr'>cujus</span> <span class='ocrx_word' id='word_1_267' title='bbox 1309 3874 1432 3908; x_wconf 89' lang='lat' dir='ltr'>sum</span> 
     </span>
     <span class='ocr_line' id='line_1_50' title="bbox 369 3930 1433 3991; baseline 0 -11"><span class='ocrx_word' id='word_1_268' title='bbox 369 3930 516 3981; x_wconf 88' lang='lat' dir='ltr'>filius</span> <span class='ocrx_word' id='word_1_269' title='bbox 540 3933 836 3982; x_wconf 88' lang='lat' dir='ltr'>secundum</span> <span class='ocrx_word' id='word_1_270' title='bbox 855 3941 1098 3982; x_wconf 89' lang='lat' dir='ltr'>naturam</span> <span class='ocrx_word' id='word_1_271' title='bbox 1117 3931 1433 3991; x_wconf 86' lang='lat' dir='ltr'>humanam,</span> 
     </span>
     <span class='ocr_line' id='line_1_51' title="bbox 372 4005 1433 4072; baseline 0.002 -16"><span class='ocrx_word' id='word_1_272' title='bbox 372 4014 426 4056; x_wconf 87' lang='lat' dir='ltr'>et</span> <span class='ocrx_word' id='word_1_273' title='bbox 452 4005 654 4071; x_wconf 87' lang='lat' dir='ltr'>Joseph</span> <span class='ocrx_word' id='word_1_274' title='bbox 691 4007 841 4072; x_wconf 86' lang='lat' dir='ltr'>cujus</span> <span class='ocrx_word' id='word_1_275' title='bbox 883 4017 1093 4058; x_wconf 87' lang='lat' dir='ltr'>tantum</span> <span class='ocrx_word' id='word_1_276' title='bbox 1125 4022 1245 4058; x_wconf 87' lang='lat' dir='ltr'>sum</span> <span class='ocrx_word' id='word_1_277' title='bbox 1285 4006 1433 4058; x_wconf 89' lang='lat' dir='ltr'>filius</span> 
     </span>
    </p>
   </div>
   <div class='ocr_carea' id='block_1_5' title="bbox 1477 506 1508 4049">
    <p class='ocr_par' dir='ltr' id='par_1_6' title="bbox 1477 506 1508 4049">
     <span class='ocr_line' id='line_1_52' title="bbox 1477 506 1508 4049; baseline 0 0"><span class='ocrx_word' id='word_1_278' title='bbox 1477 506 1508 4049; x_wconf 95' lang='lat' dir='ltr'> </span> 
     </span>
    </p>
   </div>
   <div class='ocr_carea' id='block_1_6' title="bbox 1034 371 1972 428">
    <p class='ocr_par' dir='ltr' id='par_1_7' title="bbox 1034 371 1972 428">
     <span class='ocr_line' id='line_1_53' title="bbox 1034 371 1972 428; baseline -0.003 0"><span class='ocrx_word' id='word_1_279' title='bbox 1034 377 1273 428; x_wconf 73' lang='lat' dir='ltr'>PRIMAE</span> <span class='ocrx_word' id='word_1_280' title='bbox 1305 375 1555 426; x_wconf 74' lang='lat' dir='ltr'>PARTIS</span> <span class='ocrx_word' id='word_1_281' title='bbox 1588 371 1828 426; x_wconf 82' lang='lat' dir='ltr'><strong>CAPUT</strong></span> <span class='ocrx_word' id='word_1_282' title='bbox 1856 373 1972 426; x_wconf 79' lang='lat' dir='ltr'>XV.</span> 
     </span>
    </p>
   </div>
   <div class='ocr_carea' id='block_1_7' title="bbox 1545 490 2618 1187">
    <p class='ocr_par' dir='ltr' id='par_1_8' title="bbox 1545 490 2618 1115">
     <span class='ocr_line' id='line_1_54' title="bbox 1552 490 2615 554; baseline -0.001 -12"><span class='ocrx_word' id='word_1_283' title='bbox 1552 492 1836 554; x_wconf 83' lang='lat' dir='ltr'>nutritius;</span> <span class='ocrx_word' id='word_1_284' title='bbox 1861 492 2009 542; x_wconf 90' lang='lat' dir='ltr'>unde</span> <span class='ocrx_word' id='word_1_285' title='bbox 2036 506 2145 541; x_wconf 86' lang='lat' dir='ltr'>non</span> <span class='ocrx_word' id='word_1_286' title='bbox 2176 490 2386 541; x_wconf 77' lang='lat' dir='ltr'>debetis</span> <span class='ocrx_word' id='word_1_287' title='bbox 2413 490 2615 549; x_wconf 75' lang='lat' dir='ltr'>mirari,</span> 
     </span>
     <span class='ocr_line' id='line_1_55' title="bbox 1550 563 2618 629; baseline -0.002 -16"><span class='ocrx_word' id='word_1_288' title='bbox 1550 564 1595 613; x_wconf 90' lang='lat' dir='ltr'>si</span> <span class='ocrx_word' id='word_1_289' title='bbox 1625 579 1723 616; x_wconf 87' lang='lat' dir='ltr'>vos</span> <span class='ocrx_word' id='word_1_290' title='bbox 1749 563 1932 619; x_wconf 80' lang='lat' dir='ltr'>dimisi</span> <span class='ocrx_word' id='word_1_291' title='bbox 1981 572 2200 629; x_wconf 85' lang='lat' dir='ltr'>propter</span> <span class='ocrx_word' id='word_1_292' title='bbox 2226 564 2432 613; x_wconf 80' lang='lat' dir='ltr'>Patrem</span> <span class='ocrx_word' id='word_1_293' title='bbox 2456 572 2618 613; x_wconf 80' lang='lat' dir='ltr'>aeter—-</span> 
     </span>
     <span class='ocr_line' id='line_1_56' title="bbox 1549 633 2618 701; baseline 0.001 -18"><span class='ocrx_word' id='word_1_294' title='bbox 1549 651 1703 696; x_wconf 85' lang='lat' dir='ltr'>num,</span> <span class='ocrx_word' id='word_1_295' title='bbox 1723 635 1808 686; x_wconf 87' lang='lat' dir='ltr'>cui</span> <span class='ocrx_word' id='word_1_296' title='bbox 1834 636 1956 701; x_wconf 85' lang='lat' dir='ltr'>plus</span> <span class='ocrx_word' id='word_1_297' title='bbox 1983 646 2188 685; x_wconf 81' lang='lat' dir='ltr'>teneor.</span> <span class='ocrx_word' id='word_1_298' title='bbox 2219 634 2391 700; x_wconf 85' lang='lat' dir='ltr'>Magis</span> <span class='ocrx_word' id='word_1_299' title='bbox 2418 633 2618 685; x_wconf 85' lang='lat' dir='ltr'>afficie-</span> 
     </span>
     <span class='ocr_line' id='line_1_57' title="bbox 1549 706 2618 757; baseline -0.003 0"><span class='ocrx_word' id='word_1_300' title='bbox 1549 707 1708 757; x_wconf 84' lang='lat' dir='ltr'>batur</span> <span class='ocrx_word' id='word_1_301' title='bbox 1731 707 1885 757; x_wconf 80' lang='lat' dir='ltr'>Jesus</span> <span class='ocrx_word' id='word_1_302' title='bbox 1907 707 1972 756; x_wconf 83' lang='lat' dir='ltr'>ad</span> <span class='ocrx_word' id='word_1_303' title='bbox 1997 706 2208 756; x_wconf 87' lang='lat' dir='ltr'>Patrem</span> <span class='ocrx_word' id='word_1_304' title='bbox 2232 706 2529 755; x_wconf 83' lang='lat' dir='ltr'>naturalem</span> <span class='ocrx_word' id='word_1_305' title='bbox 2561 715 2618 755; x_wconf 79' lang='lat' dir='ltr'>et</span> 
     </span>
     <span class='ocr_line' id='line_1_58' title="bbox 1547 781 2615 846; baseline -0.003 -15"><span class='ocrx_word' id='word_1_306' title='bbox 1547 791 1826 841; x_wconf 68' lang='lat' dir='ltr'>aeternum,</span> <span class='ocrx_word' id='word_1_307' title='bbox 1869 796 2034 846; x_wconf 84' lang='lat' dir='ltr'>quam</span> <span class='ocrx_word' id='word_1_308' title='bbox 2076 781 2141 830; x_wconf 89' lang='lat' dir='ltr'>ad</span> <span class='ocrx_word' id='word_1_309' title='bbox 2183 789 2407 829; x_wconf 87' lang='lat' dir='ltr'>matrem</span> <span class='ocrx_word' id='word_1_310' title='bbox 2451 788 2615 829; x_wconf 85' lang='lat' dir='ltr'>natu-</span> 
     </span>
     <span class='ocr_line' id='line_1_59' title="bbox 1547 849 2618 917; baseline -0.003 -16"><span class='ocrx_word' id='word_1_311' title='bbox 1547 852 1714 901; x_wconf 91' lang='lat' dir='ltr'>ralem</span> <span class='ocrx_word' id='word_1_312' title='bbox 1744 861 1799 902; x_wconf 86' lang='lat' dir='ltr'>et</span> <span class='ocrx_word' id='word_1_313' title='bbox 1829 861 2040 917; x_wconf 80' lang='lat' dir='ltr'>patrem</span> <span class='ocrx_word' id='word_1_314' title='bbox 2060 850 2382 917; x_wconf 87' lang='lat' dir='ltr'>putativum.</span> <span class='ocrx_word' id='word_1_315' title='bbox 2406 849 2618 909; x_wconf 86' lang='lat' dir='ltr'>Quam-</span> 
     </span>
     <span class='ocr_line' id='line_1_60' title="bbox 1546 920 2616 989; baseline -0.004 -16"><span class='ocrx_word' id='word_1_316' title='bbox 1546 922 1629 974; x_wconf 87' lang='lat' dir='ltr'>vis</span> <span class='ocrx_word' id='word_1_317' title='bbox 1669 922 1814 973; x_wconf 87' lang='lat' dir='ltr'>enim</span> <span class='ocrx_word' id='word_1_318' title='bbox 1855 931 2097 989; x_wconf 86' lang='lat' dir='ltr'>parentes</span> <span class='ocrx_word' id='word_1_319' title='bbox 2146 921 2394 986; x_wconf 83' lang='lat' dir='ltr'>diligeret</span> <span class='ocrx_word' id='word_1_320' title='bbox 2437 930 2490 971; x_wconf 88' lang='lat' dir='ltr'>et</span> <span class='ocrx_word' id='word_1_321' title='bbox 2533 920 2616 970; x_wconf 90' lang='lat' dir='ltr'>eis</span> 
     </span>
     <span class='ocr_line' id='line_1_61' title="bbox 1545 990 2618 1058; baseline -0.004 -14"><span class='ocrx_word' id='word_1_322' title='bbox 1545 994 1799 1044; x_wconf 88' lang='lat' dir='ltr'>obediens</span> <span class='ocrx_word' id='word_1_323' title='bbox 1836 1004 2004 1057; x_wconf 86' lang='lat' dir='ltr'>esset,</span> <span class='ocrx_word' id='word_1_324' title='bbox 2043 1003 2222 1043; x_wconf 87' lang='lat' dir='ltr'>tamen</span> <span class='ocrx_word' id='word_1_325' title='bbox 2265 990 2618 1058; x_wconf 81' lang='lat' dir='ltr'>principalius</span> 
     </span>
     <span class='ocr_line' id='line_1_62' title="bbox 1545 1062 2399 1115; baseline 0 0"><span class='ocrx_word' id='word_1_326' title='bbox 1545 1065 1719 1115; x_wconf 87' lang='lat' dir='ltr'>Deum</span> <span class='ocrx_word' id='word_1_327' title='bbox 1749 1065 2015 1115; x_wconf 87' lang='lat' dir='ltr'>honorare</span> <span class='ocrx_word' id='word_1_328' title='bbox 2041 1062 2234 1114; x_wconf 84' lang='lat' dir='ltr'>voluit.</span> <span class='ocrx_word' id='word_1_329' title='bbox 2393 1110 2399 1115; x_wconf 91' lang='lat'>.</span> 
     </span>
    </p>

    <p class='ocr_par' dir='ltr' id='par_1_9' title="bbox 1614 1137 2617 1187">
     <span class='ocr_line' id='line_1_63' title="bbox 1614 1137 2617 1187; baseline -0.003 -1"><span class='ocrx_word' id='word_1_330' title='bbox 1614 1149 1676 1186; x_wconf 81' lang='lat'>12</span> <span class='ocrx_word' id='word_1_331' title='bbox 1723 1137 1869 1187; x_wconf 69' lang='lat' dir='ltr'>Deus</span> <span class='ocrx_word' id='word_1_332' title='bbox 1914 1149 2244 1186; x_wconf 68' lang='lat' dir='ltr'>ruam-mus</span> <span class='ocrx_word' id='word_1_333' title='bbox 2288 1149 2617 1184; x_wconf 65' lang='lat' dir='ltr'>ramanu-</span> 
     </span>
    </p>
   </div>
   <div class='ocr_carea' id='block_1_8' title="bbox 1543 1206 2621 1418">
    <p class='ocr_par' dir='ltr' id='par_1_10' title="bbox 1543 1206 2621 1418">
     <span class='ocr_line' id='line_1_64' title="bbox 1544 1206 2616 1275; baseline -0.003 -17"><span class='ocrx_word' id='word_1_334' title='bbox 1544 1221 1662 1258; x_wconf 74' lang='lat' dir='ltr'>mJS.</span> <span class='ocrx_word' id='word_1_335' title='bbox 1690 1236 1752 1246; x_wconf 90' lang='lat'>—</span> <span class='ocrx_word' id='word_1_336' title='bbox 1779 1209 1839 1258; x_wconf 91' lang='lat' dir='ltr'>In</span> <span class='ocrx_word' id='word_1_337' title='bbox 1867 1224 1977 1275; x_wconf 89' lang='lat' dir='ltr'>quo</span> <span class='ocrx_word' id='word_1_338' title='bbox 2000 1207 2157 1257; x_wconf 84' lang='lat' dir='ltr'>datur</span> <span class='ocrx_word' id='word_1_339' title='bbox 2182 1206 2440 1264; x_wconf 85' lang='lat' dir='ltr'>doctrina,</span> <span class='ocrx_word' id='word_1_340' title='bbox 2466 1206 2616 1271; x_wconf 83' lang='lat' dir='ltr'>quod</span> 
     </span>
     <span class='ocr_line' id='line_1_65' title="bbox 1543 1278 2620 1345; baseline -0.002 -17"><span class='ocrx_word' id='word_1_341' title='bbox 1543 1279 1714 1345; x_wconf 87' lang='lat' dir='ltr'>pietas</span> <span class='ocrx_word' id='word_1_342' title='bbox 1740 1280 1805 1330; x_wconf 87' lang='lat' dir='ltr'>ad</span> <span class='ocrx_word' id='word_1_343' title='bbox 1834 1280 2028 1339; x_wconf 87' lang='lat' dir='ltr'>Deum,</span> <span class='ocrx_word' id='word_1_344' title='bbox 2053 1278 2235 1344; x_wconf 78' lang='lat' dir='ltr'>pietati</span> <span class='ocrx_word' id='word_1_345' title='bbox 2259 1287 2500 1343; x_wconf 88' lang='lat' dir='ltr'>respectu</span> <span class='ocrx_word' id='word_1_346' title='bbox 2524 1292 2620 1342; x_wconf 85' lang='lat' dir='ltr'>pa-</span> 
     </span>
     <span class='ocr_line' id='line_1_66' title="bbox 1543 1349 2621 1418; baseline -0.004 -16"><span class='ocrx_word' id='word_1_347' title='bbox 1543 1362 1757 1403; x_wconf 89' lang='lat' dir='ltr'>rentum</span> <span class='ocrx_word' id='word_1_348' title='bbox 1796 1363 1877 1403; x_wconf 86' lang='lat' dir='ltr'>est</span> <span class='ocrx_word' id='word_1_349' title='bbox 1900 1352 2242 1418; x_wconf 78' lang='lat' dir='ltr'>praeferenda.</span> <span class='ocrx_word' id='word_1_350' title='bbox 2280 1349 2467 1400; x_wconf 85' lang='lat' dir='ltr'>Discas</span> <span class='ocrx_word' id='word_1_351' title='bbox 2504 1350 2621 1416; x_wconf 82' lang='lat' dir='ltr'>igi-</span> 
     </span>
    </p>
   </div>
   <div class='ocr_carea' id='block_1_9' title="bbox 1499 1422 2624 1564">
    <p class='ocr_par' dir='ltr' id='par_1_11' title="bbox 1499 1422 2624 1564">
     <span class='ocr_line' id='line_1_67' title="bbox 1499 1422 2624 1490; baseline -0.001 -15"><span class='ocrx_word' id='word_1_352' title='bbox 1499 1457 1504 1488; x_wconf 67' lang='grc'>;</span> <span class='ocrx_word' id='word_1_353' title='bbox 1544 1435 1633 1475; x_wconf 88' lang='lat' dir='ltr'>tur</span> <span class='ocrx_word' id='word_1_354' title='bbox 1661 1435 1716 1476; x_wconf 90' lang='lat' dir='ltr'>et</span> <span class='ocrx_word' id='word_1_355' title='bbox 1749 1436 1811 1477; x_wconf 91' lang='lat' dir='ltr'>tu</span> <span class='ocrx_word' id='word_1_356' title='bbox 1839 1426 2013 1476; x_wconf 89' lang='lat' dir='ltr'>Deum</span> <span class='ocrx_word' id='word_1_357' title='bbox 2042 1434 2094 1475; x_wconf 92' lang='lat' dir='ltr'>et</span> <span class='ocrx_word' id='word_1_358' title='bbox 2119 1433 2363 1490; x_wconf 87' lang='lat' dir='ltr'>parentes</span> <span class='ocrx_word' id='word_1_359' title='bbox 2390 1422 2624 1489; x_wconf 75' lang='lat' dir='ltr'>diligere</span> 
     </span>
     <span class='ocr_line' id='line_1_68' title="bbox 1503 1498 2613 1564; baseline -0.002 -14"><span class='ocrx_word' id='word_1_360' title='bbox 1503 1553 1504 1558; x_wconf 55' lang='grc'>,</span> <span class='ocrx_word' id='word_1_361' title='bbox 1545 1507 1600 1550; x_wconf 89' lang='lat' dir='ltr'>et</span> <span class='ocrx_word' id='word_1_362' title='bbox 1636 1499 1937 1564; x_wconf 84' lang='lat' dir='ltr'>honorare,</span> <span class='ocrx_word' id='word_1_363' title='bbox 1985 1499 2064 1550; x_wconf 87' lang='lat' dir='ltr'>eis</span> <span class='ocrx_word' id='word_1_364' title='bbox 2112 1498 2363 1557; x_wconf 88' lang='lat' dir='ltr'>obedire,</span> <span class='ocrx_word' id='word_1_365' title='bbox 2414 1499 2506 1549; x_wconf 91' lang='lat' dir='ltr'>sed</span> <span class='ocrx_word' id='word_1_366' title='bbox 2556 1498 2613 1548; x_wconf 89' lang='lat' dir='ltr'>in</span> 
     </span>
    </p>
   </div>
   <div class='ocr_carea' id='block_1_10' title="bbox 1544 1570 2618 1638">
    <p class='ocr_par' dir='ltr' id='par_1_12' title="bbox 1544 1570 2618 1638">
     <span class='ocr_line' id='line_1_69' title="bbox 1544 1570 2618 1638; baseline -0.002 -17"><span class='ocrx_word' id='word_1_367' title='bbox 1544 1572 1798 1623; x_wconf 89' lang='lat' dir='ltr'>omnibus</span> <span class='ocrx_word' id='word_1_368' title='bbox 1816 1573 1984 1623; x_wconf 90' lang='lat' dir='ltr'>Deum</span> <span class='ocrx_word' id='word_1_369' title='bbox 2010 1570 2276 1638; x_wconf 75' lang='lat' dir='ltr'>praeferre.</span> <span class='ocrx_word' id='word_1_370' title='bbox 2298 1572 2434 1622; x_wconf 86' lang='lat' dir='ltr'>Nota</span> <span class='ocrx_word' id='word_1_371' title='bbox 2451 1570 2618 1621; x_wconf 51' lang='lat' dir='ltr'>etiam¹</span> 
     </span>
    </p>
   </div>
   <div class='ocr_carea' id='block_1_11' title="bbox 1501 1644 2620 1782">
    <p class='ocr_par' dir='ltr' id='par_1_13' title="bbox 1501 1644 2620 1782">
     <span class='ocr_line' id='line_1_70' title="bbox 1501 1644 2620 1712; baseline -0.001 -18"><span class='ocrx_word' id='word_1_372' title='bbox 1501 1645 1819 1696; x_wconf 78' lang='lat' dir='ltr'>‘moraliter</span> <span class='ocrx_word' id='word_1_373' title='bbox 1837 1684 1852 1710; x_wconf 87' lang='lat'>‚</span> <span class='ocrx_word' id='word_1_374' title='bbox 1914 1645 2060 1712; x_wconf 87' lang='lat' dir='ltr'>quod</span> <span class='ocrx_word' id='word_1_375' title='bbox 2132 1659 2231 1711; x_wconf 88' lang='lat' dir='ltr'>per</span> <span class='ocrx_word' id='word_1_376' title='bbox 2301 1644 2406 1694; x_wconf 86' lang='lat' dir='ltr'>hoc</span> <span class='ocrx_word' id='word_1_377' title='bbox 2464 1644 2620 1710; x_wconf 84' lang='lat' dir='ltr'>quod</span> 
     </span>
     <span class='ocr_line' id='line_1_71' title="bbox 1501 1714 2616 1782; baseline -0.001 -16"><span class='ocrx_word' id='word_1_378' title='bbox 1501 1723 1504 1726; x_wconf 78' lang='grc'>’</span> <span class='ocrx_word' id='word_1_379' title='bbox 1544 1715 1795 1767; x_wconf 87' lang='lat' dir='ltr'>Christus</span> <span class='ocrx_word' id='word_1_380' title='bbox 1849 1715 2247 1782; x_wconf 81' lang='lat' dir='ltr'>interrogationi</span> <span class='ocrx_word' id='word_1_381' title='bbox 2300 1714 2581 1781; x_wconf 80' lang='lat' dir='ltr'>respondit</span> <span class='ocrx_word' id='word_1_382' title='bbox 2599 1753 2616 1779; x_wconf 80' lang='lat'>,</span> 
     </span>
    </p>
   </div>
   <div class='ocr_carea' id='block_1_12' title="bbox 1543 1786 2623 1853">
    <p class='ocr_par' dir='ltr' id='par_1_14' title="bbox 1543 1786 2623 1853">
     <span class='ocr_line' id='line_1_72' title="bbox 1543 1786 2623 1853; baseline -0.002 -16"><span class='ocrx_word' id='word_1_383' title='bbox 1543 1787 1695 1853; x_wconf 87' lang='lat' dir='ltr'>quasi</span> <span class='ocrx_word' id='word_1_384' title='bbox 1749 1787 2065 1853; x_wconf 90' lang='lat' dir='ltr'>corrigendo</span> <span class='ocrx_word' id='word_1_385' title='bbox 2110 1787 2338 1837; x_wconf 83' lang='lat' dir='ltr'>verbum</span> <span class='ocrx_word' id='word_1_386' title='bbox 2387 1786 2577 1836; x_wconf 88' lang='lat' dir='ltr'>Matris</span> <span class='ocrx_word' id='word_1_387' title='bbox 2598 1824 2623 1850; x_wconf 84' lang='lat'>,.</span> 
     </span>
    </p>
   </div>
   <div class='ocr_carea' id='block_1_13' title="bbox 1501 1857 2618 2214">
    <p class='ocr_par' dir='ltr' id='par_1_15' title="bbox 1501 1857 2618 2214">
     <span class='ocr_line' id='line_1_73' title="bbox 1501 1857 2616 1923; baseline -0.002 -14"><span class='ocrx_word' id='word_1_388' title='bbox 1501 1879 1504 1910; x_wconf 74' lang='lat' dir='ltr'>j</span> <span class='ocrx_word' id='word_1_389' title='bbox 1544 1872 1664 1923; x_wconf 84' lang='lat' dir='ltr'>quae</span> <span class='ocrx_word' id='word_1_390' title='bbox 1690 1857 1872 1923; x_wconf 86' lang='lat' dir='ltr'>ipsum</span> <span class='ocrx_word' id='word_1_391' title='bbox 1899 1874 2023 1907; x_wconf 88' lang='lat' dir='ltr'>cum</span> <span class='ocrx_word' id='word_1_392' title='bbox 2050 1858 2235 1907; x_wconf 90' lang='lat' dir='ltr'>dolore</span> <span class='ocrx_word' id='word_1_393' title='bbox 2261 1857 2399 1907; x_wconf 87' lang='lat' dir='ltr'>inter</span> <span class='ocrx_word' id='word_1_394' title='bbox 2420 1873 2616 1923; x_wconf 89' lang='lat' dir='ltr'>cogna-</span> 
     </span>
     <span class='ocr_line' id='line_1_74' title="bbox 1503 1928 2615 1996; baseline 0 -18"><span class='ocrx_word' id='word_1_395' title='bbox 1503 1945 1504 1952; x_wconf 64' lang='grc'>’</span> <span class='ocrx_word' id='word_1_396' title='bbox 1543 1938 1627 1979; x_wconf 91' lang='lat' dir='ltr'>tos</span> <span class='ocrx_word' id='word_1_397' title='bbox 1660 1938 1712 1979; x_wconf 92' lang='lat' dir='ltr'>et</span> <span class='ocrx_word' id='word_1_398' title='bbox 1740 1938 1896 1980; x_wconf 89' lang='lat' dir='ltr'>notos</span> <span class='ocrx_word' id='word_1_399' title='bbox 1924 1928 2221 1996; x_wconf 88' lang='lat' dir='ltr'>quaesierat‚</span> <span class='ocrx_word' id='word_1_400' title='bbox 2259 1928 2615 1978; x_wconf 87' lang='lat' dir='ltr'>omissionem</span> 
     </span>
     <span class='ocr_line' id='line_1_75' title="bbox 1503 2002 2618 2069; baseline -0.001 -17"><span class='ocrx_word' id='word_1_401' title='bbox 1503 2009 1506 2034; x_wconf 51' lang='grc' dir='ltr'>ἱ</span> <span class='ocrx_word' id='word_1_402' title='bbox 1546 2003 1881 2054; x_wconf 87' lang='lat' dir='ltr'>vinculorum</span> <span class='ocrx_word' id='word_1_403' title='bbox 1913 2002 2192 2069; x_wconf 88' lang='lat' dir='ltr'>sanguinis</span> <span class='ocrx_word' id='word_1_404' title='bbox 2218 2013 2399 2068; x_wconf 88' lang='lat' dir='ltr'>aperte</span> <span class='ocrx_word' id='word_1_405' title='bbox 2426 2017 2618 2068; x_wconf 87' lang='lat' dir='ltr'>sugge-</span> 
     </span>
     <span class='ocr_line' id='line_1_76' title="bbox 1503 2073 2618 2141; baseline -0.001 -18"><span class='ocrx_word' id='word_1_406' title='bbox 1503 2111 1504 2116; x_wconf 65' lang='lat'>,</span> <span class='ocrx_word' id='word_1_407' title='bbox 1545 2073 1645 2134; x_wconf 87' lang='lat' dir='ltr'>rit,</span> <span class='ocrx_word' id='word_1_408' title='bbox 1687 2075 1978 2125; x_wconf 87' lang='lat' dir='ltr'>ostendens</span> <span class='ocrx_word' id='word_1_409' title='bbox 2012 2074 2157 2141; x_wconf 91' lang='lat' dir='ltr'>quod</span> <span class='ocrx_word' id='word_1_410' title='bbox 2196 2088 2305 2123; x_wconf 88' lang='lat' dir='ltr'>non</span> <span class='ocrx_word' id='word_1_411' title='bbox 2345 2073 2618 2139; x_wconf 82' lang='lat' dir='ltr'>contingit</span> 
     </span>
     <span class='ocr_line' id='line_1_77' title="bbox 1501 2145 2613 2214; baseline 0 -18"><span class='ocrx_word' id='word_1_412' title='bbox 1501 2145 1504 2172; x_wconf 65' lang='lat'>³</span> <span class='ocrx_word' id='word_1_413' title='bbox 1545 2157 1742 2198; x_wconf 87' lang='lat' dir='ltr'>metam</span> <span class='ocrx_word' id='word_1_414' title='bbox 1788 2147 2125 2214; x_wconf 85' lang='lat' dir='ltr'>perfectionis</span> <span class='ocrx_word' id='word_1_415' title='bbox 2168 2146 2430 2213; x_wconf 88' lang='lat' dir='ltr'>attingere</span> <span class='ocrx_word' id='word_1_416' title='bbox 2462 2162 2613 2208; x_wconf 90' lang='lat' dir='ltr'>eum,</span> 
     </span>
    </p>
   </div>
   <div class='ocr_carea' id='block_1_14' title="bbox 1539 2220 2620 2788">
    <p class='ocr_par' dir='ltr' id='par_1_16' title="bbox 1539 2220 2620 2788">
     <span class='ocr_line' id='line_1_78' title="bbox 1542 2220 2618 2289; baseline -0.002 -17"><span class='ocrx_word' id='word_1_417' title='bbox 1542 2221 1637 2289; x_wconf 89' lang='lat' dir='ltr'>qui</span> <span class='ocrx_word' id='word_1_418' title='bbox 1665 2221 1841 2274; x_wconf 88' lang='lat' dir='ltr'>adhuc</span> <span class='ocrx_word' id='word_1_419' title='bbox 1867 2232 2089 2288; x_wconf 85' lang='lat' dir='ltr'>vagatur</span> <span class='ocrx_word' id='word_1_420' title='bbox 2128 2221 2183 2271; x_wconf 88' lang='lat' dir='ltr'>in</span> <span class='ocrx_word' id='word_1_421' title='bbox 2217 2220 2306 2272; x_wconf 89' lang='lat' dir='ltr'>his</span> <span class='ocrx_word' id='word_1_422' title='bbox 2333 2235 2454 2287; x_wconf 85' lang='lat' dir='ltr'>quae</span> <span class='ocrx_word' id='word_1_423' title='bbox 2483 2237 2618 2271; x_wconf 90' lang='lat' dir='ltr'>cor·-</span> 
     </span>
     <span class='ocr_line' id='line_1_79' title="bbox 1542 2292 2620 2359; baseline -0.001 -16"><span class='ocrx_word' id='word_1_424' title='bbox 1542 2292 1660 2358; x_wconf 88' lang='lat' dir='ltr'>pori</span> <span class='ocrx_word' id='word_1_425' title='bbox 1711 2292 2085 2356; x_wconf 79' lang='lat' dir='ltr'>conferuntur3</span> <span class='ocrx_word' id='word_1_426' title='bbox 2136 2302 2192 2342; x_wconf 51' lang='lat' dir='ltr'>et¹</span> <span class='ocrx_word' id='word_1_427' title='bbox 2235 2293 2381 2359; x_wconf 90' lang='lat' dir='ltr'>quod</span> <span class='ocrx_word' id='word_1_428' title='bbox 2440 2292 2620 2342; x_wconf 87' lang='lat' dir='ltr'>homo</span> 
     </span>
     <span class='ocr_line' id='line_1_80' title="bbox 1543 2362 2617 2430; baseline 0.001 -18"><span class='ocrx_word' id='word_1_429' title='bbox 1543 2362 1720 2414; x_wconf 87' lang='lat' dir='ltr'>deficit</span> <span class='ocrx_word' id='word_1_430' title='bbox 1764 2378 1796 2414; x_wconf 90' lang='lat' dir='ltr'>a</span> <span class='ocrx_word' id='word_1_431' title='bbox 1839 2363 2178 2430; x_wconf 87' lang='lat' dir='ltr'>perfectione,</span> <span class='ocrx_word' id='word_1_432' title='bbox 2222 2373 2439 2430; x_wconf 84' lang='lat' dir='ltr'>propter</span> <span class='ocrx_word' id='word_1_433' title='bbox 2476 2362 2617 2413; x_wconf 84' lang='lat' dir='ltr'>affe-</span> 
     </span>
     <span class='ocr_line' id='line_1_81' title="bbox 1542 2434 2618 2501; baseline 0 -17"><span class='ocrx_word' id='word_1_434' title='bbox 1542 2443 1688 2484; x_wconf 90' lang='lat' dir='ltr'>ctum</span> <span class='ocrx_word' id='word_1_435' title='bbox 1733 2444 2101 2501; x_wconf 86' lang='lat' dir='ltr'>cognatorum.</span> <span class='ocrx_word' id='word_1_436' title='bbox 2152 2435 2226 2485; x_wconf 91' lang='lat' dir='ltr'>Et</span> <span class='ocrx_word' id='word_1_437' title='bbox 2278 2435 2384 2484; x_wconf 88' lang='lat' dir='ltr'>hoc</span> <span class='ocrx_word' id='word_1_438' title='bbox 2428 2434 2618 2484; x_wconf 76' lang='lat' dir='ltr'>innuit</span> 
     </span>
     <span class='ocr_line' id='line_1_82' title="bbox 1543 2505 2614 2571; baseline -0.001 -16"><span class='ocrx_word' id='word_1_439' title='bbox 1543 2521 1637 2570; x_wconf 88' lang='lat' dir='ltr'>per</span> <span class='ocrx_word' id='word_1_440' title='bbox 1679 2505 1908 2571; x_wconf 84' lang='lat' dir='ltr'>primam</span> <span class='ocrx_word' id='word_1_441' title='bbox 1954 2506 2266 2570; x_wconf 89' lang='lat' dir='ltr'>clausulam,</span> <span class='ocrx_word' id='word_1_442' title='bbox 2310 2521 2432 2555; x_wconf 90' lang='lat' dir='ltr'>cum</span> <span class='ocrx_word' id='word_1_443' title='bbox 2475 2505 2551 2555; x_wconf 91' lang='lat' dir='ltr'>ait</span> <span class='ocrx_word' id='word_1_444' title='bbox 2596 2523 2614 2554; x_wconf 70' lang='grc' dir='ltr'>ε</span> 
     </span>
     <span class='ocr_line' id='line_1_83' title="bbox 1544 2576 2615 2644; baseline -0.001 -17"><span class='ocrx_word' id='word_1_445' title='bbox 1544 2576 1692 2637; x_wconf 81' lang='lat' dir='ltr'>Quid</span> <span class='ocrx_word' id='word_1_446' title='bbox 1717 2585 1800 2628; x_wconf 83' lang='lat' dir='ltr'>est</span> <span class='ocrx_word' id='word_1_447' title='bbox 1823 2578 1964 2644; x_wconf 76' lang='lat' dir='ltr'>quod</span> <span class='ocrx_word' id='word_1_448' title='bbox 1998 2593 2082 2628; x_wconf 89' lang='lat' dir='ltr'>me</span> <span class='ocrx_word' id='word_1_449' title='bbox 2107 2576 2480 2644; x_wconf 67' lang='lat' dir='ltr'>quaerebatis?</span> <span class='ocrx_word' id='word_1_450' title='bbox 2499 2576 2615 2627; x_wconf 87' lang='lat' dir='ltr'>sci-</span> 
     </span>
     <span class='ocr_line' id='line_1_84' title="bbox 1541 2649 2614 2717; baseline 0 -18"><span class='ocrx_word' id='word_1_451' title='bbox 1541 2649 1666 2701; x_wconf 90' lang='lat' dir='ltr'>licet</span> <span class='ocrx_word' id='word_1_452' title='bbox 1706 2650 1848 2701; x_wconf 89' lang='lat' dir='ltr'>inter</span> <span class='ocrx_word' id='word_1_453' title='bbox 1892 2660 2184 2717; x_wconf 86' lang='lat' dir='ltr'>cognatos,</span> <span class='ocrx_word' id='word_1_454' title='bbox 2231 2659 2285 2700; x_wconf 89' lang='lat' dir='ltr'>et</span> <span class='ocrx_word' id='word_1_455' title='bbox 2326 2649 2614 2700; x_wconf 80' lang='lat' dir='ltr'>carnaliter</span> 
     </span>
     <span class='ocr_line' id='line_1_85' title="bbox 1539 2720 2618 2788; baseline 0 -18"><span class='ocrx_word' id='word_1_456' title='bbox 1539 2721 1892 2788; x_wconf 87' lang='lat' dir='ltr'>propinquos.</span> <span class='ocrx_word' id='word_1_457' title='bbox 1926 2722 2026 2772; x_wconf 89' lang='lat' dir='ltr'>Per</span> <span class='ocrx_word' id='word_1_458' title='bbox 2050 2722 2154 2773; x_wconf 85' lang='lat' dir='ltr'>hoc</span> <span class='ocrx_word' id='word_1_459' title='bbox 2183 2737 2311 2772; x_wconf 81' lang='lat' dir='ltr'>vero</span> <span class='ocrx_word' id='word_1_460' title='bbox 2338 2721 2486 2787; x_wconf 91' lang='lat' dir='ltr'>quod</span> <span class='ocrx_word' id='word_1_461' title='bbox 2513 2720 2618 2770; x_wconf 75' lang='lat' dir='ltr'>ad-&#39;</span> 
     </span>
    </p>
   </div>
   <div class='ocr_carea' id='block_1_15' title="bbox 1501 2791 2610 2856">
    <p class='ocr_par' dir='ltr' id='par_1_17' title="bbox 1501 2791 2610 2856">
     <span class='ocr_line' id='line_1_86' title="bbox 1501 2791 2610 2856; baseline 0.001 -15"><span class='ocrx_word' id='word_1_462' title='bbox 1501 2824 1507 2832; x_wconf 84' lang='lat'><em>-</em></span> <span class='ocrx_word' id='word_1_463' title='bbox 1540 2791 1620 2841; x_wconf 87' lang='lat' dir='ltr'>dit</span> <span class='ocrx_word' id='word_1_464' title='bbox 1666 2809 1680 2842; x_wconf 76' lang='lat' dir='ltr'><em>z</em></span> <span class='ocrx_word' id='word_1_465' title='bbox 1728 2793 2086 2856; x_wconf 74' lang='lat' dir='ltr'>NesciebatiS,</span> <span class='ocrx_word' id='word_1_466' title='bbox 2127 2803 2252 2854; x_wconf 68' lang='lat' dir='ltr'>etc„</span> <span class='ocrx_word' id='word_1_467' title='bbox 2289 2794 2445 2843; x_wconf 83' lang='lat' dir='ltr'>docet</span> <span class='ocrx_word' id='word_1_468' title='bbox 2490 2807 2610 2851; x_wconf 71' lang='lat' dir='ltr'>nor»,</span> 
     </span>
    </p>
   </div>
   <div class='ocr_carea' id='block_1_16' title="bbox 1533 2863 2614 4003">
    <p class='ocr_par' dir='ltr' id='par_1_18' title="bbox 1533 2863 2614 4003">
     <span class='ocr_line' id='line_1_87' title="bbox 1533 2863 2612 2930; baseline -0.003 -15"><span class='ocrx_word' id='word_1_469' title='bbox 1533 2879 1648 2916; x_wconf 76' lang='lat' dir='ltr'>,non</span> <span class='ocrx_word' id='word_1_470' title='bbox 1676 2863 1870 2913; x_wconf 89' lang='lat' dir='ltr'>debere</span> <span class='ocrx_word' id='word_1_471' title='bbox 1890 2879 1986 2930; x_wconf 90' lang='lat' dir='ltr'>per</span> <span class='ocrx_word' id='word_1_472' title='bbox 2011 2863 2198 2913; x_wconf 88' lang='lat' dir='ltr'>infima</span> <span class='ocrx_word' id='word_1_473' title='bbox 2225 2863 2392 2930; x_wconf 86' lang='lat' dir='ltr'>gradi,</span> <span class='ocrx_word' id='word_1_474' title='bbox 2419 2863 2513 2913; x_wconf 89' lang='lat' dir='ltr'>sed</span> <span class='ocrx_word' id='word_1_475' title='bbox 2542 2865 2612 2912; x_wconf 86' lang='lat' dir='ltr'>ad</span> 
     </span>
     <span class='ocr_line' id='line_1_88' title="bbox 1540 2933 2613 2999; baseline 0 -15"><span class='ocrx_word' id='word_1_476' title='bbox 1540 2933 1816 2999; x_wconf 88' lang='lat' dir='ltr'>superiora</span> <span class='ocrx_word' id='word_1_477' title='bbox 1843 2935 2036 2985; x_wconf 86' lang='lat' dir='ltr'>debere</span> <span class='ocrx_word' id='word_1_478' title='bbox 2063 2936 2262 2986; x_wconf 91' lang='lat' dir='ltr'>mentis</span> <span class='ocrx_word' id='word_1_479' title='bbox 2302 2936 2486 2986; x_wconf 91' lang='lat' dir='ltr'>oculos</span> <span class='ocrx_word' id='word_1_480' title='bbox 2526 2944 2613 2984; x_wconf 81' lang='lat' dir='ltr'>at-</span> 
     </span>
     <span class='ocr_line' id='line_1_89' title="bbox 1540 3005 2610 3072; baseline 0.001 -18"><span class='ocrx_word' id='word_1_481' title='bbox 1540 3006 1745 3056; x_wconf 86' lang='lat' dir='ltr'>tollere.</span> <span class='ocrx_word' id='word_1_482' title='bbox 1808 3006 2080 3057; x_wconf 89' lang='lat' dir='ltr'>Moraliter</span> <span class='ocrx_word' id='word_1_483' title='bbox 2127 3021 2221 3072; x_wconf 86' lang='lat' dir='ltr'>per</span> <span class='ocrx_word' id='word_1_484' title='bbox 2289 3006 2393 3056; x_wconf 87' lang='lat' dir='ltr'>hoc</span> <span class='ocrx_word' id='word_1_485' title='bbox 2459 3005 2610 3072; x_wconf 87' lang='lat' dir='ltr'>quod</span> 
     </span>
     <span class='ocr_line' id='line_1_90' title="bbox 1542 3078 2611 3145; baseline 0 -17"><span class='ocrx_word' id='word_1_486' title='bbox 1542 3078 1791 3129; x_wconf 86' lang='lat' dir='ltr'>Christus</span> <span class='ocrx_word' id='word_1_487' title='bbox 1819 3095 1944 3129; x_wconf 88' lang='lat' dir='ltr'>cum</span> <span class='ocrx_word' id='word_1_488' title='bbox 1973 3090 2246 3145; x_wconf 87' lang='lat' dir='ltr'>correptus</span> <span class='ocrx_word' id='word_1_489' title='bbox 2286 3089 2423 3130; x_wconf 88' lang='lat' dir='ltr'>esset</span> <span class='ocrx_word' id='word_1_490' title='bbox 2457 3078 2551 3128; x_wconf 87' lang='lat' dir='ltr'>hic</span> <span class='ocrx_word' id='word_1_491' title='bbox 2577 3093 2611 3128; x_wconf 90' lang='lat' dir='ltr'>a</span> 
     </span>
     <span class='ocr_line' id='line_1_91' title="bbox 1540 3149 2609 3213; baseline 0 -14"><span class='ocrx_word' id='word_1_492' title='bbox 1540 3150 1726 3213; x_wconf 85' lang='lat' dir='ltr'>Matre,</span> <span class='ocrx_word' id='word_1_493' title='bbox 1755 3164 1814 3199; x_wconf 88' lang='lat' dir='ltr'>se</span> <span class='ocrx_word' id='word_1_494' title='bbox 1845 3149 2073 3200; x_wconf 89' lang='lat' dir='ltr'>dulciter</span> <span class='ocrx_word' id='word_1_495' title='bbox 2106 3159 2157 3200; x_wconf 88' lang='lat' dir='ltr'>et</span> <span class='ocrx_word' id='word_1_496' title='bbox 2192 3149 2474 3200; x_wconf 86' lang='lat' dir='ltr'>humiliter</span> <span class='ocrx_word' id='word_1_497' title='bbox 2508 3162 2609 3199; x_wconf 85' lang='lat' dir='ltr'>ex-</span> 
     </span>
     <span class='ocr_line' id='line_1_92' title="bbox 1538 3220 2611 3282; baseline 0 -12"><span class='ocrx_word' id='word_1_498' title='bbox 1538 3221 1761 3281; x_wconf 88' lang='lat' dir='ltr'>cusavit,</span> <span class='ocrx_word' id='word_1_499' title='bbox 1788 3220 1917 3271; x_wconf 90' lang='lat' dir='ltr'>alibi</span> <span class='ocrx_word' id='word_1_500' title='bbox 1945 3231 2144 3282; x_wconf 90' lang='lat' dir='ltr'>autem,</span> <span class='ocrx_word' id='word_1_501' title='bbox 2182 3220 2382 3272; x_wconf 88' lang='lat' dir='ltr'>scilicet</span> <span class='ocrx_word' id='word_1_502' title='bbox 2415 3220 2471 3270; x_wconf 93' lang='lat' dir='ltr'>in</span> <span class='ocrx_word' id='word_1_503' title='bbox 2500 3237 2611 3270; x_wconf 88' lang='lat' dir='ltr'>nu-</span> 
     </span>
     <span class='ocr_line' id='line_1_93' title="bbox 1537 3291 2606 3357; baseline 0.003 -18"><span class='ocrx_word' id='word_1_504' title='bbox 1537 3291 1664 3357; x_wconf 90' lang='lat' dir='ltr'>ptiis</span> <span class='ocrx_word' id='word_1_505' title='bbox 1691 3307 1815 3342; x_wconf 90' lang='lat' dir='ltr'>cum</span> <span class='ocrx_word' id='word_1_506' title='bbox 1845 3291 2101 3342; x_wconf 85' lang='lat' dir='ltr'>invitatus</span> <span class='ocrx_word' id='word_1_507' title='bbox 2130 3302 2229 3356; x_wconf 88' lang='lat' dir='ltr'>est,</span> <span class='ocrx_word' id='word_1_508' title='bbox 2259 3293 2325 3342; x_wconf 88' lang='lat' dir='ltr'>ad</span> <span class='ocrx_word' id='word_1_509' title='bbox 2366 3291 2606 3342; x_wconf 89' lang='lat' dir='ltr'>miracu-</span> 
     </span>
     <span class='ocr_line' id='line_1_94' title="bbox 1539 3362 2612 3428; baseline 0.003 -17"><span class='ocrx_word' id='word_1_510' title='bbox 1539 3363 1653 3412; x_wconf 86' lang='lat' dir='ltr'>lum</span> <span class='ocrx_word' id='word_1_511' title='bbox 1699 3364 1831 3414; x_wconf 92' lang='lat' dir='ltr'>dure</span> <span class='ocrx_word' id='word_1_512' title='bbox 1875 3363 2182 3428; x_wconf 86' lang='lat' dir='ltr'>respondit,</span> <span class='ocrx_word' id='word_1_513' title='bbox 2237 3362 2384 3413; x_wconf 90' lang='lat' dir='ltr'>dedit</span> <span class='ocrx_word' id='word_1_514' title='bbox 2446 3363 2612 3414; x_wconf 81' lang='lat' dir='ltr'>nobis</span> 
     </span>
     <span class='ocr_line' id='line_1_95' title="bbox 1539 3435 2614 3502; baseline 0.002 -17"><span class='ocrx_word' id='word_1_515' title='bbox 1539 3437 1844 3502; x_wconf 83' lang='lat' dir='ltr'>exemplum</span> <span class='ocrx_word' id='word_1_516' title='bbox 1905 3445 1957 3486; x_wconf 92' lang='lat' dir='ltr'>et</span> <span class='ocrx_word' id='word_1_517' title='bbox 2008 3435 2237 3486; x_wconf 87' lang='lat' dir='ltr'>formam</span> <span class='ocrx_word' id='word_1_518' title='bbox 2284 3435 2614 3488; x_wconf 80' lang='lat' dir='ltr'>humilitatis</span> 
     </span>
     <span class='ocr_line' id='line_1_96' title="bbox 1539 3505 2542 3574; baseline 0.001 -18"><span class='ocrx_word' id='word_1_519' title='bbox 1539 3515 1599 3556; x_wconf 89' lang='lat' dir='ltr'>ut</span> <span class='ocrx_word' id='word_1_520' title='bbox 1627 3505 1883 3557; x_wconf 86' lang='lat' dir='ltr'>malimus</span> <span class='ocrx_word' id='word_1_521' title='bbox 1910 3506 2101 3573; x_wconf 87' lang='lat' dir='ltr'>corripi</span> <span class='ocrx_word' id='word_1_522' title='bbox 2129 3523 2292 3574; x_wconf 89' lang='lat' dir='ltr'>quam</span> <span class='ocrx_word' id='word_1_523' title='bbox 2320 3506 2542 3557; x_wconf 88' lang='lat' dir='ltr'>laudari.</span> 
     </span>
     <span class='ocr_line' id='line_1_97' title="bbox 1608 3576 2606 3632; baseline 0.002 -4"><span class='ocrx_word' id='word_1_524' title='bbox 1608 3576 1670 3628; x_wconf 86' lang='lat'>13</span> <span class='ocrx_word' id='word_1_525' title='bbox 1708 3578 1922 3629; x_wconf 78' lang='lat' dir='ltr'>Pammt</span> <span class='ocrx_word' id='word_1_526' title='bbox 1950 3595 2166 3630; x_wconf 63' lang='lat' dir='ltr'>vannum</span> <span class='ocrx_word' id='word_1_527' title='bbox 2201 3581 2428 3632; x_wconf 75' lang='lat' dir='ltr'>Cuiusrr</span> <span class='ocrx_word' id='word_1_528' title='bbox 2454 3594 2606 3630; x_wconf 66' lang='lat' dir='ltr'>scat-</span> 
     </span>
     <span class='ocr_line' id='line_1_98' title="bbox 1539 3651 2606 3718; baseline 0.001 -20"><span class='ocrx_word' id='word_1_529' title='bbox 1539 3664 1683 3699; x_wconf 71' lang='lat' dir='ltr'>pruu</span> <span class='ocrx_word' id='word_1_530' title='bbox 1712 3664 1800 3699; x_wconf 81' lang='lat' dir='ltr'>mc</span> <span class='ocrx_word' id='word_1_531' title='bbox 1836 3666 2096 3702; x_wconf 67' lang='lat' dir='ltr'>manuus.</span> <span class='ocrx_word' id='word_1_532' title='bbox 2128 3653 2285 3702; x_wconf 85' lang='lat' dir='ltr'>-Et</span> <span class='ocrx_word' id='word_1_533' title='bbox 2307 3661 2431 3705; x_wconf 85' lang='lat' dir='ltr'>nota</span> <span class='ocrx_word' id='word_1_534' title='bbox 2457 3651 2606 3718; x_wconf 85' lang='lat' dir='ltr'>quod</span> 
     </span>
     <span class='ocr_line' id='line_1_99' title="bbox 1540 3719 2608 3789; baseline 0.001 -19"><span class='ocrx_word' id='word_1_535' title='bbox 1540 3720 1685 3770; x_wconf 90' lang='lat' dir='ltr'>istud</span> <span class='ocrx_word' id='word_1_536' title='bbox 1733 3719 1838 3771; x_wconf 89' lang='lat' dir='ltr'>fuit</span> <span class='ocrx_word' id='word_1_537' title='bbox 1884 3721 2123 3788; x_wconf 89' lang='lat' dir='ltr'>primum</span> <span class='ocrx_word' id='word_1_538' title='bbox 2179 3724 2404 3773; x_wconf 88' lang='lat' dir='ltr'>verbum</span> <span class='ocrx_word' id='word_1_539' title='bbox 2457 3722 2608 3789; x_wconf 83' lang='lat' dir='ltr'>quod·</span> 
     </span>
     <span class='ocr_line' id='line_1_100' title="bbox 1539 3791 2607 3859; baseline 0.003 -19"><span class='ocrx_word' id='word_1_540' title='bbox 1539 3791 1606 3841; x_wconf 92' lang='lat' dir='ltr'>ab</span> <span class='ocrx_word' id='word_1_541' title='bbox 1634 3804 1731 3841; x_wconf 86' lang='lat' dir='ltr'>ore</span> <span class='ocrx_word' id='word_1_542' title='bbox 1753 3792 2041 3843; x_wconf 87' lang='lat' dir='ltr'>Salvatoris</span> <span class='ocrx_word' id='word_1_543' title='bbox 2070 3795 2335 3859; x_wconf 87' lang='lat' dir='ltr'>prolatum</span> <span class='ocrx_word' id='word_1_544' title='bbox 2376 3808 2493 3845; x_wconf 88' lang='lat' dir='ltr'>esse</span> <span class='ocrx_word' id='word_1_545' title='bbox 2521 3793 2607 3843; x_wconf 88' lang='lat' dir='ltr'>le-</span> 
     </span>
     <span class='ocr_line' id='line_1_101' title="bbox 1539 3861 2607 3929; baseline 0.002 -19"><span class='ocrx_word' id='word_1_546' title='bbox 1539 3861 1701 3927; x_wconf 86' lang='lat' dir='ltr'>gitur,</span> <span class='ocrx_word' id='word_1_547' title='bbox 1731 3861 1788 3912; x_wconf 91' lang='lat' dir='ltr'>in</span> <span class='ocrx_word' id='word_1_548' title='bbox 1819 3879 1928 3929; x_wconf 92' lang='lat' dir='ltr'>quo</span> <span class='ocrx_word' id='word_1_549' title='bbox 1961 3878 2114 3914; x_wconf 88' lang='lat' dir='ltr'>suam</span> <span class='ocrx_word' id='word_1_550' title='bbox 2141 3863 2478 3915; x_wconf 85' lang='lat' dir='ltr'>divinitatem</span> <span class='ocrx_word' id='word_1_551' title='bbox 2505 3878 2607 3914; x_wconf 83' lang='lat' dir='ltr'>ex-</span> 
     </span>
     <span class='ocr_line' id='line_1_102' title="bbox 1541 3935 2605 4003; baseline 0 -18"><span class='ocrx_word' id='word_1_552' title='bbox 1541 3935 1752 4000; x_wconf 87' lang='lat' dir='ltr'>pressit.</span> <span class='ocrx_word' id='word_1_553' title='bbox 1809 3937 1875 3987; x_wconf 90' lang='lat' dir='ltr'>Et</span> <span class='ocrx_word' id='word_1_554' title='bbox 1932 3936 2112 4003; x_wconf 90' lang='lat' dir='ltr'>ipsum</span> <span class='ocrx_word' id='word_1_555' title='bbox 2165 3937 2391 3988; x_wconf 82' lang='lat' dir='ltr'>verbum</span> <span class='ocrx_word' id='word_1_556' title='bbox 2446 3945 2605 3987; x_wconf 80' lang='lat' dir='ltr'>tantae</span> 
     </span>
    </p>
   </div>
   <div class='ocr_carea' id='block_1_17' title="bbox 1499 4007 2603 4076">
    <p class='ocr_par' dir='ltr' id='par_1_19' title="bbox 1499 4007 2603 4076">
     <span class='ocr_line' id='line_1_103' title="bbox 1499 4007 2603 4076; baseline 0.001 -19"><span class='ocrx_word' id='word_1_557' title='bbox 1499 4014 1502 4021; x_wconf 79' lang='grc'>’</span> <span class='ocrx_word' id='word_1_558' title='bbox 1540 4007 1642 4059; x_wconf 88' lang='lat' dir='ltr'>fuit</span> <span class='ocrx_word' id='word_1_559' title='bbox 1678 4009 1994 4070; x_wconf 89' lang='lat' dir='ltr'>altitudinis,</span> <span class='ocrx_word' id='word_1_560' title='bbox 2026 4011 2172 4076; x_wconf 90' lang='lat' dir='ltr'>quod</span> <span class='ocrx_word' id='word_1_561' title='bbox 2211 4009 2375 4060; x_wconf 90' lang='lat' dir='ltr'>Maria</span> <span class='ocrx_word' id='word_1_562' title='bbox 2411 4019 2464 4061; x_wconf 88' lang='lat' dir='ltr'>et</span> <span class='ocrx_word' id='word_1_563' title='bbox 2503 4009 2603 4059; x_wconf 84' lang='lat' dir='ltr'>Jo-</span> 
     </span>
    </p>
   </div>
  </div>
 </body>
</html>
