2784 4452
895 310 989 363 DE
1019 306 1575 363 cmcummstonss
1605 310 1877 364 nomm.
2448 335 2519 387 09

262 443 404 484 recta
435 449 450 483 z
481 451 510 479 n
543 431 660 482 haec
701 430 1037 482 Ber-nardus
1066 429 1341 480 Debemus

261 503 432 570 igitur
457 517 576 554 esse
603 500 905 552 circumcisi
937 500 1116 561 corde,
1144 516 1176 551 a
1202 499 1341 566 cogi-

260 573 565 625 tationibus
609 572 787 622 noxiis
841 581 895 622 et
940 571 1269 631 immundis,
1307 584 1340 621 a

257 644 479 710 'judiciis
522 643 672 695 falsis
714 654 766 694 et
799 642 1119 704 temerariis,
1148 643 1219 692 ab
1247 642 1336 692 in-

256 715 595 767 tentionibus
621 724 675 765 et
694 713 1064 765 voluntatibus
1107 713 1334 780 iniquis,

258 796 321 837 ut
347 801 530 837 coram
572 785 683 836 Deo
727 785 1170 850 pertimescamus
1209 798 1336 835 ver-

258 872 378 908 sare
405 857 465 907 in
488 857 647 908 corde
675 857 824 923 quod
864 872 1048 907 coram
1081 855 1337 907 homini-

257 929 362 979 bus
409 928 851 982 erubesceremus
903 926 1082 978 dicere
1132 928 1216 977 vel
1249 925 1333 976 fa-

258 1013 376 1050 cere
404 1013 421 1062 ;
478 997 609 1065 quia
681 1012 802 1063 quae
851 997 992 1048 dicta
1045 998 1132 1049 vel
1199 996 1335 1047 facta

257 1068 601 1128 hominibus,
647 1068 763 1118 haec
815 1077 945 1118 sunt
982 1067 1333 1134 cogitationes

257 1138 390 1189 Deo·
409 1139 683 1190 Debemus
710 1153 933 1206 quoque
959 1153 1078 1189 esse
1104 1138 1334 1189 circum·

259 1208 355 1259 cisi
396 1208 586 1274 lingua
625 1223 656 1258 a
701 1208 884 1258 verbis
915 1208 1187 1274 turpibus,
1230 1208 1333 1258 de·-

256 1279 540 1343 tractoriis,
578 1279 875 1341 mendosiS,
916 1278 1111 1332 otiosis
1144 1288 1200 1329 et
1230 1293 1331 1329 su·-

256 1350 502 1416 perfluis3
529 1351 659 1418 quia
686 1351 753 1402 de
778 1350 933 1401 omni
964 1352 1130 1402 verbo
1152 1350 1330 1402 otioso

253 1422 416 1474 etiam
464 1422 781 1488 ignoranter
820 1423 1055 1489 prolato,
1091 1422 1237 1474 sicut
1276 1432 1330 1474 et

252 1493 318 1543 de
369 1493 697 1559 cogitatione
747 1492 1149 1553 minutissima,
1201 1495 1327 1545 red-

252 1563 430 1614 denda
461 1572 543 1615 est
584 1564 720 1615 ratio
754 1564 815 1615 in
859 1565 948 1615 die
974 1564 1180 1629 judicii.
1215 1566 1328 1616 De-

255 1636 453 1686 bemus
478 1635 642 1686 etiam
666 1651 783 1687 esse
812 1635 1135 1697 circumcisi,
1151 1637 1328 1688 omni-

255 1707 357 1757 bus
411 1706 668 1758 sensibus
709 1717 762 1757 et
792 1706 1058 1758 membris
1085 1707 1328 1774 corporis

255 1777 461 1838 nostri,
498 1793 532 1828 a
571 1778 869 1844 prohibitis
916 1788 969 1829 et
1008 1778 1247 1840 illicitis,
1295 1795 1327 1830 a

252 1847 597 1913 voluptuosis
639 1858 696 1900 et
737 1847 1024 1914 superfluis
1067 1849 1327 1901 omnibus

251 1918 592 1982 abstinendO,
613 1928 667 1969 et
685 1935 796 1969 non
825 1920 1004 1970 solum
1033 1934 1069 1971 a
1092 1932 1325 1986 peccate,

252 1988 344 2039 sed
388 1988 457 2039 ab
494 1990 649 2039 omni
673 1989 950 2040 occasione
961 1990 1179 2071 peccati
1220 2007 1324 2043 nos

250 2058 650 2109 subtrahendo·
635 2097 651 2122 ,
708 2059 836 2126 quia
870 2058 979 2110 nisi
1011 2059 1137 2125 quis
1167 2076 1323 2112 occa-

249 2127 462 2179 sionem
504 2129 701 2194 peccati
741 2128 1015 2189 vitaverit,¹
1031 2129 1123 2181 vix
1153 2146 1326 2196 pecca.-

153 2268 159 2272 ,
249 2209 368 2251 tmn
411 2199 717 2252 declinabit.

308 2269 344 2320 8
378 2271 499 2322 Cua
524 2287 615 2322 mn
644 2286 848 2323 oei-ava
869 2272 1097 2324 mar?
1119 2300 1181 2311 -
1202 2272 1322 2324 Tali

249 2339 657 2392 circumcisione
681 2342 865 2393 omnia
889 2343 1022 2394 vitia
1040 2352 1093 2394 et
1114 2352 1325 2408 peccata

250 2410 512 2463 tolluntur
558 2421 614 2463 et
656 2413 1046 2474 excluduntur,
1087 2412 1233 2463 unde
1271 2422 1327 2463 et

249 2490 434 2532 octavo
447 2480 539 2532 die
554 2482 891 2533 circumcisio
916 2483 1114 2534 merito
1141 2482 1322 2545 fiebat,

248 2551 303 2602 in
343 2567 455 2619 qua
499 2563 554 2605 et
589 2554 785 2605 ultima
833 2555 1152 2608 resurrectio
1197 2554 1321 2615 fiet,

249 2623 467 2689 quando
494 2625 753 2676 omnibus
783 2626 1049 2678 membris
1087 2626 1323 2677 circum-

249 2693 396 2753 cisis,
428 2694 485 2744 id
530 2705 627 2757 est,
670 2696 820 2746 vitiis
847 2707 901 2747 et
930 2696 1160 2763 peccatis
1184 2697 1317 2748 abs-

248 2763 377 2815 cisia
423 2773 573 2817 totus
630 2782 695 2816 ex
753 2767 966 2833 integro
998 2768 1316 2829 innovatus,

247 2835 509 2902 omnique
581 2837 950 2902 superfluitate
1027 2839 1322 2890 mundatus

249 2907 415 2957 homo
462 2909 529 2958 ad
562 2909 1026 2961 immortalitatem
1056 2920 1313 2977 resurget.

248 2980 449 3032 Octava
487 2982 604 3035 dies
639 2984 753 3049 ipsa
784 2994 864 3035 est
894 3000 1017 3050 quae
1046 2995 1098 3035 et
1125 2986 1320 3051 prima.

248 3055 305 3104 In
343 3054 445 3104 hac
473 3056 616 3106 enim
650 3058 886 3107 mundus
927 3057 1120 3123 coepit,
1155 3057 1326 3109 Chri-

248 3133 365 3175 stus
383 3127 706 3191 resurrexit3
743 3127 801 3177 in
832 3128 932 3178 hac
964 3138 1018 3178 et
1054 3127 1321 3179 universa-

248 3195 316 3245 lis
336 3198 655 3247 resurrectio
679 3198 799 3249 erit.
831 3200 933 3249 Sex
963 3199 1164 3251 etenim
1193 3210 1323 3250 sunt

247 3265 415 3330 hujus
455 3267 618 3317 seculi
662 3278 864 3329 aetates,
905 3269 961 3319 in
992 3269 1195 3335 quibus
1222 3285 1322 3336 pro

246 3334 365 3386 Deo
389 3337 669 3389 laboribus
696 3339 960 3401 insistere,
990 3350 1043 3391 et
1070 3356 1168 3407 pro
1200 3340 1333 3392 adi-

250 3406 500 3471 piscenda
525 3410 852 3475 sempiterna
875 3413 1074 3478 requie
1091 3412 1163 3463 ad
1192 3422 1329 3463 tem-

249 3491 365 3542 pus
396 3480 610 3544 operari
662 3497 881 3534 necesse
927 3493 1053 3547 est3
1094 3482 1337 3565 septima

249 3557 389 3600 zetas
416 3564 527 3599 non
572 3550 630 3602 in
675 3552 793 3614 hac,
836 3554 929 3605 sed
973 3554 1030 3604 in
1070 3554 1178 3606 alia
1214 3554 1325 3606 vita

248 3618 647 3684 quiescentium
684 3639 858 3690 usque
897 3626 965 3676 ad
990 3634 1213 3692 tempus
1234 3639 1326 3677 re·-

247 3694 596 3746 surrectionis
626 3698 906 3763 omnium3
934 3710 1117 3752 octava
1143 3707 1322 3751 autem

247 3772 385 3815 oetas-
399 3764 616 3831 ipsaest
634 3768 748 3819 dies
762 3770 1183 3822 resurrectionis
1202 3770 1333 3824 sine

248 3833 362 3883 ullo
402 3839 662 3901 temporis
700 3839 806 3891 fine
846 3842 1015 3892 beata.
1044 3842 1197 3893 Tunc
1219 3857 1321 3893 au-

247 3911 357 3956 tem
418 3922 527 3958 non
588 3909 765 3961 solum
833 3911 1172 3975 circumcisi,
1227 3913 1320 3966 sed

1453 429 1718 480 omnibus
1770 431 1839 480 ab
1895 431 1974 482 eis
2000 433 2226 497 peccatis
2280 436 2519 506 abscisis

1452 499 1644 549 mundi
1675 509 1727 550 et
1770 500 2100 552 immaculati
2131 514 2392 558 aeternum
2420 525 2520 559 no-

1451 585 1576 619 men
1608 570 1785 621 Sancti
1816 571 2117 637 suscipient
2157 584 2211 624 et
2245 575 2517 630 heredita-

1449 649 1580 690 tem.
1604 640 1713 701 Qui
1741 655 1868 707 ergo
1902 643 2042 692 mala
2074 652 2126 693 et
2159 659 2296 696 vana
2311 649 2518 713 cogita-

1448 724 1525 769 re,
1547 711 1631 760 vel
1657 711 1806 778 loqui
1836 721 1926 763 aut
1949 712 2122 763 facere
2153 730 2262 765 non
2293 719 2511 783 appetit,

1447 780 1549 830 iste
1597 780 1825 832 interius
1884 793 1946 833 et
1998 783 2236 835 extentius
2290 787 2518 851 perfecte

1444 849 1792 902 circumcisus
1812 862 1912 903 est.
1945 854 2142 905 Parum
2164 865 2345 907 autem
2365 861 2521 923 prod-

1443 931 1527 970 est
1557 920 1942 975 circinucisum
1978 939 2113 989 esse,
2135 940 2202 976 ex
2237 936 2385 993 parte
2410 944 2517 980 una

1442 1000 1497 1041 et
1537 1007 1647 1042 non
1695 1008 1760 1043 ex
1809 994 1948 1058 alia,
1982 1005 2044 1045 ut
2092 996 2236 1050 enim
2278 997 2355 1047 ait
2379 998 2518 1050 Pius

1444 1062 1634 1127 Papa·
1620 1083 1647 1113 .;
1670 1081 1701 1111 α
1733 1063 1885 1115 Nihil
1903 1066 2118 1130 prodest
2147 1066 2401 1117 homini
2388 1069 2519 1133 jeju-

1441 1146 1578 1183 nare
1596 1143 1650 1184 et
1670 1148 1840 1216 orare,
1866 1147 1919 1187 et
1941 1135 2045 1186 alia
2071 1137 2350 1203 religionis
2377 1139 2518 1191 bona

1439 1218 1634 1268 agere,¹
1676 1205 1783 1256 nisi
1827 1221 1982 1257 mens
2022 1207 2091 1257 ab
2131 1205 2433 1274 iniquitate,
2464 1220 2516 1260 et

1439 1273 1508 1324 ab
1548 1274 2028 1328 obtrectationibus
2081 1277 2268 1343 lingua
2318 1280 2512 1345 prohi-

1440 1343 1648 1396 beatur.
1678 1346 1831 1396 Nihil
1859 1347 2082 1428 quidem
2128 1348 2366 1413 prodest,
2402 1350 2516 1400 sci-

1438 1414 1565 1465 licet
1601 1425 1868 1481 quantum
1908 1418 1975 1468 ad
2014 1417 2180 1468 vitam
2224 1429 2508 1483 aeternam3

1437 1487 1656 1552 prodest
1678 1488 1821 1539 enim
1856 1499 2120 1555 quantum
2150 1490 2217 1541 ad
2246 1501 2516 1558 tempora-

1438 1558 1528 1611 lia.
1565 1579 1592 1607 n
1627 1561 1785 1612 Unde
1808 1571 1861 1612 et
1904 1562 2057 1613 Beda
2086 1580 2105 1613 .-
2134 1580 2162 1610 α
2193 1564 2366 1615 Nemo
2391 1580 2515 1617 sane

1436 1645 1561 1681 cum
1604 1630 2080 1684 circumcisionem
2106 1635 2385 1699 praedicari
2428 1652 2514 1688 au—

1436 1700 1616 1763 dierit,
1650 1703 1814 1753 unius
1855 1704 2035 1754 solum
2074 1705 2306 1756 membri
2334 1708 2511 1758 conti-

1436 1774 1678 1825 nentiam
1729 1784 1970 1827 autumet
2023 1775 2313 1843 imperari,
2356 1780 2513 1845 quasi

1434 1845 1522 1895 vel
1539 1860 1571 1895 a
1602 1844 1958 1897 fornicatione
1985 1856 2199 1897 tantum
2228 1849 2513 1901 abstinen-

1435 1925 1578 1977 tem,
1605 1918 1692 1968 vel
1735 1918 1885 1969 licito
1924 1919 2275 1970 matrimonio
2303 1930 2512 1988 tempe—

1434 1997 1615 2038 ranter
1640 1998 1903 2053 utentem,
1931 1990 2018 2041 vel
2052 1989 2359 2055 virginitate
2386 1993 2509 2060 glo-

1434 2057 1641 2108 riosum
1714 2059 1942 2110 existere
2009 2060 2214 2125 absque
2283 2060 2512 2112 aliarum

1432 2127 1697 2179 virtutum
1734 2130 2096 2210 adjunctione
2135 2130 2396 2192 sufficiat,
2446 2142 2500 2183 et

1435 2213 1549 2250 non
1599 2199 1849 2250 omnium
1902 2199 2089 2267 potius
2134 2215 2274 2266 quos
2311 2202 2504 2263 corde,

1432 2270 1517 2321 vel
1557 2286 1779 2351 corpore
1818 2281 2091 2351 gestamus
2133 2287 2395 2323 sensuum
2423 2290 2511 2325 ca-

1433 2339 1775 2422 stigationem
1803 2340 2042 2407 praecipi.
2064 2342 2156 2391 Ille
2184 2342 2366 2409 itaque
2384 2359 2509 2396 vera

1433 2410 1841 2462 circumcisione
1900 2412 2190 2464 mundatus
2244 2423 2358 2475 est,
2411 2416 2506 2481 qui

1433 2482 1652 2535 obturat
1667 2499 1832 2536 aures
1849 2499 1996 2546 suas,
2009 2500 2077 2536 ne
2098 2485 2280 2537 audiat
2297 2487 2510 2552 sangui-

1433 2571 1580 2617 nem,
1616 2565 1672 2607 et
1709 2556 1912 2607 claudit
1936 2556 2121 2607 oculos
2161 2572 2290 2608 suos
2330 2572 2398 2608 ne
2421 2558 2510 2608 vi-

1432 2626 1555 2677 deat
1584 2627 1821 2677 malum·
1808 2664 1823 2690 ,
1860 2626 1956 2693 qui
1988 2627 2230 2677 custodit.
2248 2627 2362 2680 vias
2384 2643 2510 2680 suas

1433 2712 1503 2748 ne
1548 2697 1838 2764 delinquat.
1875 2698 1933 2748 in
1971 2697 2159 2763 lingua
2196 2713 2319 2758 sua,
2351 2709 2405 2750 et
2430 2709 2502 2750 at-

1431 2768 1605 2820 tendit
1644 2768 1753 2821 sibi
1787 2784 1855 2820 ne
1893 2779 2143 2835 gravetur
2184 2785 2275 2819 cor
2302 2769 2418 2835 ejus
2440 2771 2498 2821 in

1431 2839 1647 2905 crapula
1673 2849 1725 2889 et
1752 2839 2037 2902 ebrietate3
2080 2839 2174 2905 qui
2205 2840 2344 2890 lavat
2370 2839 2512 2891 inter

1432 2909 1743 2961 innocentes
1772 2925 1963 2960 manus
1992 2925 2134 2971 suaS,
2180 2921 2231 2960 et
2256 2911 2324 2960 ab
2353 2911 2502 2962 omni

1430 2981 1518 3032 via
1555 2981 1694 3031 mala
1737 2981 1991 3045 prohibet
2032 2981 2196 3046 pedes
2232 2997 2380 3042 suos,
2406 2982 2501 3048 qui

1431 3067 1595 3118 super
1619 3052 1804 3102 omnia
1840 3051 2061 3117 castigat
2097 3067 2292 3118 corpus
2337 3068 2500 3103 suum

1431 3133 1483 3174 et
1527 3123 1771 3174 servituti
1812 3123 2059 3189 subjicit;
2106 3124 2367 3191 omnique
2407 3141 2505 3175 cu·-

1431 3194 1605 3244 stodia
1632 3204 1803 3245 servat
1832 3210 1994 3245 suum
2013 3210 2122 3258 cor,
2156 3196 2411 3261 quoniam
2441 3210 2505 3245 ex

1430 3265 1553 3331 ipso
1575 3265 1684 3316 vita
1711 3266 1969 3332 procedit.
1998 3266 2106 3317 Sed
2132 3276 2188 3316 et
2219 3267 2335 3332 ipsa
2364 3266 2503 3316 bona

1386 3366 1389 3367 ν
1430 3336 1569 3388 actio
1592 3352 1690 3387 sua
1712 3353 1836 3404 quae
1864 3338 1924 3388 in
1944 3337 2257 3389 abscondito
2284 3347 2365 3387 est
2391 3337 2501 3388 cir-

1386 3410 1768 3477 ,fcumcisione
1799 3428 1916 3463 non
1953 3412 2139 3462 minus
2173 3410 2403 3476 indiget,
2444 3422 2505 3463 ut

1391 3520 1396 3525 ·
1430 3500 1554 3537 cum
1572 3486 1770 3551 jejuno,
1789 3487 2319 3551 or0‚,eleemosynam
2342 3484 2500 3545 faci0,

1430 3557 1670 3624 gloriam.
1698 3557 2019 3608 intrinsecus
2058 3571 2319 3623 quaeram.
2351 3555 2500 3615 Qua-

1430 3637 1649 3695 propter
1691 3638 1745 3680 et
1790 3629 2087 3695 Apostolus
2134 3626 2498 3678 absconditam

1390 3728 1395 3737 ·
1430 3702 1591 3754 corde
1620 3701 2092 3753 circumcisionem,
2112 3700 2299 3750 sedulo
2345 3714 2497 3749 com-

1386 3796 1394 3806 ἰ
1430 3773 1672 3833 mendat,
1696 3773 1782 3824 cui
1802 3773 1926 3824 laus
1953 3786 2055 3823 non
2080 3785 2158 3821 ex
2183 3769 2497 3832 hominibusi,

1431 3845 1526 3895 sed
1551 3859 1627 3895 ex
1652 3845 1768 3895 Deo
1797 3850 1882 3896 est⁴
1898 3861 1916 3894 .·
1931 3862 1959 3892 n
1991 3843 2111 3893 haec
2131 3842 2301 3923 Bedq.
2323 3842 2502 3903 Debeg·

1430 3929 1553 3967 mus
1597 3930 1724 3980 ergo
1765 3931 1928 3966 omne
1961 3923 2235 3981 peccatum
2275 3923 2420 3965 intus
2449 3922 2500 3963 et
