2784 4452
398 403 427 454 3
457 405 702 454 Saeuum
737 418 941 454 specu-:s
966 416 1349 453 msi-:mcoanm
1379 415 1396 449 t

332 490 474 526 Anus
525 489 827 525 mum-aar..
872 501 936 511 —-
994 472 1199 523 Deinde
1245 470 1398 537 ponit

335 547 624 597 secundam
685 545 916 611 speciem
979 543 1360 594 misericordiae
1380 579 1396 603 ,

340 631 464 682 quae
520 615 764 666 consistit
800 615 856 665 in
886 613 1223 674 dimittendo,
1274 628 1398 662 cum

339 687 618 808 subjungit
648 705 660 737 :
691 686 975 748 Dimittite,
1019 685 1222 736 scilicet
1249 684 1400 749 inju-

336 758 444 809 rias
471 775 537 808 vo
578 759 624 808 is
651 758 824 808 illatas
862 773 893 807 a
923 757 1189 823 proximo,
1223 765 1276 807 et
1302 757 1401 806 de-

338 830 449 880 bita
468 830 621 880 vobis
647 844 678 879 a
712 827 1053 894 pauperibus,
1081 835 1135 879 et
1164 828 1401 879 dimitte-

340 906 428 950 tur
457 900 623 960 νοὸίε,
646 899 847 949 scilicet
866 909 1138 963 peccatum
1163 908 1399 950 vestrum

337 986 369 1023 a
419 972 530 1022 Deo
552 1010 567 1035 ,
636 971 719 1022 cui
788 968 1094 1036 frequenter
1160 969 1399 1036 injuriati

340 1041 496 1102 estis,
539 1051 591 1091 et
634 1040 875 1090 debitum
903 1041 1050 1107 quod
1095 1042 1207 1092 Deo
1234 1041 1402 1091 debe-

342 1109 432 1160 tis.

400 1196 438 1245 4
466 1181 671 1230 Tanna
701 1196 714 1229 :
744 1195 1116 1233 mmet-:nnaus
1166 1197 1322 1232 DARE.
1341 1209 1404 1219 —

341 1251 409 1301 Et
437 1251 591 1315 ponit
617 1249 829 1300 tertiam
862 1252 1113 1316 speciem,
1133 1269 1254 1319 quae
1283 1267 1406 1301 con·

339 1321 483 1371 sistit
526 1322 580 1370 in
619 1321 813 1382 dand0,
857 1338 979 1373 cum
1021 1323 1210 1373 addit:
1240 1324 1401 1386 Date,

337 1392 542 1443 scilicet
570 1393 937 1459 indigentibus
975 1394 1230 1445 beneficia
1260 1404 1405 1445 tem-

339 1463 561 1529 poralia,
589 1471 640 1514 et
659 1465 873 1515 dabitur
896 1467 1063 1529 vobis,
1100 1466 1301 1517 scilicet
1321 1465 1406 1515 vi·-

338 1544 392 1584 ta
435 1544 643 1585 aeterna.
680 1536 1041 1601 Indivisibiles
1086 1537 1231 1587 enim
1273 1535 1403 1587 socii

339 1615 469 1656 sunt
497 1605 767 1657 dimittere
795 1616 846 1657 et
874 1606 1094 1667 dimitti,
1110 1622 1168 1657 ac
1201 1606 1406 1657 simili-

338 1687 423 1728 ter
449 1677 573 1726 dare
600 1687 652 1726 et
680 1677 812 1728 dari.
835 1678 988 1729 Unde
1018 1677 1359 1744 Augustinus
1388 1695 1406 1728 .·

344 1766 370 1793 α
393 1747 515 1797 Duo
543 1755 670 1796 sunt
697 1761 857 1812 opera
882 1747 1264 1799 misericordiae
1286 1762 1408 1813 quae

345 1833 448 1868 nos
471 1818 699 1868 liberant
728 1835 741 1867 :
767 1819 1051 1884 Dimittite,
1086 1826 1140 1870 et
1173 1819 1408 1870 dimitte-

344 1897 432 1941 tur
484 1891 666 1954 vobis;
727 1892 853 1943 date
896 1899 948 1942 et
980 1893 1195 1943 dabitur
1237 1893 1404 1944 vobis·

275 2014 282 2017 .
343 1962 613 2013 Dimittite
674 1970 726 2014 et
780 1964 1073 2015 dimittetur
1130 1966 1295 2029 vobiS,
1341 1965 1407 2016 ad

344 2033 733 2099 ignoscendum
763 2036 1022 2102 pertinet3
1060 2036 1183 2087 date
1207 2043 1259 2086 et
1300 2037 1409 2087 da-

343 2105 487 2157 bitur
507 2106 672 2169 vobis,
705 2108 771 2157 ad
806 2107 1124 2159 beneficium
1153 2120 1409 2173 praestan-

343 2178 495 2231 dum.
517 2179 724 2245 Ignosci
753 2180 907 2232 vobis
928 2181 1108 2246 vultiS,
1129 2180 1407 2248 ignoscite,

344 2252 623 2316 dimittite,
664 2258 716 2303 et
742 2254 1035 2305 dimittetur
1061 2255 1241 2317 vobis;
1268 2254 1411 2306 acci-

344 2338 469 2389 pere
496 2324 680 2384 vultis,
710 2325 834 2376 date
858 2332 909 2376 et
939 2325 1153 2376 dabitur
1185 2326 1351 2376 vobiS.
1377 2346 1407 2374 n

342 2393 417 2444 Et
439 2395 734 2446 secundum
755 2396 1004 2446 eumdem
1019 2396 1408 2463 Augustinum,

342 2462 430 2514 hae
458 2474 584 2514 sunt
612 2465 730 2515 duae
769 2466 865 2516 alae
901 2466 1180 2527 orationis,
1208 2468 1412 2534 quibus

342 2536 488 2586 volat
517 2537 580 2586 ad
604 2537 795 2599 Deum,
840 2538 886 2588 si
914 2538 1049 2589 illud
1077 2540 1223 2606 quod
1257 2556 1410 2590 com-

344 2607 595 2669 mittitur,
651 2609 881 2675 ignoscit
935 2611 1293 2679 delinquenti,
1358 2623 1412 2663 et

348 2679 514 2731 donat
541 2683 736 2748 egenti.
766 2684 921 2735 Unde
961 2695 1014 2735 et
1036 2685 1188 2736 Beda
1209 2703 1227 2737 .·
1258 2706 1282 2732 κ
1309 2685 1411 2736 Di-

345 2751 560 2802 mittere
593 2769 693 2804 nos
723 2754 946 2819 injurias
980 2766 1032 2805 et
1058 2756 1183 2806 dare
1206 2755 1410 2806 benefi-

345 2822 428 2873 cia
454 2822 621 2887 jubet,
651 2834 711 2874 ut
733 2835 784 2875 et
809 2825 967 2876 nobis
996 2836 1207 2892 peccata
1232 2826 1411 2877 dimit-

339 2901 553 2957 tantur,
594 2903 645 2944 et
671 2895 778 2946 vita
801 2896 957 2945 detur
983 2906 1192 2947 aeterna.
1221 2914 1250 2945 >2
1277 2896 1410 2957 Quae

344 2964 611 3016 sententia
630 2965 826 3027 brevis,
858 2967 950 3018 sed
979 2967 1195 3030 eximia,
1224 2978 1412 3019 cuncta

343 3052 465 3104 quae
493 3037 753 3089 latissime
780 3039 845 3089 de
886 3042 1251 3091 conversando
1281 3057 1408 3092 cum

344 3108 586 3160 inimicis
605 3111 940 3162 mandaverat
957 3113 1412 3178 comprehenden-

341 3183 413 3232 do
450 3184 735 3236 concludit.
775 3186 841 3236 Et
872 3185 1018 3253 quia,
1048 3195 1111 3236 ut
1141 3186 1214 3236 ait
1251 3186 1410 3237 Jaco-

342 3254 447 3306 bus
487 3274 501 3307 2
559 3257 831 3308 Judicium
879 3259 995 3309 sine
1035 3258 1408 3310 misericordia

329 3326 436 3393 fiet
453 3328 503 3377 ei
517 3329 608 3393 qui
628 3343 730 3379 non
746 3328 949 3394 fecerit
962 3329 1406 3393 misericordiam,

343 3398 584 3447 multum
612 3399 771 3448 nobis
786 3398 1146 3449 insistendum
1176 3410 1255 3451 est
1272 3399 1410 3451 circa

341 3468 768 3520 misericordiam
803 3469 860 3520 in
901 3469 1274 3535 proximorum
1304 3488 1409 3522 ne-

343 3539 700 3601 cessitatibuS,
730 3550 790 3591 ut
837 3549 891 3591 et
932 3556 1032 3590 nos
1072 3556 1189 3591 eam
1219 3542 1277 3593 in
1303 3558 1410 3592 no-

342 3612 471 3664 stris
505 3613 908 3664 necessitatibus
935 3613 1281 3679 reperiamus·
1338 3615 1411 3666 Ut

345 3684 495 3735 enim
524 3684 599 3733 ait
625 3684 964 3749 Augustinus
988 3700 1005 3736 .·
1037 3705 1061 3731 κ
1092 3684 1410 3752 Unusquis-

347 3770 454 3822 que
487 3754 647 3804 talem
674 3754 1062 3821 indulgentiam
1099 3766 1410 3821 accepturus

348 3835 431 3876 est
480 3840 511 3874 a
563 3825 702 3884 De0,
758 3827 972 3891 qualem
1023 3836 1074 3877 et
1113 3827 1228 3893 ipse
1265 3827 1413 3877 dedit

350 3895 603 3962 proximo
645 3909 763 3945 suo,
822 3914 847 3941 n
887 3896 953 3947 Et
980 3896 1175 3948 iterum
1201 3913 1215 3948 ε
1241 3917 1267 3944 α
1294 3898 1409 3948 Hoc

926 285 1167 337 1³leAE
1201 284 1449 335 PARTIS
1482 282 1718 335 CAPUT
1749 282 1984 333 XXXIX.

1504 415 1676 449 unum
1701 397 1999 449 remedium
2045 406 2126 448 est
2162 397 2229 447 de
2255 396 2416 447 malis
2444 409 2576 446 eva-

1504 469 1685 530 dendi,
1718 479 1779 520 ut
1837 467 2207 519 infirmitatem
2239 467 2475 518 aliorum
2505 465 2578 516 fe·

1504 550 1602 600 rat,
1641 550 1693 590 et
1723 539 1802 590 eis
1827 549 2091 606 quantum
2121 547 2298 604 potest
2331 538 2572 603 opitule-

1503 620 1617 670 tur,
1665 609 1760 677 qui
1820 625 1930 661 suae
1988 609 2250 660 divinitus
2305 608 2577 659 desiderat

1504 678 1793 743 subveniri,
1814 691 1866 732 et
1891 681 2126 731 dimittat
2152 681 2291 731 sicut
2318 679 2426 730 sibi
2459 679 2578 729 vult

1504 753 1725 804 dimitti.
1773 754 1934 804 Beati
1987 752 2134 803 enim
2173 751 2572 813 misericordeS,

1505 827 1752 893 quoniam
1767 826 2007 893 ipsorum
2019 825 2362 877 miserebitur
2375 825 2575 874 Deus.»

1507 898 1609 949 Ubi
1636 909 1762 949 nota
1788 915 1852 950 ex
1875 898 2000 950 vitis
2020 899 2255 958 Patnum,
2274 897 2424 963 quod
2451 911 2578 946 cum

1506 968 1694 1020 fratres
1738 970 2014 1035 cujusdam
2069 967 2380 1018 monasterii
2426 967 2578 1016 mul-

1507 1049 1624 1090 tum
1671 1041 2004 1091 abundarent
2025 1078 2039 1101 ,
2092 1048 2142 1090 et
2191 1039 2256 1089 ad
2315 1052 2579 1104 pauperes

1508 1111 1742 1161 multum
1783 1110 2030 1161 liberales
2086 1118 2265 1160 essent
2287 1148 2301 1170 ,
2352 1107 2573 1158 tandem

1507 1182 1872 1248 eleemosynas
1896 1180 2217 1231 dimiserunt
2241 1190 2294 1229 et
2312 1179 2417 1245 ipsi
2446 1193 2577 1243 ege-

1508 1269 1565 1304 re
1593 1263 1883 1319 coeperunt.
1915 1253 2072 1314 Quod
2102 1269 2226 1303 cum
2255 1251 2372 1301 viro
2391 1260 2580 1301 sancto

1509 1323 1776 1388 referrent,
1803 1324 1909 1375 ait:
1938 1324 2058 1373 Duo
2087 1322 2220 1373 socii
2251 1322 2308 1372 in
2333 1322 2438 1371 isto
2469 1336 2583 1370 mo-

1509 1396 1743 1447 nasterio
1763 1405 2155 1446 consueverunt
2177 1394 2435 1453 habitare,
2467 1392 2578 1443 sci-

1509 1469 1631 1519 licet
1661 1486 1674 1519 ε
1705 1470 1881 1530 Date,
1923 1473 1974 1519 et
2007 1467 2225 1518 dabitur
2271 1465 2440 1528 vobiS,
2476 1479 2576 1515 vos

1510 1541 1791 1607 expulistis
1820 1541 2074 1606 primum,
2106 1549 2158 1590 et
2185 1538 2361 1589 noluit
2380 1553 2577 1588 secun-

1511 1613 1611 1663 dus
1654 1627 1942 1663 remanere.
1983 1610 2190 1661 Deinde
2230 1625 2295 1660 ex
2336 1609 2579 1659 ubertate

1511 1684 1717 1750 praemii
1746 1684 1994 1735 liberales
2021 1698 2122 1733 nos
2153 1681 2278 1731 facit
2307 1680 2579 1731 Dominus

1512 1757 1575 1807 ad
1641 1755 2078 1807 benefaciendum
2101 1793 2115 1814 ,
2175 1763 2226 1804 et
2266 1751 2577 1803 misericor-

1513 1827 1658 1877 diam
1698 1826 2138 1893 impendendum,
2172 1823 2300 1891 quia
2332 1822 2413 1873 illi
2447 1822 2577 1889 qui-

1513 1898 1614 1948 bus
1652 1896 1712 1947 fit
1751 1897 1973 1956 dabunt,
2000 1895 2055 1945 id
2101 1904 2182 1945 est
2225 1902 2382 1944 erunt
2421 1907 2579 1943 causa

1513 1984 1679 2034 quare
1709 1969 1853 2018 Deus
1889 1967 2037 2017 dabit
2075 1965 2234 2016 nobis
2270 1964 2574 2031 praemium.

1513 2040 1648 2089 Nam
1677 2054 1772 2104 per
1789 2039 2030 2107 ipsorum
2061 2034 2501 2086 intercessionem
2527 2042 2578 2084 et

1514 2110 1721 2172 merita,
1773 2109 1974 2176 quibus
2014 2109 2096 2159 vel
2151 2106 2368 2158 calicem
2424 2119 2577 2172 aquae

1513 2179 1722 2247 frigidae
1777 2179 2099 2241 dederimuS,
2134 2178 2283 2230 dabit
2308 2177 2471 2228 nobis
2524 2176 2578 2228 in

1515 2261 1711 2303 aeterna
1753 2252 2078 2302 beatitudine
2130 2251 2472 2313 mercedem3
2529 2258 2581 2300 et

1515 2338 1818 2374 mensuram
1871 2324 2077 2387 bonam,
2127 2323 2178 2373 id
2225 2333 2306 2373 est
2344 2323 2575 2387 justam,

1515 2395 1643 2461 quia
1669 2395 1966 2446 secundum
2008 2394 2324 2445 meritorum
2358 2393 2578 2459 exigen-

1516 2465 1668 2525 tiam,
1693 2471 1744 2516 et
1783 2466 2099 2532 confertam,
2150 2465 2204 2514 id
2229 2474 2311 2515 est
2339 2463 2577 2529 plenam,

1515 2538 1643 2606 quia
1668 2554 1830 2604 supra
1861 2538 2208 2603 condignum,
2250 2543 2302 2588 et
2324 2537 2579 2603 coagita-

1518 2617 1654 2671 tam,
1697 2610 1825 2677 quia
1879 2624 2037 2675 supra
2087 2609 2449 2659 desideratum
2471 2646 2485 2667 ,
2531 2613 2581 2658 et

1516 2681 1984 2747 supereffluentem,
2015 2680 2144 2746 quia
2163 2694 2325 2745 supra
2349 2679 2577 2744 coagita-

1516 2764 1652 2805 tum.
1685 2755 1784 2805 Vel
1814 2753 2096 2821 praemium
2140 2769 2252 2819 quo
2286 2768 2581 2803 remunera-

1516 2841 1640 2876 mur
1649 2825 2021 2877 misericordes
2038 2825 2407 2885 describendO,
2430 2824 2582 2874 dicit:

1515 2910 1842 2959 mensuram,
1891 2896 2020 2962 quia
2050 2896 2343 2961 unicuique
2394 2893 2581 2945 distri-

1518 2966 1702 3017 buitur
1747 2966 2032 3033 praemium
2077 2966 2222 3031 juxta
2267 2980 2577 3015 mensuram

1517 3038 1858 3102 meritorum3
1891 3048 1942 3089 et
1979 3038 2182 3102 bonam,
2215 3037 2343 3104 quia
2378 3037 2580 3087 bonum

1517 3118 1597 3160 est
1619 3108 1752 3160 illud
1775 3109 2120 3160 beatitudinis
2147 3108 2455 3175 praemium,
2471 3107 2580 3158 imo

1515 3180 1718 3231 bonum
1739 3179 1915 3230 omnis
1944 3179 2094 3240 boni,
2124 3179 2486 3243 complectens
2524 3178 2579 3229 in

1515 3266 1575 3301 se
1608 3266 1944 3317 quaecunque
1991 3260 2120 3301 sunt
2155 3250 2323 3312 bona3
2367 3255 2423 3300 et
2457 3264 2581 3301 con-

1515 3324 1731 3385 fertam,
1762 3323 1815 3374 id
1857 3333 1936 3374 est
1968 3326 2201 3389 plenam,
2232 3323 2390 3389 plena
2424 3338 2582 3373 nam-

1514 3410 1621 3461 que
1654 3393 1757 3445 erit
1780 3394 1960 3445 anima
2001 3394 2199 3445 coelesti
2225 3392 2577 3455 beatitudine,

1516 3464 1590 3515 ita
1601 3475 1664 3515 ut
1692 3463 1830 3514 nihil
1855 3464 1969 3529 ejus
1979 3464 2051 3515 sit
2070 3480 2298 3515 vacuum
2317 3478 2348 3513 a
2370 3462 2541 3528 gloria
2561 3476 2578 3524 3

1515 3544 1569 3588 et
1608 3537 1956 3604 coagitatam,
1993 3537 2049 3588 id
2087 3546 2166 3588 est
2200 3536 2432 3594 firmam,
2463 3548 2580 3600 quae

1514 3608 1657 3658 enim
1708 3606 1862 3659 firma
1885 3623 2004 3658 esse
2041 3608 2310 3670 volumus,
2345 3605 2579 3671 coagita-

1516 3694 1656 3739 mus,
1689 3678 1744 3729 id
1783 3688 1864 3729 est
1929 3692 2246 3745 quassamus
2267 3716 2281 3738 ,
2324 3676 2400 3727 sic
2438 3691 2579 3741 prae-

1516 3753 1688 3803 mium
1712 3753 1987 3803 beatorum
2040 3750 2142 3802 erit
2181 3750 2480 3802 stabilitum
2529 3758 2578 3799 et

1515 3839 1794 3887 securum;
1816 3830 1869 3875 et
1913 3824 2383 3891 supereffluentem,
2416 3821 2472 3871 id
2503 3831 2578 3872 est

1515 3895 1878 3948 abundantem
1895 3934 1911 3959 ,
1961 3896 2092 3962 quia
2145 3894 2351 3947 excedit
2389 3892 2576 3944 merita
