2784 4452
433 288 529 339 DE
559 289 975 343 CURATIONE
1000 292 1438 356 DAEMONIACI,
1473 296 1566 347 ET
1598 297 1692 348 DE
1722 298 1955 351 SOCRU
1991 300 2218 353 PETRI.

199 403 335 471 ejus·‚
366 414 483 454 tum
516 405 644 471 quia
665 406 866 473 Legem
898 417 949 458 et
974 408 1267 473 Prophetas

200 492 313 526 non
364 476 643 537 didicerat,
673 487 726 528 et
758 489 938 529 tamen
975 479 1269 530 clarissime

199 547 440 608 docebat,
480 556 595 598 turn
634 549 761 615 quia
790 550 1087 601 doctrinam
1114 565 1266 601 suam

198 615 404 666 divinis
432 617 686 682 operibus
723 619 1092 671 confirmabat.
1118 621 1270 671 Unde

201 690 495 741 subditur:
525 691 671 742 Erat
713 693 849 742 enim
906 693 1098 744 docens
1143 708 1266 755 εοε,

200 761 360 827 quasi
393 766 712 828 potestatem
760 763 984 826 habenS,
1034 763 1163 830 quia
1209 764 1267 813 in

200 832 510 883 ostensione
580 835 863 902 signorum
940 846 991 886 et
1052 836 1268 886 virtutis

201 904 458 964 docebat,
537 916 589 955 et
658 906 786 972 quia
880 922 977 971 pro
1071 906 1268 957 timore

200 975 481 1026 veritatem
552 994 662 1028 non
741 979 941 1030 celabat
963 1018 977 1041 ,
1045 985 1098 1030 et
1166 994 1268 1030 non

202 1049 346 1099 sicut
431 1050 665 1115 Scribae,
720 1051 815 1117 qui
879 1054 1058 1103 solum
1095 1052 1272 1104 verbis

200 1119 465 1170 docebant
503 1131 554 1171 et
596 1122 873 1173 veritatem
912 1123 1086 1174 dicere
1119 1123 1273 1174 time-

200 1191 333 1241 bant
347 1228 363 1254 ‚
404 1191 488 1240 vel
535 1192 664 1258 quia
704 1209 815 1243 non
871 1194 1265 1250 custodiebant,

202 1264 326 1313 ideo
374 1262 579 1314 discere
646 1265 1044 1317 erubescebant.
1115 1267 1273 1317 Unde

203 1335 358 1387 Beda
390 1353 407 1385 .·
438 1335 677 1386 «Sermo
730 1338 963 1388 doctoris
1010 1340 1066 1389 in
1116 1349 1271 1405 pote-

204 1418 339 1459 state
384 1406 460 1468 fit,
491 1424 613 1458 cum
653 1425 714 1460 ea
742 1425 862 1475 quae
898 1411 1051 1461 docet
1080 1426 1272 1476 opera-

205 1491 340 1531 tur:
372 1494 496 1529 nam
529 1481 621 1546 qui
666 1479 816 1532 factis
854 1481 971 1547 ipse
1033 1494 1136 1532 sua
1173 1482 1272 1532 de-

204 1550 384 1610 struit,
431 1552 810 1603 contemnitur.
879 1553 977 1603 Vel
1038 1553 1158 1603 ideo
1215 1553 1271 1603 in

205 1629 465 1688 potestate
482 1631 611 1681 erat,
636 1622 829 1672 docens
855 1637 963 1685 εοε,
993 1629 1046 1673 et
1075 1638 1175 1673 non
1205 1623 1275 1673 si-

206 1700 297 1745 σαί
320 1694 553 1758 Scribae,
597 1695 854 1760 quoniam
901 1696 1101 1747 Scribae
1154 1711 1275 1762 quae

205 1781 301 1831 per
353 1765 548 1831 Legem
622 1765 951 1827 didicerant,
1016 1776 1275 1832 praecepta

205 1836 421 1904 populis
452 1836 672 1900 dabant3
705 1837 819 1902 ipse
841 1853 969 1887 vero
996 1837 1150 1904 quasi
1167 1852 1275 1913 gu-

206 1918 323 1959 ctor
356 1908 711 1974 impletorque
737 1908 914 1974 LegiS,
943 1909 1026 1959 vel
1060 1918 1276 1958 mutan-

205 1981 295 2038 do,
329 1979 410 2029 vel
458 1979 701 2043 augendo
743 1994 864 2044 quae
908 1979 1092 2028 minus
1132 1979 1277 2028 vide-

204 2050 401 2101 bantur
460 2044 625 2100 libere
675 2050 954 2100 substituit
1013 2067 1026 2100 ε
1081 2071 1103 2095 ιο
1162 2051 1275 2100 haec

206 2122 379 2173 Beda.
420 2121 560 2181 Quia
603 2137 728 2189 ergo
770 2123 1022 2173 Christus
1069 2123 1271 2173 doctri-

207 2209 335 2245 nam
384 2208 536 2244 suam
586 2192 933 2245 confirmabat
984 2209 1076 2261 per
1116 2209 1276 2260 opera

205 2265 555 2324 miraculosa,
608 2266 764 2315 ceteri
816 2267 1183 2332 praedicatores
1225 2276 1276 2317 et

206 2337 469 2396 doctores,
499 2335 592 2401 qui
626 2335 729 2386 hoc
767 2352 877 2386 non
898 2348 1145 2403 possunt,
1178 2338 1275 2387 de·-

206 2410 334 2460 bent
388 2408 683 2458 doctrinam
752 2423 905 2459 suam
962 2409 1277 2460 confirmare

208 2496 304 2547 per
348 2494 509 2545 opera
558 2479 819 2543 virtuosa3
871 2490 923 2530 et
970 2496 1081 2530 non
1141 2481 1278 2532 sicut

205 2550 424 2609 Scribae,
455 2549 548 2615 qui
596 2550 782 2600 dicunt
808 2562 860 2602 et
905 2567 1014 2601 non
1056 2550 1275 2616 faciunt,

204 2637 268 2673 ac
319 2620 617 2670 doctrinam
660 2636 815 2671 suam
862 2622 1152 2672 verborum
1198 2623 1278 2687 ja·-

203 2691 404 2744 ctantia
434 2690 701 2742 affirmant
725 2702 777 2743 et
804 2702 1088 2744 ostentant.

276 2762 303 2814 3
341 2764 587 2813 Saum-us
654 2779 926 2815 munimus
998 2766 1277 2816 Cuiusruu

206 2850 500 2887 coum-rens
528 2850 731 2883 uenas
750 2850 1007 2885 suae-run.
1038 2864 1099 2874 —
1125 2836 1277 2886 Unde

208 2907 394 2958 statim
442 2916 674 2972 potestas
713 2906 932 2957 Domini
979 2908 1280 2958 ostenditur

212 2994 309 3045 per
336 2977 551 3038 factum,
590 2993 713 3028 cum
741 2978 990 3028 subditur
1014 2996 1028 3029 ε
1058 2979 1137 3030 Et
1162 2986 1281 3030 erat

213 3050 270 3099 in
291 3062 592 3117 synagoga
621 3063 820 3111 eorum,
839 3047 993 3099 ‘ferte
1021 3051 1280 3100 adductus

181 3113 282 3170 'ad
319 3121 495 3170 locum
531 3131 796 3185 sanctum,
825 3131 886 3172 ut
914 3121 989 3172 ioi
1024 3121 1279 3173 liberare-

214 3202 324 3251 tur,
354 3191 507 3241 homo
556 3192 778 3257 quidam
803 3192 1001 3242 habens
1033 3192 1280 3257 spiritum

217 3261 558 3323 immundum,
587 3260 642 3310 id
683 3271 765 3312 est
811 3261 1063 3312 obsessus
1108 3277 1138 3312 a
1166 3262 1281 3313 dae-

218 3348 401 3393 mone,
432 3334 525 3399 qui
555 3334 884 3385 exclamavit
909 3350 1041 3386 voce
1069 3350 1280 3402 magna,

218 3405 604 3467 dicenssQuid
648 3406 797 3456 nobis
843 3413 895 3457 et
934 3406 1045 3470 tibi,
1087 3408 1284 3474 Naza-

218 3491 366 3527 raene
383 3474 417 3525 5>
457 3475 659 3526 Venisti
677 3487 798 3527 ante
820 3487 1034 3544 tempus
1053 3479 1284 3544 perdere

217 3563 332 3611 ηοε,
379 3549 432 3599 id
482 3558 562 3599 est
622 3548 924 3601 diminuere
984 3560 1036 3602 et
1078 3551 1284 3602 auferre

220 3630 461 3671 nostram
505 3630 819 3687 potestatem
847 3623 1073 3673 nocendi
1098 3624 1285 3674 homi-

222 3691 384 3742 nibus
418 3701 469 3742 et
509 3702 756 3758 torquere
800 3709 916 3744 nos,
964 3693 1103 3753 Quia
1139 3694 1283 3744 enim

219 3762 484 3823 diabolus,
532 3763 736 3813 invidia
773 3773 971 3825 motus,
1009 3765 1076 3815 de
1122 3768 1289 3815 salute

223 3833 512 3885 hominum
556 3844 853 3900 torquetur,
882 3834 1002 3885 ideo
1037 3836 1104 3885 de
1132 3835 1290 3887 Chri-

223 3904 293 3956 sti
324 3904 582 3967 doctrina,
605 3921 724 3971 quae
752 3915 863 3956 erat
889 3906 1191 3958 animarum
1215 3921 1291 3958 sa·

2326 306 2431 373 413

1372 412 1458 462 lus
1511 422 1564 463 et
1632 414 1931 481 medicina,
1979 418 2207 482 dolebat,
2261 431 2313 472 et
2359 423 2437 474 sic

1373 484 1650 534 clamabat.
1679 485 1829 536 Unde
1864 487 2187 555 Theophilus
2216 509 2234 542 .·
2264 511 2291 539 α
2315 493 2440 543 Exi·

1373 569 1431 603 re
1481 554 1626 605 enim
1683 556 1750 606 ab
1808 557 2031 609 homine
2085 563 2437 626 perditionem

1373 640 1526 675 suam
1573 625 1781 677 dicebat
1852 628 2194 682 daemonium.
2251 634 2439 685 Immi-

1372 695 1666 747 sericordes
1707 698 1852 750 enim
1892 701 2130 752 existunt
2155 704 2210 752 in
2251 705 2436 756 homi-

1374 784 1487 830 neS,
1512 771 1715 820 malum
1738 772 1955 838 aliquod
1975 775 2081 839 pati
2102 790 2158 825 se
2177 777 2441 829 aestiman-

1372 851 1470 903 teS,
1502 858 1624 892 cum
1654 843 1906 895 homines
1939 862 2045 896 non
2082 849 2384 901 molestant.
2412 871 2438 898 n

1375 914 1504 965 Scio
1547 921 1611 977 te,
1638 916 1757 982 quis
1783 918 1878 979 εἰς,
1909 917 1963 968 id
1991 929 2071 969 est
2097 921 2442 973 vehementer

1374 985 1588 1051 opinor,
1633 987 1834 1038 scilicet
1873 989 2094 1041 Sanctus
2130 992 2246 1052 Dei,
2278 992 2331 1043 id
2360 1002 2440 1044 est

1376 1056 1626 1107 Christus
1719 1059 1784 1108 ad
1863 1061 2087 1111 salutem
2156 1063 2437 1114 hominum

1379 1126 1596 1178 missus,
1658 1128 1759 1178 Per
1832 1114 2134 1197 prophetias
2187 1134 2332 1183 enim
2375 1135 2440 1186 de

1377 1198 1594 1248 Christo
1640 1199 1824 1260 dictas,
1875 1217 1997 1268 quae
2048 1203 2440 1255 determinave-

1378 1279 1494 1319 rant
1530 1278 1742 1335 tempus
1787 1279 1839 1321 et
1881 1273 2103 1327 modum
2157 1284 2209 1324 et
2259 1275 2440 1324 locum

1374 1338 1623 1389 veniendi
1651 1339 1825 1404 ipsius
1861 1341 2079 1401 Christi,
2111 1353 2162 1393 et
2191 1358 2283 1409 per
2311 1345 2441 1395 alias

1377 1411 1824 1474 circumstantiaS,
1854 1415 2092 1464 sciebant
2118 1415 2297 1481 ipsum
2325 1433 2441 1468 esse

1377 1483 1656 1533 Christum
1694 1484 1746 1533 in
1785 1485 1926 1551 Lege
1972 1487 2332 1553 promissum3
2362 1505 2445 1541 ve·

1378 1564 1682 1606 rumtamen
1740 1557 2048 1606 nesciebant
2101 1557 2278 1623 ipsum
2329 1575 2446 1611 esse

1377 1626 1580 1689 Deum3
1615 1641 1709 1675 nec
1733 1642 1827 1692 per
1863 1626 2212 1677 tentationem
2244 1629 2445 1680 Christi

1379 1697 1434 1747 in
1463 1697 1670 1746 deserto
1706 1696 1952 1747 diabolus
1991 1698 2165 1763 potuit
2202 1699 2335 1749 scire
2380 1701 2446 1751 de

1377 1765 1615 1826 Christe,
1655 1777 1840 1816 utrum
1885 1767 1981 1817 Dei
2013 1767 2186 1818 Filius
2221 1784 2314 1834 per
2342 1785 2443 1820 na-

1378 1845 1555 1886 turam
1576 1846 1730 1896 esset,
1768 1837 1889 1887 licet
1908 1836 1972 1886 ad
1996 1837 2139 1887 hunc
2169 1837 2333 1889 finem
2358 1838 2445 1890 tri·

1379 1909 1588 1975 pliciter
1609 1924 1733 1959 eum
1750 1909 2047 1960 tentaverit.
2077 1910 2134 1959 Si
2158 1912 2304 1961 enim
2330 1928 2448 1978 cog-

1380 1978 1654 2029 novissent
1725 1979 2000 2029 daemones
2070 1979 2251 2045 ipsum
2326 1997 2443 2031 esse

1379 2048 1570 2112 Deum,
1618 2063 1899 2113 nunquam
1956 2049 2294 2100 induxissent
2344 2051 2445 2100 Ju-

1378 2123 1522 2171 daeos
1601 2121 1666 2171 ad
1746 2120 1924 2187 ipsum
2004 2121 2443 2189 crucifigendum.

1380 2195 1538 2246 Unde
1578 2194 1912 2260 Apostolus:
1945 2194 2011 2245 Si
2051 2194 2186 2245 enim
2238 2210 2443 2262 cogno-

1380 2267 1596 2329 vissent,
1636 2282 1898 2331 nunquam
1938 2267 2221 2317 Dominum
2249 2268 2448 2334 gloriae

1381 2336 1797 2404 crucifixissent.
1832 2337 1969 2387 Ecce
1996 2348 2206 2403 quantae
2241 2353 2449 2404 perver-

1379 2408 1554 2458 sitatis
1587 2417 1716 2458 sunt
1744 2408 1899 2458 multi
1942 2408 2210 2470 homineS,
2244 2408 2339 2474 qui
2390 2408 2447 2458 in

1381 2478 1698 2529 adversitate
1725 2493 1823 2528 sua
1846 2479 2017 2528 Deum
2054 2478 2447 2544 blasphemant,

1382 2565 1505 2599 cum
1530 2559 1707 2599 tamen
1732 2548 2002 2598 daemones
2043 2548 2221 2613 ipsum
2251 2549 2451 2614 praedi-

1382 2632 1518 2674 cent.
1569 2621 1672 2673 Ubi
1718 2622 1870 2672 Beda
1896 2640 1913 2672 .-
1947 2641 1975 2669 «
2002 2623 2119 2673 Non
2164 2623 2452 2673 voluntatis

1383 2694 1484 2743 ista
1513 2692 1779 2743 confessio
1820 2700 1917 2755 est,
1959 2708 2123 2758 quam
2166 2693 2448 2758 praemium

1385 2783 1495 2817 non
1525 2766 1768 2832 sequitur
1797 2765 2117 2829 confitendi3
2145 2767 2236 2816 sed
2270 2782 2451 2817 neces-

1383 2837 1556 2888 sitatis
1605 2836 1856 2900 extorsio,
1894 2852 2014 2902 quae
2042 2837 2184 2903 cogit
2234 2838 2446 2888 invitos

1386 2910 1452 2959 Et
1493 2909 1637 2960 velut
1664 2908 1708 2958 si
1741 2907 1876 2958 servi
1908 2907 2120 2973 fugitivi
2152 2919 2274 2974 post
2303 2909 2450 2958 mul-

1384 2990 1502 3030 tum
1559 2978 1818 3043 temporis
1857 2978 2154 3029 Dominum
2205 2978 2448 3037 videant,

1386 3051 1523 3102 nihil
1559 3050 1704 3101 aliud
1740 3050 1844 3101 nisi
1886 3051 1952 3101 de
1981 3051 2291 3102 verberibus
2353 3067 2450 3101 su-

1385 3121 1683 3188 spicantur3
1706 3120 1783 3171 sic
1800 3131 1851 3172 et
1880 3121 2154 3172 daemones
2176 3131 2450 3171 cernentes

1385 3191 1682 3243 Dominum
1721 3191 1777 3241 in
1802 3190 1957 3241 terris
1990 3201 2205 3257 repente
2233 3191 2449 3251 versari,

1385 3264 1452 3314 ad
1488 3263 1798 3329 judicandos
1819 3279 1875 3315 se
1897 3264 2109 3314 venisse
2130 3263 2447 3326 credebant;

1388 3337 1670 3403 praesentia
1700 3336 2002 3396 SalvatoriS,
2029 3345 2292 3386 tormenta
2325 3346 2452 3386 sunt

1387 3409 1695 3459 daemonum
1747 3425 1761 3458 ι
1800 3427 1827 3455 »
1858 3408 1972 3458 haec
2020 3407 2191 3456 Beda.
2246 3407 2454 3458 Dicitur

1387 3489 1565 3530 autem
1605 3480 1819 3529 daemon
1870 3477 2094 3543 spiritus
2131 3477 2450 3539 immunduS,

1388 3551 1456 3600 ab
1498 3549 1707 3610 effectu,
1752 3548 1879 3616 quia
1928 3548 2052 3598 facit
2107 3548 2451 3599 immundum

1389 3636 1553 3688 quem
1588 3620 1846 3687 possidet;
1882 3619 2019 3669 sicut
2069 3618 2260 3669 dicitur
2288 3618 2454 3684 spiri-

1390 3702 1478 3742 tus
1515 3692 1728 3754 surduS,
1757 3689 1840 3741 vel
1886 3700 2087 3750 mutuS,
2116 3690 2245 3755 quia
2271 3689 2454 3739 homi-

1394 3778 1518 3812 nem
1548 3762 1771 3812 surdum
1809 3761 1892 3811 vel
1918 3769 2132 3810 mutum
2159 3759 2301 3810 facit.
2335 3759 2451 3818 Vel,

1392 3832 1690 3884 secundum
1720 3830 2181 3898 Chrysostomum,
2239 3829 2454 3879 immun·

1394 3905 1496 3956 dus
1539 3903 1737 3955 dicitur
1764 3912 1979 3970 propter
2018 3902 2365 3969 impietatem,
2398 3914 2456 3950 ac
