2784 4452
322 396 414 447 DE
447 395 727 447 SALUTE
765 394 1068 445 GENERIS
1099 391 1398 449 HUMANI,
1438 392 1527 441 ET
1565 392 1999 453 NATIVITATE
2032 396 2293 447 MARIAE.
2378 412 2439 449 21

200 521 255 562 et
281 511 579 562 confundor
598 510 652 560 in
678 510 1020 576 memetipSO,
1051 520 1103 560 et
1129 524 1272 559 nunc

197 582 290 632 vix
343 582 592 632 contineo
647 583 929 647 lacrymas,
988 581 1060 631 ita
1108 581 1273 646 pudet

194 656 400 722 teporis
458 656 807 721 torporisque
877 655 1269 706 miserabilium

195 737 510 791 temporum
532 726 750 776 horum.
788 727 888 776 Cui
922 740 1155 791 namque
1184 742 1274 775 no-

194 807 368 847 strum
396 807 607 847 tantum
642 796 848 863 ingerat
874 796 1131 863 gaudium
1161 796 1271 846 hu-

192 867 280 932 jus
321 867 508 933 gratiae
538 867 825 926 exhibiti0,
870 877 1134 933 quantum
1179 882 1270 917 ac-

194 938 438 988 cenderat
512 948 723 989 veteres
791 938 1088 988 desiderata
1158 939 1270 988 sola

194 1009 517 1075 promissio?
545 1029 571 1055 n
610 1010 725 1060 haec
748 1009 1079 1070 Ber-nardus.

255 1096 291 1144 4
320 1081 584 1132 JUST1T1AE
619 1097 684 1130 Er
721 1097 1108 1131 msamconmffi:
1134 1097 1266 1132 cox-

194 1164 483 1201 mna—
508 1151 648 1202 Cum
680 1150 848 1217 igitur
888 1166 983 1217 per
1009 1151 1267 1218 longissi-

193 1236 281 1270 ma
305 1232 553 1287 tempora
595 1222 729 1272 circa
758 1223 991 1288 spatium
1025 1223 1267 1288 quinque

190 1291 429 1342 millium
471 1304 525 1343 et
552 1293 663 1344 fere
706 1294 1061 1343 ducentorum
1090 1309 1265 1344 anno-

190 1378 310 1414 rum
339 1364 727 1415 miserabiliter
754 1366 942 1430 jaceret
962 1381 1130 1431 genus
1154 1366 1264 1415 hu-

191 1451 436 1496 manum,
460 1448 513 1487 et
542 1438 725 1488 nullus
755 1448 972 1502 propter
991 1448 1262 1503 peccatum

190 1507 351 1572 primi
385 1508 628 1558 hominis
655 1509 720 1559 ad
750 1519 999 1559 aeternam
1032 1508 1264 1558 beatitu-

189 1578 372 1629 dinem
426 1580 709 1630 ascendere
765 1590 973 1644 posset;
1023 1579 1089 1629 ad
1147 1580 1263 1644 pri-

189 1663 343 1699 mum
403 1649 701 1700 beatissimi
762 1649 982 1715 spiritus
1042 1664 1264 1715 compa-

189 1717 381 1769 tientes
428 1720 644 1769 tandem
693 1719 891 1779 ruinae,
949 1735 1008 1769 ac
1054 1719 1122 1769 de
1168 1734 1265 1769 sua

196 1788 416 1839 solliciti*
443 1789 847 1848 restauratione,
893 1790 1017 1840 licet
1059 1789 1262 1856 pluries

195 1868 358 1919 antea,
388 1870 572 1909 tamen
594 1859 909 1909 adveniente
930 1859 1263 1925 plenitudine

193 1928 481 1994 temporis,
549 1929 842 1980 instantius
907 1941 961 1980 et
1015 1930 1261 1980 devotius

191 1998 427 2049 Domino
466 2000 848 2066 supplicavere.
893 2000 1047 2051 Unde
1088 2000 1260 2050 mise-

190 2068 420 2119 ricordia
459 2070 707 2135 pulsabat
748 2070 952 2120 viscera
988 2070 1157 2121 Patris
1198 2081 1259 2120 ut

188 2139 515 2200 subveniret,
559 2156 744 2191 secum
794 2140 999 2191 habens
1043 2156 1255 2207 pacem3

187 2210 280 2260 sed
342 2211 737 2262 contradicebat
797 2211 1024 2273 veritaS,
1076 2228 1257 2263 secum

188 2280 390 2331 habens
412 2281 693 2346 justitiam,
725 2293 775 2333 et
797 2282 933 2332 inter
953 2298 1041 2333 eas
1068 2298 1259 2349 magna

187 2353 548 2403 controversia
574 2352 707 2404 facta
752 2363 849 2412 est,
896 2364 1056 2419 prout
1084 2365 1260 2404 narrat

189 2421 525 2484 BernarduS,
569 2423 730 2488 longo
772 2439 1019 2474 sermone
1046 2423 1112 2473 de
1140 2425 1257 2473 An-

189 2491 552 2554 nuntiatione3
600 2494 692 2542 sed
742 2493 870 2544 dicti
915 2493 999 2543 sui
1044 2507 1258 2543 summa

191 2560 301 2612 haec
318 2573 419 2613 est.
436 2582 464 2609 ι(
478 2563 699 2613 Dicebat
728 2564 1094 2614 misericordia
1114 2565 1224 2614 Deo
1243 2581 1254 2613 ε

190 2634 317 2700 Eget
375 2635 724 2686 miseratione
785 2637 964 2687 divina
1021 2648 1257 2687 creatura

188 2707 490 2768 rationalis,
548 2710 805 2774 quoniam
869 2709 1066 2760 misera
1125 2710 1257 2760 facta

188 2789 282 2840 est,
312 2791 366 2831 et
398 2781 554 2831 valde
582 2781 936 2844 miserabilis;
965 2781 1108 2832 venit
1129 2798 1254 2848 ergo

190 2858 390 2919 tempus
439 2853 730 2904 miserendi
784 2855 916 2922 ejuS.
975 2855 1019 2905 E
1076 2866 1257 2905 contra

187 2926 378 2976 veritas
418 2925 632 2976 dicebat
672 2944 684 2976 ε
735 2927 948 2987 Quaes0,
992 2928 1255 2986 Domine,

188 2995 398 3061 impleri
428 3012 735 3047 sermonem
767 3013 928 3063 quem
950 2998 1161 3048 locutus
1179 3014 1254 3048 es.

188 3066 356 3116 Totus
387 3067 651 3117 moriatur
700 3068 870 3117 Adam
908 3084 1032 3118 cum
1072 3068 1255 3117 omni-

189 3137 288 3187 bus
327 3137 425 3204 qui
467 3148 618 3188 erant
647 3137 703 3187 in
732 3153 813 3198 e0‚
858 3139 1073 3205 quando
1114 3154 1257 3203 prte-

186 3207 461 3257 varicando
493 3223 718 3273 pomum
749 3207 976 3259 vetitum
1005 3209 1254 3275 gustavit.

190 3276 485 3341 Respondit
504 3287 688 3327 autem
720 3277 1090 3328 misericordia
1116 3296 1128 3328 ι
1153 3280 1255 3330 Ut-

189 3346 315 3411 quid
377 3362 486 3407 me,
546 3346 809 3426 Domine,
870 3347 1041 3398 fecisti
1070 3348 1088 3399 ἓ
1149 3350 1258 3400 Scit

190 3415 326 3465 enim
354 3415 473 3481 ipsa
512 3416 727 3477 veritas,
772 3418 916 3482 quod
959 3432 1057 3484 ego
1102 3420 1255 3485 perii,

191 3483 234 3533 si
256 3500 532 3551 nunquam
561 3485 849 3536 misereris.
876 3487 919 3536 E
950 3498 1136 3539 contra
1162 3505 1257 3539 ve·

190 3553 313 3604 ritas
372 3572 387 3605 :
449 3555 506 3605 Si
559 3555 863 3621 praedictam
921 3566 1069 3607 tuam
1130 3575 1258 3609 sen-

189 3625 407 3676 tentiam
433 3627 805 3693 praevaricator
835 3628 1077 3689 evaserit,
1100 3631 1258 3704 periit

189 3695 379 3746 veritas
397 3706 488 3746 tua
518 3707 571 3747 et
590 3713 695 3747 non
723 3708 1001 3763 permanet
1028 3699 1083 3749 in
1112 3713 1257 3752 aeter·

191 3781 340 3828 num.
368 3766 494 3816 Fuit
528 3778 708 3817 autem
749 3767 863 3818 haec
899 3770 1128 3834 quaestio
1164 3788 1256 3837 per

197 3835 401 3887 Patrem
444 3836 611 3887 missa
656 3837 722 3888 ad
766 3837 986 3890 Filium.
1042 3840 1252 3893 Veritas

194 3916 366 3956 autem
392 3915 443 3955 et
472 3906 838 3957 misericordia
865 3902 1042 3959 coram
1072 3926 1135 3961 eo
1160 3927 1252 3962 ea-

197 3977 313 4028 dem
341 3977 606 4029 dicebant.
643 3979 763 4028 Non
801 3978 1081 4031 videbatur
1109 3998 1252 4050 quo-

1382 509 1544 558 modo
1573 509 1710 561 circa
1738 510 2020 561 hominem
2060 523 2240 578 posset
2275 514 2445 564 mise-

1379 581 1607 632 ricordia
1630 593 1683 633 et
1711 584 1904 634 veritas
1935 584 2099 635 simul
2125 586 2443 636 conservari.

1379 654 1604 719 Scripsit
1646 665 1825 706 autem
1869 657 1982 708 Rex
2018 659 2341 709 sententiam
2368 659 2444 709 sic

1379 727 1745 778 continentem
1778 745 1792 778 ε
1823 730 1951 779 Haec
1982 729 2111 779 dicit
2143 746 2156 778 :
2190 731 2347 790 Perii,
2396 731 2441 781 si

1378 796 1549 846 Adam
1585 814 1694 848 non
1726 800 2015 862 moriatur;
2048 810 2100 850 et
2128 800 2244 851 haec
2265 801 2397 851 dicit
2427 819 2440 851 :

1380 868 1537 927 Perii,
1567 869 1612 919 si
1644 869 2067 920 misericordiam
2110 886 2220 920 non
2248 886 2442 921 conse-

1375 950 1588 1002 quatur.
1633 940 1674 989 F
1679 940 1751 990 iat
1793 956 1940 990 mors
1994 941 2152 1000 bona,
2194 949 2246 990 et
2282 940 2443 991 habet

1375 1018 1602 1074 utraque
1631 1020 1690 1060 ut
1710 1011 1944 1075 postulat
1973 1028 1985 1060 :
2014 1021 2066 1061 et
2094 1010 2239 1076 quod
2267 1011 2440 1060 Adam

1375 1079 1653 1140 moriatur,
1684 1091 1736 1131 et
1784 1080 2205 1130 misericordiam
2248 1096 2441 1131 conse-

1374 1160 1586 1215 quatur.
1653 1150 2065 1216 Obstupuerunt
2123 1166 2312 1201 omnes
2383 1151 2438 1200 in

1374 1222 1539 1270 verbo
1589 1221 1893 1287 Sapientiae,
1950 1233 2000 1272 et
2053 1232 2440 1273 consenserunt

1373 1291 1519 1357 quod
1577 1292 1838 1343 moriatur
1883 1293 2075 1352 Adam,
2129 1292 2440 1342 misericor-

1371 1362 1519 1411 diam
1565 1363 1959 1429 consequendo.
2029 1363 2130 1413 Sed
2187 1372 2439 1428 quaerunt

1372 1433 1648 1497 quomodo
1688 1448 1837 1483 mors
1889 1432 2060 1498 possit
2104 1431 2220 1482 fieri
2277 1432 2435 1493 bona,

1372 1519 1497 1553 cum
1525 1503 1802 1555 horribilis
1831 1504 1902 1554 sit
1930 1505 2049 1570 ipso
2072 1504 2293 1556 auditu?
2325 1506 2437 1554 Re-

1372 1575 1593 1639 spondit
1643 1575 1757 1625 Rex
1802 1592 1816 1625 :
1864 1574 2025 1626 Mors
2092 1582 2437 1641 peccatorum

1361 1647 1603 1711 pessima
1616 1662 1637 1707 ;
1679 1647 1771 1698 sed
1812 1649 2129 1699 Sanctorum
2182 1659 2261 1697 est
2308 1663 2437 1713 pre-

1369 1715 1536 1775 tiosa,
1602 1726 1654 1766 et
1699 1716 1822 1769 vitae
1876 1719 2051 1783 janua.
2129 1718 2435 1769 Inveniatur

1369 1801 1495 1851 ergo
1556 1787 1651 1852 qui
1729 1804 1793 1838 ex
1857 1789 2112 1839 charitate
2171 1788 2434 1838 moriatur

1369 1873 1481 1906 non
1518 1858 1788 1909 obnoxius
1840 1859 2021 1917 morti,
2065 1868 2116 1908 et
2165 1858 2240 1908 sic
2283 1873 2433 1909 mors

1374 1946 1483 1979 non
1531 1931 1725 1996 poterit
1757 1942 1936 1982 tenere
1983 1931 2300 1993 innoxium3
2338 1931 2429 1981 sed

1369 1999 1523 2050 faciet
1586 2001 1643 2050 in
1712 2017 1772 2052 ea
1842 2002 2084 2052 foramen
2138 2017 2233 2068 per
2284 2001 2431 2067 quod

1367 2080 1641 2122 transeant
1694 2071 1922 2122 liberati.
1980 2071 2181 2122 Placuit
2233 2086 2427 2122 sermo,

1366 2144 1468 2193 Sed
1528 2143 1641 2202 ubi,
1689 2144 1859 2205 aiunt,
1914 2144 2034 2194 talis
2081 2143 2276 2209 poterit
2338 2143 2432 2192 in-

1365 2214 1568 2264 veniri?
1625 2214 1829 2267 Circuit
1899 2231 2025 2281 ergo
2082 2215 2267 2265 orbem
2318 2224 2430 2264 ter-

1365 2301 1546 2334 rarum
1594 2286 1805 2345 veritas,
1847 2295 1942 2335 et:
1979 2286 2154 2335 Nemo
2204 2286 2430 2335 mundus

1363 2370 1399 2404 a
1429 2357 1604 2418 sorde,
1637 2370 1730 2406 nec
1772 2356 1955 2421 infans
1993 2356 2146 2406 unius
2171 2356 2296 2407 diei.
2326 2356 2429 2406 Sed

1363 2435 1415 2475 et
1474 2425 1837 2476 misericordia
1888 2427 2172 2492 perlustrat
2214 2428 2427 2486 coelum,

1365 2509 1416 2547 et
1459 2498 1733 2548 neminem
1776 2498 1983 2550 invenit
2013 2500 2106 2566 qui
2152 2498 2429 2550 sufficien-

1364 2579 1472 2618 tem
1510 2569 1575 2617 ad
1619 2570 1722 2619 hoc
1761 2569 1953 2619 habeat
1993 2570 2322 2621 charitatem.
2366 2570 2428 2619 Ei

1363 2657 1491 2707 ergo
1533 2642 1645 2692 haec
1700 2641 1921 2692 victoria
1962 2643 2272 2702 debebatur,
2317 2657 2429 2707 quo

1365 2727 1525 2761 nemo
1555 2712 1810 2777 majorem
1848 2711 2159 2761 charitatem
2190 2711 2425 2770 haberet,

1363 2791 1422 2832 ut
1456 2782 1694 2832 animam
1728 2798 1882 2833 suam
1921 2799 2016 2848 pro
2059 2783 2226 2832 servis
2256 2783 2429 2832 inuti-

1363 2852 1507 2902 libus
1552 2862 1789 2917 poneret.
1839 2853 2084 2902 Redeunt
2138 2853 2317 2918 itaque
2363 2853 2430 2901 ad

1362 2922 1715 2971 constitutum
1744 2921 1887 2971 diem
1912 2921 2084 2972 anxiae
2111 2922 2428 2986 plurimum,

1364 3009 1474 3042 non
1545 2993 1763 3043 invento
1830 2993 1976 3059 quod
2036 2992 2428 3043 desiderabant.

1364 3066 1607 3115 Tandem
1639 3064 1864 3115 seorsim
1893 3079 1993 3130 pax
2023 3079 2114 3114 eos
2144 3066 2430 3114 consolans

1363 3136 1500 3186 dixit
1530 3153 1542 3185 :
1576 3135 1805 3186 Nescitis
1830 3136 1959 3202 quia
1987 3151 2088 3186 non
2118 3142 2198 3186 est
2234 3136 2325 3202 qui
2337 3136 2430 3201 fa-

1365 3206 1474 3255 ciat
1539 3206 1758 3269 bonum,
1822 3222 1923 3257 non
1986 3213 2066 3256 est
2136 3220 2298 3272 usque
2357 3206 2431 3255 ad

1366 3275 1572 3325 unum?
1611 3276 1716 3335 Qui
1758 3276 1905 3326 dedit
1947 3276 2256 3336 consilium,
2297 3276 2428 3326 ferat

1362 3344 1645 3396 auxilium.
1701 3346 1964 3396 Intellexit
2019 3347 2121 3396 hoc
2179 3348 2320 3403 Rex,
2377 3354 2427 3394 et

1334 3416 1437 3466 'ait
1468 3433 1482 3465 ε
1513 3417 1747 3467 Poenitet
1784 3432 1866 3468 me
1906 3417 2115 3481 fecisse
2149 3416 2423 3467 hominem.

1367 3487 1545 3547 Poena,
1592 3487 1789 3553 inquit,
1843 3497 1986 3537 tenet
2045 3503 2160 3549 me;
2214 3500 2427 3551 poenam

1363 3557 1630 3607 sustinere
1686 3557 1952 3609 incumbit
2001 3557 2140 3607 mihi
2183 3571 2278 3620 pro
2322 3555 2429 3604 ho-

1364 3627 1513 3677 mine
1551 3643 1713 3693 quem
1753 3628 1940 3679 creavi.
1980 3629 2046 3679 Et
2087 3635 2270 3677 vocato
2307 3628 2428 3676 An-

1362 3702 1480 3766 gelo
1513 3699 1728 3751 Gabriel
1769 3699 1906 3750 dixit
1937 3717 1950 3749 :
1980 3699 2141 3757 Vade,
2187 3697 2274 3749 dic
2300 3698 2428 3750 filiae

1362 3771 1536 3821 Sion:
1567 3771 1709 3821 Ecce
1756 3771 1885 3821 Rex
1948 3777 2068 3820 tuus
2121 3768 2278 3820 venit.
2321 3770 2427 3820 Fe-

1361 3842 1582 3894 stinavit
1624 3841 1713 3892 ille
1749 3851 1801 3892 et
1836 3841 1911 3891 ait
1941 3857 1954 3889 :
1984 3840 2209 3890 Adorna
2261 3840 2430 3890 thala-

1362 3930 1502 3964 mum
1524 3920 1685 3973 tuum,
1704 3918 1755 3963 et
1773 3910 1983 3977 suscipe
1995 3911 2203 3977 Regem
2224 3928 2241 3962 .-
2262 3931 2290 3959 η
2312 3912 2426 3961 haec

1360 3986 1694 4037 Rerum-du&
1709 3984 1872 4034 Vides
1894 3998 2021 4049 ergo
2049 3999 2214 4049 quam
2244 3983 2425 4047 magni
