2784 4452
359 405 467 455 218

352 519 567 574 clusum
594 520 803 572 fuisset.
826 518 945 569 ,Yam
965 526 1145 568 autem
1169 513 1295 566 ovili
1325 529 1422 564 su-

352 613 520 664 perno
559 607 611 648 et
645 595 834 646 infimo
869 594 927 644 in
967 607 1142 643 unum
1188 590 1419 650 redacto,

351 676 405 719 et
442 684 556 719 uno
597 666 859 718 existente
897 663 1147 717 omnium
1178 662 1417 720 Pastore,

349 738 545 789 coelum
568 736 755 805 patuit,
773 744 825 786 et
852 734 1020 784 homo
1041 730 1284 783 terricola
1301 729 1421 780 ovis

349 817 662 878 aggregatus
683 815 760 857 est
780 805 1016 873 Angelis.
1033 823 1060 851 υ
1077 802 1232 854 Unde
1246 801 1421 851 etBe-

351 883 456 935 da.-
475 903 499 930 ι
523 883 655 934 Jesu
679 890 858 932 autem
879 878 1152 947 baptizato
1183 883 1235 928 et
1262 889 1420 927 oran-

353 960 405 1006 te
430 959 672 1021 apertum
717 959 798 1003 est
844 951 1031 1003 coelum
1044 965 1068 1012 ‚·
1115 947 1243 1016 quia
1283 948 1416 997 dum

348 1024 593 1091 corporis
621 1023 925 1076 humilitate
948 1020 1216 1088 Dominus
1241 1020 1416 1070 undas

348 1098 593 1149 Jordanis
620 1096 817 1157 subiit,
856 1093 1151 1146 divinitatis
1179 1109 1289 1145 suae
1311 1109 1414 1159 po-

348 1169 514 1221 tentia
554 1167 673 1220 coeli
730 1167 887 1219 nobis
941 1167 1123 1232 januas
1174 1164 1364 1233 pandit
1395 1180 1412 1229 3

348 1242 589 1308 dumque
648 1254 770 1290 caro
824 1237 1041 1290 innoxia
1091 1236 1415 1305 frigentibus

344 1312 575 1379 tingitur
613 1311 800 1378 aquis,
851 1309 1096 1376 opposita
1137 1307 1412 1375 quondam

347 1385 524 1436 noxiis
542 1385 816 1451 romphaea
832 1382 1164 1449 extinguitur
1181 1382 1334 1448 ignea
1354 1396 1411 1430 z»

344 1456 458 1508 haec
484 1455 656 1508 Beda.
674 1457 735 1507 In
759 1455 864 1506 hoc
890 1454 1052 1505 etiam
1082 1453 1248 1520 quod,
1277 1452 1412 1513 Jesu

346 1528 619 1595 baptizato
642 1533 693 1578 et
720 1532 924 1588 orante,
955 1525 1142 1576 coelum
1168 1529 1412 1591 apertum

343 1605 441 1663 est,
476 1597 807 1665 significatur
829 1596 974 1663 quod
1015 1595 1186 1646 oratio
1219 1593 1413 1644 mundi

345 1678 399 1721 et
426 1669 598 1721 sancti
626 1668 870 1718 hominis
911 1667 1106 1718 coelum
1153 1674 1409 1733 penetrat.

344 1741 535 1797 oravit
562 1751 741 1793 autem
771 1740 1055 1801 Christus,
1096 1748 1156 1788 ut
1189 1753 1288 1788 nos
1324 1736 1413 1787 in-

344 1814 600 1866 formaret
638 1815 707 1863 ad
748 1813 1013 1864 orandum
1059 1819 1180 1877 post
1221 1810 1413 1877 Bapti-

344 1899 547 1945 smnm,
577 1894 629 1935 et
643 1894 703 1935 ut
722 1883 1023 1934 ostenderet
1045 1881 1205 1932 nobis
1223 1879 1412 1931 orandi

343 1956 592 2008 ordinem
620 1967 672 2008 et
699 1956 1071 2009 necessitatem
1101 1972 1117 2006 ι
1145 1955 1413 2014 ordinem,

342 2027 473 2096 quia
523 2028 590 2079 ad
631 2028 734 2080 hoc
776 2027 920 2094 quod
965 2026 1170 2093 placeat
1219 2026 1412 2086 oratio,

342 2108 553 2168 oportet
591 2099 742 2167 prius
782 2097 1030 2149 mundari
1077 2107 1129 2149 et
1158 2095 1412 2165 baptizari

343 2184 508 2239 quam
529 2185 705 2235 orare;
742 2168 1132 2231 necessitatem,
1169 2168 1298 2236 quia
1321 2167 1417 2218 ba-

342 2240 608 2307 ptismalis
619 2241 786 2308 gratia
795 2240 998 2307 indiget
1008 2256 1102 2307 per
1114 2239 1410 2291 orationem

318 2312 672 2384 ''conservari3
720 2320 770 2363 et
797 2320 861 2362 ut
911 2312 1058 2362 daret
1099 2312 1411 2376 exemplum

341 2382 487 2450 quod
516 2382 571 2433 in
605 2381 908 2448 receptione
935 2391 1407 2441 sacramentorum,

341 2453 501 2503 debet
527 2469 679 2504 mens
708 2452 947 2504 hominis
994 2453 1052 2504 in
1093 2454 1266 2504 Deum
1294 2453 1409 2503 ele-

337 2526 471 2579 vari.
520 2527 677 2578 Unde
716 2525 915 2578 Beda':
947 2545 975 2574 «
1011 2527 1168 2587 Quod
1222 2527 1405 2588 Jesus,

339 2597 493 2661 cujus
516 2597 697 2647 omnia
728 2612 851 2663 quae
880 2596 1056 2648 Patris
1080 2607 1222 2659 sunt,
1243 2597 1412 2664 bapti-

336 2678 489 2720 zatus
517 2683 698 2720 orasse
725 2679 1074 2735 memoratur,
1099 2670 1165 2719 ad
1186 2685 1285 2720 nos
1316 2670 1408 2719 in-

339 2738 651 2789 formandos
704 2748 885 2790 actum
939 2755 1048 2789 non
1095 2739 1408 2801 dubitatur,

339 2810 542 2879 quibus
576 2821 698 2878 post
741 2813 1006 2863 lavacrum
1041 2811 1404 2879 BaptismatiS,

338 2891 401 2932 ut
418 2883 538 2933 aula
560 2882 679 2933 coeli
703 2883 980 2948 pandatur,
1011 2883 1130 2934 ideo
1151 2900 1255 2934 non
1277 2884 1410 2934 otio-

339 2966 403 3003 se
429 2951 739 3015 vivendum,
770 2953 863 3004 sed
889 2953 1123 3019 jejuniis,
1155 2953 1406 3020 precibus

338 3032 500 3092 atque
531 3025 886 3092 eleemosynis
905 3036 986 3078 est
1012 3026 1404 3091 insistendum3

340 3095 505 3162 quia,
548 3096 647 3148 etsi
701 3107 911 3165 peccata
955 3108 1081 3148 sunt
1130 3098 1314 3150 omnia
1346 3098 1407 3148 in

340 3168 619 3235 Baptismo
650 3170 822 3220 laxata
843 3209 857 3232 ,
887 3186 996 3222 non
1023 3171 1199 3221 adhuc
1226 3180 1405 3222 tamen

338 3250 420 3291 est
447 3240 624 3292 carnis
669 3241 928 3308 fragilitas
971 3242 1214 3293 solidata.
1267 3243 1405 3294 Nam

334 3311 494 3377 quasi
523 3311 748 3363 transito
790 3312 927 3364 mari
956 3313 1120 3363 rubro
1162 3313 1408 3383 gratula-

336 3398 461 3434 mur
515 3385 829 3437 submersos
868 3384 1183 3452 AEgyptios,
1225 3385 1316 3435 sed
1346 3384 1406 3435 in

335 3453 545 3506 deserto
621 3455 909 3506 mundanae
990 3454 1407 3507 conversationis

334 3525 521 3578 hostes
578 3538 863 3581 occurrunt
903 3529 1026 3591 alii,
1090 3529 1218 3596 qui,
1271 3528 1407 3579 duce

334 3596 536 3650 Christi
576 3600 769 3666 gratia,
822 3609 1006 3652 nostro
1026 3600 1242 3651 ‘sudore
1279 3599 1408 3652 vin-

334 3682 541 3734 cantur,
589 3675 755 3727 donec
784 3674 1162 3741 perveniamus
1205 3673 1274 3725 ad
1303 3688 1403 3741 pa-

334 3741 497 3793 triam
514 3758 532 3794 z
560 3759 589 3791 π
619 3744 732 3797 haec
756 3746 930 3797 Beda.

382 3845 383 3848 =
407 3828 467 3862 12
497 3814 605 3864 Sua
623 3831 803 3867 spx-:em
819 3832 1082 3867 cononum
1111 3831 1404 3867 nuscanum

338 3883 586 3936 Sexatrus
614 3885 878 3938 Sanctus.
924 3915 986 3926 -
1019 3888 1099 3937 Et
1134 3887 1407 3938 descendit

338 3951 581 4022 Spiritus
621 3955 857 4006 Sanctus
893 3956 1179 4008 visibiliter
1220 3957 1278 4007 in
1309 3973 1404 4008 co-

340 4022 542 4074 lumbae
593 4026 796 4091 specie,
852 4042 913 4078 ac
936 4028 1214 4094 ‘requievit
1244 4043 1405 4095 super

1008 398 1249 451 PRIMAE
1281 395 1531 448 PARTIS
1562 393 1794 446 CAPUT
1825 393 1960 446 XXI.

1530 528 1674 573 eum,
1706 511 1900 563 sedens
1925 524 2086 576 super
2098 517 2255 575 eaput
2272 508 2461 575 ipsius.
2484 507 2591 563 De-

1526 582 1747 645 scendit,
1779 582 2031 648 inquam,
2065 596 2173 632 non
2217 595 2314 646 per
2343 581 2592 645 gratiam,

1525 654 1651 721 quia
1701 654 1879 722 primo
1938 652 2160 705 instanti
2222 652 2592 718 conceptionis

1524 742 1634 778 suae
1661 727 1851 793 plenus
1882 725 1985 777 suit
2008 724 2214 791 Spiritu
2238 723 2425 775 Sancto
2447 741 2463 788 3
2493 727 2589 777 sed

1522 801 1793 853 descendit
1819 800 1876 850 in
1919 799 2077 866 signo
2117 796 2353 857 visibili,
2402 808 2455 849 et
2483 799 2590 850 hoc

1522 872 1722 939 triplici
1750 871 1988 923 ratione:
2011 871 2205 937 primo,
2248 870 2314 920 ad
2338 869 2590 927 indican-

1522 942 1653 994 dum
1676 943 1816 1004 aliis,
1842 942 1990 1010 quod
2018 942 2076 992 in
2103 941 2219 1007 ipso
2239 950 2379 991 esset
2405 941 2588 1006 pleni-

1520 1018 1651 1068 tudo
1679 1017 1891 1084 gratiae3
1941 1016 2205 1075 secund0‚
2246 1015 2312 1065 ad
2347 1013 2588 1065 innuen·-

1518 1091 1649 1142 dum
1664 1091 1810 1160 quod
1824 1090 1881 1140 in
1894 1089 2170 1156 Baptismo
2185 1089 2341 1138 datur
2354 1087 2592 1154 Spiritus

1518 1163 1742 1215 Sanctus
1767 1161 2137 1213 accedentibus
2164 1174 2271 1209 non
2294 1157 2443 1222 ficte;
2471 1168 2588 1212 tet*-

1518 1234 1613 1297 tio,
1642 1235 1709 1286 ad
1742 1234 2130 1286 ostendendum
2159 1232 2304 1299 quod
2333 1230 2449 1297 ipse
2482 1239 2585 1282 est·

1517 1306 1612 1373 qui
1641 1322 1737 1373 per
1764 1305 2031 1373 Spiritum
2051 1307 2307 1356 Sanctum
2332 1302 2585 1369 baptizat,

1518 1377 1829 1428 mundando
1859 1392 1890 1428 a
1913 1376 2089 1427 sorde.
2118 1375 2384 1441 Apparuit
2403 1384 2586 1425 autem

1518 1451 1574 1501 in
1602 1451 1866 1520 corpprali
1886 1449 2063 1517 specie
2084 1448 2362 1510 columboe,
2390 1458 2588 1514 quate-

1518 1537 1622 1571 nus
1645 1521 1834 1572 mitem
1876 1532 1929 1572 et
1971 1519 2274 1586 simplicem
2316 1519 2435 1569 sine
2462 1517 2589 1569 felle

1517 1591 1775 1660 omnique
1795 1591 2151 1643 amaritudine
2198 1606 2324 1641 eum
2358 1604 2501 1648 esse,
2532 1598 2589 1640 et

1518 1678 1619 1714 nos
1669 1679 1767 1730 per
1813 1661 2280 1714 mansuetudinem
2336 1659 2587 1726 colligere

1517 1749 1642 1785 eum
1669 1734 1909 1798 venisse,
1956 1748 2122 1801 seque
2169 1741 2483 1782 mansuetos
2523 1741 2590 1782 >et

1517 1806 1755 1857 humiles
1793 1806 2095 1856 inhabitare
2125 1804 2433 1855 ostendere.
2459 1802 2589 1853 Ideo

1516 1878 1678 1929 etiam
1701 1878 1762 1928 in
1813 1877 2076 1928 columbae
2106 1875 2285 1942 specie
2322 1875 2587 1941 apparuit,

1515 1959 1578 2001 ut
1604 1949 1662 2000 in
1698 1948 2017 2000 hominibus
2046 1948 2370 1999 habentibus
2398 1946 2581 1997 chari-

1516 2029 1680 2071 tatem
1710 2020 1827 2084 Dei,
1848 2035 1968 2087 quae
1996 2019 2262 2087 praecipue
2290 2019 2345 2069 in
2368 2020 2588 2070 colum-

1513 2096 1581 2146 ba
1613 2105 1726 2157 est,
1764 2095 2030 2161 Spiritum
2057 2095 2312 2145 Sanctum
2338 2108 2454 2145 esse
2476 2094 2579 2144 de-

1515 2168 1767 2236 signaret.
1845 2167 2001 2218 Unde
2070 2167 2495 2234 Chrysostomus
2567 2181 2587 2217 .·

1516 2240 1689 2290 «Ideo
1720 2248 1902 2290 autem
1930 2236 2165 2305 Spiritus
2200 2239 2430 2289 Sanctus
2451 2253 2585 2304 spe-
2677 2258 2679 2261 >

1514 2314 1656 2368 ci‘em
1700 2314 1962 2365 columbae
2001 2313 2266 2379 suscepit,
2322 2314 2587 2380 quoniam

1514 2401 1624 2452 prae
1655 2385 1910 2436 omnibus
1945 2384 2273 2435 animalibus
2309 2385 2425 2435 haec
2452 2385 2579 2435 cul-

1512 2456 1619 2507 trix
1673 2466 1756 2507 est
1795 2455 2095 2507 charitatis·
2147 2455 2353 2507 Omnes
2399 2465 2581 2508 autem

1512 2528 1715 2596 species
1752 2529 2003 2594 justiciae,
2050 2544 2185 2595 quas
2219 2530 2417 2580 habent
2442 2529 2583 2582 servi

1511 2600 1608 2650 Dei
1637 2599 1692 2649 in
1717 2599 1953 2660 veritate,
1984 2609 2213 2666 possunt
2228 2600 2424 2650 habere
2443 2599 2583 2650 servi

1511 2668 1712 2721 diaboli
1729 2668 1786 2720 in
1807 2670 2178 2734 simulatione3
2201 2671 2372 2721 solam
2399 2678 2584 2721 autem

1510 2742 1826 2793 charitatem
1857 2742 2036 2793 Sancti
2075 2742 2310 2808 Spiritus
2335 2758 2445 2792 non
2475 2757 2582 2807 po-

1510 2822 1612 2863 test
1673 2812 1991 2864 immundus
2063 2811 2287 2878 spiritus
2358 2811 2581 2864 imitari.

1512 2884 1634 2934 Ideo
1687 2899 1818 2950 ergo
1868 2884 2006 2934 hanc
2057 2883 2316 2950 privatam
2345 2882 2583 2947 speciem
2613 2932 2621 2939 ,

1510 2956 1785 3008 charitatis
1809 2955 1913 3007 sibi
1941 2955 2169 3007 servavit
2192 2955 2426 3022 Spiritus
2449 2954 2583 3005 San·

1511 3037 1629 3079 ctus
1649 3066 1663 3088 ,
1693 3027 1822 3094 quia
1847 3042 1942 3092 per
1974 3027 2177 3077 nullius
2205 3024 2581 3076 testimonium

1509 3097 1585 3148 sic
1610 3096 1950 3164 cognoscitur
1965 3097 2060 3147 ubi
2080 3107 2160 3148 est
2180 3097 2416 3163 Spiritus
2439 3097 2584 3147 San·-

1509 3179 1625 3226 ctus
1642 3208 1656 3232 ,
1688 3170 1827 3221 sicut
1857 3186 1951 3237 per
1968 3168 2191 3237 gratiam
2227 3167 2518 3219 charitatis.
2547 3186 2583 3216 ι

1511 3246 1578 3296 Et
1602 3245 1899 3296 secundum
1945 3245 2198 3296 eumdem
2223 3243 2572 3312 chrysosto-

1509 3330 1668 3378 mum,
1699 3316 1987 3381 respondet
2013 3315 2174 3367 etiam
2200 3314 2384 3381 figurae
2409 3314 2580 3367 Vete-

1509 3387 1585 3437 ris
1611 3386 1963 3447 Testamenti,
1993 3385 2142 3437 Sicut
2169 3384 2317 3436 enim
2343 3384 2402 3434 in
2425 3384 2581 3438 dilu-

1508 3458 1598 3510 vio
1643 3457 1891 3508 columba
1937 3472 2195 3524 apparens
2211 3495 2226 3518 ,
2268 3465 2319 3506 et
2361 3470 2583 3506 ramum

1508 3527 1735 3580 virentis
1758 3528 1912 3579 olivae
1946 3528 2207 3588 deferens„
2238 3526 2476 3577 ostendit
2495 3525 2584 3575 si·

1510 3616 1679 3667 gnum
1707 3600 2000 3652 clementiae
2022 3601 2120 3651 Dei
2144 3639 2157 3661 ,
2196 3601 2287 3651 his
2313 3599 2408 3666 qui
2440 3598 2581 3650 resi-

1509 3671 1600 3723 dui
1651 3672 1870 3725 fuerunt
1926 3687 1990 3722 ex
2044 3671 2199 3738 aquis
2242 3669 2465 3730 diluvii,
2522 3678 2584 3721 et

1510 3759 1725 3795 omnem
1752 3742 1900 3794 orbis
1926 3752 2190 3794 terrarum
2216 3739 2582 3807 tranquillita-

1510 3827 1619 3867 tem
1667 3816 2032 3881 annuntiavit3
2089 3815 2161 3866 ita
2213 3824 2267 3865 et
2317 3829 2464 3864 nunc
2516 3812 2580 3864 in

1511 3888 1786 3954 Baptismo
1812 3887 2035 3939 veniens
2065 3884 2297 3952 Spiritus
2342 3884 2582 3935 Sanctus

1511 3958 1568 4008 in
1591 3960 1852 4010 columbae
1878 3957 2068 4025 specie,
2101 3954 2333 4007 ostendit
2352 3954 2581 4021 sig-num

1509 4030 1708 4083 divinae
1735 4029 2061 4094 clementiae,
2106 4044 2214 4095 qua
2244 4027 2443 4080 virtute
2469 4027 2583 4077 Ba-
