2784 4452
741 375 1098 428 SERMONIS
1126 374 1203 425 IN
1233 371 1491 425 MONTE
1519 371 1946 423 CONCLUSIO.
2374 372 2472 441 391

219 499 390 550 arbor
408 497 573 558 mala,
598 508 824 544 manens
861 492 1017 552 mala,
1043 506 1162 543 non
1175 505 1284 559 po·-

221 577 325 621 test
357 568 585 633 fructus
625 567 787 617 bonos
835 565 1044 631 facere,
1103 562 1159 612 id
1208 573 1288 613 est

220 639 530 691 meritorios
561 637 688 688 vitae
715 646 947 686 aeternae.
978 636 1050 684 Et
1090 633 1212 684 ideo
1238 633 1284 683 si

218 710 388 760 homo
435 709 612 758 bonus
661 706 787 756 facit
829 705 1035 756 fructus
1087 705 1286 764 malos,

219 784 331 848 jam
359 782 536 831 bonus
566 796 675 830 non
700 789 808 841 est3
836 789 888 829 et
914 779 960 828 si
982 778 1156 828 malus
1173 777 1289 827 vult

225 854 369 903 bona
390 852 615 918 operari,
665 851 841 901 bonus
870 849 1044 916 primo
1083 848 1191 899 fiat.
1218 848 1288 898 Et

218 942 361 986 vere,
388 926 523 976 bona
558 925 723 975 arbor
766 925 934 975 bonos
954 923 1182 989 fructus
1196 922 1288 987 fa-

215 999 309 1061 cit,
341 1003 394 1048 et
430 998 595 1058 mala,
644 997 817 1046 malos
827 1010 849 1057 ;
878 994 1024 1061 quia,
1055 1002 1115 1043 ut
1157 992 1286 1043 alibi

220 1068 423 1119 dicitur
445 1085 462 1117 τ
491 1069 678 1119 Bonus
713 1067 882 1129 honw,
929 1065 996 1115 de
1029 1065 1168 1115 bono
1184 1063 1288 1113 the*

217 1154 390 1190 sauro
438 1138 622 1190 cordis
652 1139 754 1200 sui,
809 1137 864 1186 id
910 1145 991 1186 est
1034 1136 1104 1184 de
1147 1135 1288 1183 bona

221 1209 525 1260 intentione
561 1218 614 1259 et
651 1209 940 1269 voluntate,
981 1220 1121 1271 quae,
1149 1204 1289 1253 sicut

221 1280 509 1330 thesaurus
521 1277 868 1329 absconditus
892 1278 1018 1326 latet
1040 1275 1285 1335 interius,

220 1352 280 1402 in
324 1363 502 1402 mente
536 1352 754 1417 profert
782 1352 933 1412 bona,
967 1348 1130 1399 verba·
1178 1346 1287 1396 sci-

218 1424 346 1474 licet
382 1435 436 1474 et
470 1423 633 1487 facta;
685 1429 738 1473 et
786 1421 966 1472 malus
1006 1420 1178 1480 homo,
1224 1418 1290 1467 de

217 1494 364 1544 maio
399 1495 665 1554 thesauro,
713 1493 767 1542 id
796 1501 884 1541 est
903 1490 1045 1540 mala
1088 1489 1288 1538 volun-

219 1573 345 1624 tate,
371 1563 429 1614 in
458 1575 636 1615 mente
649 1563 867 1630 profert
894 1560 1056 1622 mala,
1089 1558 1292 1609 scilicet

220 1638 384 1688 verba
411 1646 463 1686 et
508 1635 660 1695 saeui,
708 1634 835 1700 quia
864 1630 1144 1682 contrariae
1174 1645 1290 1680 cau-

219 1725 296 1761 sae
322 1709 528 1759 habent
549 1706 842 1757 contrarios
875 1704 1111 1755 effectus.
1131 1703 1287 1761 Nam,

216 1782 517 1833 secundum
575 1779 780 1831 Bedam
801 1816 815 1841 ,
863 1777 1007 1827 idem
1050 1784 1135 1825 est
1179 1773 1291 1824 the-

214 1868 412 1904 saurus
446 1852 643 1914 cordiS,
696 1850 842 1916 quod
887 1848 1038 1898 radix
1078 1856 1160 1896 est
1213 1861 1290 1895 ar-

219 1924 385 1984 boriS,
428 1933 481 1973 et
518 1923 668 1989 quod
708 1922 775 1971 de
816 1920 974 1970 corde
1025 1916 1291 1985 profertur

216 1995 365 2045 idem
433 2005 513 2044 est
584 1993 732 2059 quod
794 1990 1001 2042 arboris
1060 1988 1287 2038 fructus,

219 2067 374 2118 Unde
388 2077 442 2116 et
457 2065 750 2129 Remigius*
764 2081 780 2114 .-
802 2082 828 2109 a
844 2062 1156 2112 Thesaurus
1182 2074 1290 2108 cor·

141 2141 160 2156 ⁹
217 2138 308 2189 dis
334 2137 563 2188 intentio
600 2147 698 2200 est,
728 2150 792 2185 ex
824 2149 930 2199 qua
965 2134 1108 2182 Deus
1145 2130 1288 2195 judin

213 2218 301 2261 oet
356 2223 518 2275 opera
548 2247 561 2269 ,
631 2216 693 2257 ut
738 2204 1025 2272 aliquando
1081 2202 1291 2252 minora

221 2281 395 2346 major
418 2318 433 2344 ,
490 2277 782 2344 aliquando
851 2276 1053 2340 majora
1110 2273 1292 2322 minor

219 2365 424 2401 merces
460 2358 736 2415 sequatur.
795 2347 1054 2412 Magnum
1083 2345 1285 2393 donum

214 2421 317 2472 Dei
357 2429 437 2470 est
474 2420 616 2469 bona
652 2418 916 2477 volontaS,
951 2426 1002 2466 et
1045 2424 1290 2481 praestan-

218 2493 332 2543 tius
353 2506 514 2558 super
535 2504 727 2539 omnes
757 2503 844 2537 res
861 2497 1113 2536 terrenas.
1137 2505 1166 2529 w
1186 2485 1290 2535 Un-

213 2565 290 2613 de
306 2561 656 2627 Augustinus
675 2577 693 2610 .-
715 2578 743 2604 α
767 2559 919 2608 Bona
939 2558 1186 2607 voluntas
1211 2566 1289 2605 est

217 2650 329 2701 qua
355 2633 662 2701 appetimus
683 2641 822 2681 recte
858 2631 1187 2694 honesteque
1215 2628 1290 2678 vi-

217 2720 346 2755 vere
362 2744 376 2765 ‚
433 2714 486 2754 et
529 2703 597 2752 ad
648 2716 919 2752 summam
971 2699 1288 2765 sapientiam

211 2774 513 2842 pervenire.
538 2774 881 2824 Voluntatem
910 2770 1141 2837 quisque
1164 2785 1288 2819 cum

221 2849 385 2898 habet
435 2848 653 2905 bonam,
699 2844 896 2893 idcirco
935 2843 1095 2892 habet
1142 2843 1288 2908 quod

212 2918 442 2970 terrenis
486 2915 745 2966 omnibus
784 2912 996 2979 regniS,
1038 2914 1290 2978 volupta-

220 2993 476 3058 tibusque
539 2989 797 3040 omnibus
846 2986 1086 3052 corporis
1133 2987 1290 3051 longe

218 3064 659 3131 anteponendum
698 3062 787 3112 sit.
818 3059 1084 3126 Quisquis
1110 3071 1290 3109 autem

217 3153 332 3186 non
382 3136 561 3195 habet,
614 3143 755 3184 caret
798 3131 1033 3198 profecto
1087 3131 1177 3180 illa
1214 3145 1291 3191 re,

213 3222 386 3273 quam
431 3205 859 3272 praestantiorem
897 3202 1156 3252 omnibus
1191 3201 1291 3250 bo-

218 3277 336 3341 nis,
388 3278 446 3327 in
487 3286 743 3343 potestate
795 3291 905 3325 non
951 3273 1290 3333 constitutis,

222 3350 340 3399 sola
373 3348 452 3398 illi
498 3350 746 3398 voluntas
769 3362 870 3413 per
892 3361 949 3396 se
984 3345 1158 3411 ipsam
1192 3346 1292 3396 da·-

219 3430 324 3470 ret.
347 3437 377 3466 n
397 3420 464 3469 Et
487 3419 683 3469 iterum
713 3437 727 3469 :
760 3439 784 3465 ιι
805 3418 860 3469 si
884 3417 1023 3469 desit
1049 3416 1291 3481 facultas,

220 3506 331 3541 non
366 3490 627 3557 quaeritur
659 3490 768 3540 nisi
793 3490 1087 3539 voluntas:
1121 3507 1151 3536 ι»
1181 3489 1294 3539 haec

215 3562 577 3629 Augustinus.
617 3560 844 3610 Arboris
874 3575 1001 3627 ergo
1029 3560 1186 3610 bonae
1219 3575 1295 3609 ra-

223 3631 319 3683 dix
349 3642 432 3682 nst
454 3632 708 3682 voluntas
728 3630 897 3697 gratia
918 3630 1102 3680 divina
1119 3629 1294 3680 infor-

215 3714 388 3766 mata3
410 3702 622 3762 folium,
637 3701 914 3768 cogitatio5
941 3701 1060 3762 flos,
1084 3715 1290 3763 serm03

209 3776 446 3836 fructus,
490 3790 646 3842 opus.
693 3773 918 3823 Arboris
960 3788 1087 3824 vero
1139 3773 1294 3823 malae

216 3848 376 3901 radix
414 3857 496 3897 est
529 3848 784 3897 voluntas
802 3844 971 3911 gra-tia
996 3845 1095 3895 Dei
1121 3844 1294 3895 desti-

216 3928 353 3978 tuta,
397 3919 549 3984 cujus
601 3916 800 3968 cadunt
844 3914 971 3966 folia
990 3953 1005 3979 ,
1057 3924 1294 3967 marcent

218 3989 400 4050 flores,
442 3996 755 4055 putrescunt
783 3985 991 4037 fructus
1011 4022 1027 4048 ,
1070 4000 1194 4052 quae
1228 4002 1293 4038 ex

1406 489 1549 539 bona
1570 489 1759 539 arbore
1791 505 1901 539 non
1923 498 2151 555 possunt
2174 491 2480 557 procedere·

1406 560 1478 609 Et
1504 558 1712 619 merim,
1753 561 1898 625 quod
1945 560 2015 609 de
2040 561 2187 611 bono
2224 563 2308 610 vel
2338 563 2481 612 malo

1408 630 1575 679 corde
1598 630 1854 695 procedit,
1880 631 2057 680 bonus
2088 631 2173 680 vel
2198 633 2373 681 malus
2397 633 2483 683 de·

1406 702 1496 752 bet
1530 702 1752 767 judicari
1790 701 2012 753 fructuS.
2054 702 2132 752 Ex
2154 703 2483 755 abundantia

1407 773 1556 824 enim
1599 774 1873 835 bonitatis,
1919 776 2002 824 vel
2053 775 2270 825 mali-tiae
2304 775 2482 827 cordis

1407 862 1530 910 quae
1557 847 1705 897 intus
1733 848 1953 908 latet,os
1980 848 2214 897 exterius
2242 847 2482 915 loquitur

1406 919 1635 969 verbum
1670 918 1921 968 dictionis
1951 928 2004 969 et
2040 919 2241 985 operiS.
2271 919 2357 969 Ex
2388 919 2478 968 in-

1407 990 1591 1040 teriori
1640 990 1788 1040 enim
1836 990 2061 1040 homine
2116 991 2363 1056 procedit¹
2399 1007 2483 1042 ex·

1405 1064 1571 1114 terior
1597 1064 1833 1127 effectuS,
1866 1074 1977 1114 tam
2018 1065 2076 1114 in
2107 1064 2285 1114 verbis
2314 1081 2482 1131 quam

1407 1134 1466 1184 in
1495 1134 1675 1198 factis3
1723 1151 1783 1185 ac
1816 1137 2041 1186 verbum
2073 1146 2125 1185 et
2157 1135 2356 1187 factum
2383 1152 2481 1187 ex-

1406 1206 1574 1256 terius
1625 1205 2002 1256 testimonium
2061 1206 2235 1256 cordis
2280 1216 2377 1266 est,
2430 1215 2483 1257 et

1407 1276 1829 1348 sign-ificatiyum
1868 1288 2155 1343 con-ceptus
2190 1278 2482 1330 interioris.

1410 1351 1511 1400 Per
1539 1350 1650 1401 oris
1687 1350 1832 1401 enim
1859 1350 2204 1411 locutionem,
2235 1351 2486 1402 universa

1406 1436 1531 1485 quae
1576 1421 1737 1485 dicto,
1784 1422 1870 1471 vel
1907 1420 2061 1482 facto,
2109 1424 2193 1472 vel
2232 1423 2483 1488 cogitatu,

1407 1493 1475 1541 de
1503 1493 1667 1541 corde
1688 1491 2051 1557 proferuntur,
2082 1493 2355 1544 Dominus
2383 1509 2486 1544 vo-

1409 1563 1511 1612 luit
1531 1562 1869 1628 significare3
1896 1579 2021 1613 nam
2053 1564 2221 1613 moris
2250 1565 2486 1629 Scriptu-

1409 1650 1590 1684 rarum
1619 1646 1699 1685 est
1737 1636 1898 1686 verba
1928 1651 2027 1700 pro
2057 1635 2218 1686 factis
2245 1646 2298 1686 et
2324 1636 2487 1688 rebus

1410 1720 1626 1772 ponere.
1658 1707 1813 1756 Unde
1860 1706 2065 1755 dicitur
2102 1706 2171 1755 de
2212 1706 2441 1757 Ezechia
2468 1723 2484 1756 ε

1408 1777 1537 1827 Non
1553 1775 1675 1841 suit
1722 1778 1940 1828 verbum
1960 1778 2107 1843 quod
2151 1793 2257 1828 non
2302 1784 2487 1828 osten-

1409 1847 1555 1897 derit
1592 1847 1865 1914 Ezechias
1913 1848 1968 1897 in
2023 1848 2179 1897 domo
2227 1863 2358 1910 uta,-
2390 1847 2486 1913 qui

1408 1920 1597 1986 utique
1654 1935 1834 1970 rerum
1899 1929 1951 1969 et
2019 1936 2129 1969 non
2198 1921 2487 1970 verborum

1409 1992 1681 2044 Chaldaeis
1714 1993 2031 2041 revelaverat
2051 2006 2256 2041 arcana.
2286 1992 2365 2041 De
2393 2005 2486 2041 ore

1409 2076 1607 2124 autem,
1643 2065 1735 2115 hic
1774 2064 2076 2130 specialiter
2112 2062 2483 2128 exemplificat,

1409 2135 1542 2202 quia
1562 2150 1657 2201 per
1684 2151 1746 2185 os
1782 2150 1870 2184 cor
1901 2134 2136 2184 maxime
2165 2133 2487 2185 manifesta-

1410 2217 1517 2270 tur,
1541 2221 1607 2256 eo
1632 2206 1780 2272 quod
1804 2205 1964 2256 verba
1993 2204 2051 2255 in
2096 2204 2264 2272 signis
2295 2205 2489 2271 prima-

1410 2291 1528 2331 tum
1558 2290 1758 2330 tenent.
1801 2281 1955 2330 Unde
1997 2279 2072 2329 ait
2098 2279 2439 2345 Augustinus
2468 2297 2486 2330 .-

1415 2371 1444 2399 «
1473 2353 1618 2402 Deus
1645 2363 1844 2411 autern,
1875 2352 2173 2402 secundum
2198 2367 2277 2415 os,
2303 2350 2489 2402 omnia

1409 2423 1593 2475 cordis
1656 2423 1927 2488 dijudicat,
1970 2423 2098 2489 quia
2147 2438 2211 2472 ex
2255 2439 2363 2490 qua
2399 2423 2489 2474 in-

1410 2497 1653 2548 tentione
1682 2498 1846 2547 verba
1868 2499 2165 2565 procedunt
2189 2514 2299 2547 non
2330 2497 2491 2563 igno-

1411 2579 1511 2632 rat,
1535 2579 1587 2619 et
1617 2578 1869 2619 notanter
1892 2568 2024 2619 dicit
2049 2585 2062 2618 ε
2088 2570 2195 2619 Ex
2220 2569 2493 2619 abundan-

1412 2641 1493 2691 tia
1541 2641 1727 2691 cordis
1766 2654 1835 2690 oo
1877 2639 2148 2706 loquitur-3
2196 2640 2326 2707 quia
2368 2640 2493 2705 plus

1410 2713 1559 2763 intus
1610 2722 1727 2772 est,
1774 2728 1939 2779 quam
1983 2712 2295 2763 effunditur.
2340 2713 2491 2765 Sicut

1410 2784 1597 2834 fumus
1626 2784 1693 2833 ab
1722 2782 1849 2849 igne
1881 2783 2073 2849 surgit,
2105 2783 2183 2833 sic
2210 2784 2315 2833 olla
2338 2783 2496 2835 ebul·

1407 2855 1546 2905 liens
1576 2854 1855 2904 redundat.
1890 2871 1919 2899 n
1948 2853 2103 2903 Unde
2133 2863 2185 2903 et
2224 2853 2492 2922 Chryses·

1411 2931 1585 2975 tomus
1631 2942 1649 2974 .-
1688 2943 1716 2970 «
1758 2923 2030 2974 Naturalis
2085 2923 2235 2974 enim
2293 2939 2489 2974 conse-

1410 2994 1629 3061 quentia
1658 3005 1755 3053 est,
1789 3005 1849 3043 ut
1893 3010 2016 3043 cum
2066 2994 2212 3045 intus
2253 2994 2489 3048 abundat

1413 3065 1677 3132 nequitia,
1708 3066 1932 3115 effluant
1963 3077 2221 3116 oretenus
2255 3076 2307 3115 et
2328 3066 2490 3116 verba

1412 3153 1662 3203 nequam.
1696 3137 1877 3196 Quare
1902 3152 2028 3187 cum
2059 3136 2290 3187 audieris
2318 3134 2493 3186 homi-

1414 3224 1539 3258 nem
1560 3207 1855 3274 perniciosa
1877 3218 1929 3258 et
1960 3208 2251 3258 inhonesta
2272 3207 2491 3273 loquen-

1412 3290 1542 3340 tem,
1583 3294 1694 3328 non
1721 3287 1922 3329 tantam
1964 3288 2090 3344 puta
2134 3278 2191 3327 in
2233 3293 2298 3327 eo
2328 3278 2490 3329 latere

1415 3349 1733 3416 nequitiam,
1786 3359 1985 3416 quanta
2024 3349 2205 3399 verbis
2236 3349 2351 3413 ejus
2391 3364 2490 3401 ex-

1417 3420 1685 3488 primitur,
1706 3423 1798 3473 sed
1825 3423 1999 3471 multo
2027 3420 2347 3486 ampliorem
2367 3436 2491 3471 con-

1415 3495 1518 3560 jice
1545 3510 1660 3546 esse
1699 3495 1922 3546 fontem.
1955 3495 2111 3553 Quod
2162 3494 2311 3544 enim
2339 3503 2491 3545 exte-

1417 3566 1530 3616 rius
1585 3565 1799 3625 dicitur,
1847 3563 2184 3629 superfluum
2239 3575 2320 3615 est
2375 3565 2491 3629 ejus

1418 3637 1571 3703 quod
1590 3637 1741 3686 intus
1756 3644 1853 3685 est.
1878 3634 2089 3701 Lingua
2118 3634 2337 3701 quidem
2367 3650 2492 3684 con-

1420 3708 1541 3758 fusa
1582 3706 1858 3757 multoties
1895 3720 2004 3754 non
2060 3715 2276 3771 repente
2309 3704 2491 3756 effun-

1417 3781 1500 3831 dit
1542 3780 1868 3847 nequitiam;
1928 3793 2021 3828 cor
2056 3789 2237 3830 autem
2277 3779 2491 3832 nullum

1417 3851 1703 3901 hom-inum
1746 3850 1952 3900 habens
1994 3859 2216 3910 testem,
2257 3848 2372 3899 sine
2411 3849 2491 3901 ti-

1418 3936 1572 3971 more
1595 3934 1933 3987 qua-‚cunque
1958 3920 2075 3969 vult
2096 3930 2147 3969 et
2171 3918 2311 3985 parit
2330 3920 2487 3972 mala.

1415 3992 1514 4043 Dei
1553 3991 1700 4042 enim
1739 4007 1851 4042 non
1892 3990 2062 4043 multa
2108 4007 2233 4042 cura
2259 4001 2337 4043 est
2367 3990 2434 4043 ei.
2459 4008 2488 4039 n
