2784 4452
296 396 391 447 DE
417 395 746 447 SECUNDA
778 393 872 447 Εἰ·
902 392 1169 447 TERT1A
1198 365 1615 447 vocATtoNE
1648 396 2189 449 mscwumnum.

139 520 370 563 mortem
399 524 510 560 non
548 506 788 572 dimisit;
817 521 911 575 per
942 504 1043 559 has
1078 507 1210 558 duas

139 592 303 633 naves
330 582 590 631 transitur
629 580 884 640 mundus,
921 590 973 630 et
996 578 1211 630 venitur

139 651 206 705 ad
237 655 449 704 coelum.
486 651 555 703 Ut
575 666 726 713 vero,
759 651 834 703 ait
872 649 1210 718 chrysosto-

139 739 277 790 muS,
308 727 570 777 habemus
602 741 698 790 pro
725 740 860 776 nave
890 722 1208 785 Ecclesiam,

140 809 240 918 go
286 795 645 878 gubernaculo
691 809 922 856 crucem,
966 810 1063 862 pro
1106 810 1211 861 gu—

212 877 425 917 rnatore
455 865 737 916 Christum
754 903 770 927 ,
821 880 919 932 pto
960 873 1071 916 rete
1107 865 1211 914 Pa-

139 949 301 999 nem,
326 953 423 1005 pro
446 949 610 990 vento
637 936 899 1005 Spiritum
934 939 1212 998 Sanctum,

141 1021 243 1078 pro
292 1008 409 1059 velo
438 1009 679 1074 gratiam,
717 1022 817 1075 pro
849 1008 1026 1059 nautis
1059 1010 1212 1074 Apo·-

141 1084 331 1141 stolus,
368 1097 465 1146 pro
494 1081 870 1147 navigantibus
896 1080 1211 1148 ProphetaS,

141 1157 243 1220 pro
294 1151 416 1202 navi
487 1150 657 1202 Vetus
706 1148 1114 1201 Testamentum
1161 1160 1214 1200 et

143 1225 366 1278 Novum
401 1239 417 1275 ι
458 1224 867 1275 committamus
923 1240 1053 1291 ergo
1115 1239 1215 1275 nos

144 1299 320 1367 pelagi
358 1297 519 1363 hujus
560 1297 831 1364 profundo
880 1298 947 1349 ad
991 1297 1215 1364 perqui-

146 1371 371 1423 rendam
407 1371 466 1421 in
506 1369 798 1435 Scripturis
822 1368 1032 1421 divinis*
1067 1384 1217 1420 mar·-

146 1443 376 1512 garitam
404 1442 676 1493 latentem.

213 1511 243 1565 3
279 1514 522 1563 szcATIO
553 1526 908 1564 ιιιιιᾼουιοειι
932 1539 998 1551 —-
1035 1509 1108 1563 Ut
1128 1526 1220 1566 au-

147 1591 286 1650 tem,
334 1585 489 1636 finita
536 1584 938 1651 praedicatione,
987 1583 1221 1636 cessavit

148 1659 323 1727 loqui,
390 1656 691 1709 doctrinam
758 1673 912 1708 suam
961 1657 1220 1708 miraculo

146 1727 468 1783 confirmare
520 1729 732 1788 volens,
766 1726 977 1778 Simoni
1022 1726 1220 1778 dixit:

148 1803 296 1868 Duc,
344 1797 549 1853 scilicet
606 1816 817 1861 navem,
855 1802 910 1852 in
940 1799 1129 1864 altum,
1165 1799 1222 1850 id
1265 1801 1266 1804 ’

149 1884 249 1933 est,
295 1874 362 1925 ad
391 1873 572 1932 locum
600 1886 755 1938 aquae
790 1870 963 1937 magis
990 1868 1223 1937 profun-

151 1949 304 2007 dum,
344 1944 438 2013 qui
471 1955 553 1996 est
577 1941 983 1996 convenientior
1027 1942 1095 1994 ad
1149 1941 1224 2009 pi-

149 1986 431 2078 scandum,
462 2024 514 2068 et
554 2014 744 2066 laxate
779 2015 924 2067 retia
949 2022 1130 2067 vestra
1170 2015 1224 2065 in

151 2095 435 2155 capturam
485 2107 501 2139 ε
558 2086 765 2137 scilicet
829 2086 1082 2152 piscium
1147 2084 1228 2136 Et

151 2158 489 2225 respondens
564 2155 751 2208 Simon
823 2156 1030 2209 dixit.
1068 2153 1225 2214 Jesu,

151 2230 500 2298 Proeceptor‚
539 2230 624 2281 cui
676 2229 897 2282 obedire
949 2226 1227 2288 debemus,

148 2317 256 2369 per
292 2306 459 2352 totam
505 2308 707 2352 noctem
746 2300 1053 2352 laborantes
1095 2298 1230 2351 nihil

155 2371 408 2439 cepimuS,
448 2369 696 2438 quamvis
732 2369 1071 2437 diligentiam
1108 2385 1229 2421 ma·-

153 2456 322 2510 gnam
372 2439 808 2503 adhibuerimus3
849 2438 902 2490 in
931 2441 1091 2491 verbo
1123 2454 1230 2491 au·-

156 2516 262 2563 tem
297 2516 389 2561 tuo
419 2509 622 2560 laxabo
664 2516 792 2572 rete,
843 2509 898 2559 id
924 2518 1023 2569 est,
1055 2508 1230 2559 confi-

156 2580 293 2632 dens
344 2579 401 2630 in
448 2578 646 2630 virtute
690 2575 838 2631 verbi
872 2578 972 2630 tui.
1007 2548 1089 2630 'Et
1114 2595 1231 2630 cum

156 2650 258 2702 hoc
288 2650 556 2717 fecissent
579 2689 598 2714 ,
659 2646 959 2700 obediendo
1023 2648 1232 2700 Praece-

158 2720 326 2788 ptori,
345 2721 723 2772 concluserunt
740 2719 974 2787 piscium
1000 2720 1234 2770 multitu-

159 2793 339 2844 dinem
402 2792 709 2857 copiosam,
774 2799 975 2842 tantam
1032 2792 1234 2843 scilicet

159 2872 419 2930 quantam
448 2862 564 2928 ipse
594 2862 757 2912 maris
790 2870 843 2911 et
866 2873 1020 2913 terrae
1052 2861 1235 2913 Domi-

161 2946 268 2984 nus
288 2932 518 2993 volebat,
555 2931 816 2982 nimirum
846 2932 976 2997 quia
1011 2932 1233 2982 obedie-

161 3003 295 3054 bant
318 3001 366 3053 ei
390 3001 475 3052 cui
504 3001 727 3068 subjecti
760 3011 891 3052 sunt
919 3016 1111 3052 omnes
1148 3016 1237 3052 vo-

163 3074 344 3125 lucres
378 3070 499 3123 coeli
532 3083 582 3123 et
607 3072 779 3138 pisces
809 3071 992 3134 mariS,
1020 3071 1140 3122 ideo
1175 3071 1235 3121 in

168 3161 357 3197 eorum
407 3154 663 3210 potestate
705 3145 840 3194 datae
872 3152 998 3195 sunt
1042 3152 1239 3200 creatu-

166 3229 263 3268 rae.
313 3215 469 3266 Unde
502 3214 787 3265 Anselmus
814 3233 831 3266 .-
866 3233 893 3262 (ι
914 3217 1010 3266 Jus
1057 3214 1238 3281 siqui-

168 3286 296 3336 dem
342 3286 555 3335 nullum
595 3284 653 3335 in
686 3284 775 3335 his
803 3300 925 3350 quae
967 3282 1064 3334 Dei
1090 3293 1237 3341 sunt,

168 3357 374 3410 scilicet
396 3357 669 3417 creaturis,
696 3357 891 3407 debent
922 3357 1118 3407 habere
1145 3357 1239 3423 qui

166 3430 434 3482 voluntati
489 3431 603 3495 ejus
648 3429 824 3494 pravis
864 3429 1072 3481 actibus
1130 3445 1240 3480 non

170 3510 427 3553 verentur
465 3499 746 3551 contraire.
804 3500 865 3550 ln
915 3501 1018 3551 hoc
1063 3511 1243 3552 autem

170 3571 314 3623 facto
345 3568 733 3637 discipulorum
788 3573 943 3623 datur
979 3573 1248 3639 religiosis

170 3644 352 3695 forma
378 3643 700 3694 obedientiae
725 3683 739 3705 ,
793 3654 855 3695 ut
914 3645 1113 3696 scilicet
1161 3646 1246 3696 fa-

173 3714 351 3765 ciliter
430 3713 683 3764 obediant
749 3713 984 3781 simplici
1051 3717 1247 3776 verbo,

177 3799 294 3837 non
344 3795 670 3853 praeceptum
724 3788 808 3838 vel
869 3786 1251 3839 comminatio-

179 3871 310 3909 nem
349 3859 723 3924 exspectandO.
751 3858 817 3910 Et
863 3861 1074 3910 attende
1105 3860 1251 3926 quod

182 3938 238 3980 et
314 3927 359 3980 si
436 3929 559 3980 aliis
618 3930 910 3996 imperatur
981 3941 1043 3983 ut
1111 3931 1250 3982 rela-

182 4010 374 4051 xerent
422 4000 552 4051 retia
601 4000 997 4066 praedicationis
1032 4002 1091 4054 in
1141 4001 1252 4051 hu·-

2271 399 2373 451 283

1316 507 1544 561 militate
1569 510 1834 573 Simonis,
1863 512 1962 563 soli
2013 523 2193 566 tamen
2225 516 2384 588 Petro

1316 579 1557 631 dicitur:
1556 583 1701 634 Duc
1743 584 1797 635 in
1851 584 2020 635 altum
2074 596 2213 647 rete,
2267 581 2378 637 sci-

1315 650 1442 703 licet
1492 651 1551 703 in
1604 654 1934 737 profundum
1987 656 2271 723 Scripturae
2327 668 2381 709 et

1315 722 1589 777 doctrinae.
1635 726 1780 787 Quid
1832 726 1978 777 enim
2023 737 2133 777 tam
2175 729 2345 779 altum
2366 765 2385 788 ,

1316 807 1483 861 quam
1514 794 1655 848 scire
1687 797 1787 848 Dei
1827 796 2063 849 Filium?
2090 799 2255 859 Quasi
2304 799 2382 849 di-

1317 875 1507 916 ceret:
1536 866 1747 919 Sufficit
1797 867 2102 920 minoribus
2149 869 2386 921 sacerdo-

1316 935 1465 987 tibus
1497 936 1633 989 scire
1680 940 1964 1004 praedicare
1990 940 2229 1003 minora;
2265 939 2385 1006 epi-

1319 1005 1497 1073 scopis
1518 1022 1662 1068 vero,
1692 1010 1739 1059 si
1758 1023 1866 1076 qua
1884 1010 2089 1061 dubia
2075 1026 2134 1061 m
2153 1009 2387 1061 Ecclesia

1318 1079 1654 1141 emerserint,
1678 1079 1856 1131 offerri
1880 1082 2092 1143 debent,
2121 1091 2184 1133 ut
2204 1097 2264 1132 ea
2288 1081 2395 1132 so}-

1318 1158 1459 1200 vant
1487 1160 1540 1201 et
1581 1151 1824 1202 doceant.
1847 1171 1872 1198 ι
1904 1151 2123 1218 Mystice
2162 1152 2251 1202 hic
2272 1161 2410 1201 tan-v

1321 1233 1527 1289 guntur
1543 1224 1647 1275 tria
1673 1223 2004 1291 praedicatori
2024 1220 2395 1291 expedientia:

1322 1297 1528 1363 primo,
1578 1296 1832 1349 sublimis
1868 1297 2226 1357 conversati0,
2265 1311 2391 1348 cum

1322 1366 1522 1418 dicitur
1560 1384 1577 1418 z
1619 1367 1722 1419 duc
1763 1368 1818 1419 in
1870 1369 2036 1419 altum
2048 1384 2075 1431 ,-
2126 1368 2392 1426 secund0,

1324 1439 1486 1504 plena
1527 1449 1578 1489 et
1615 1454 1727 1489 non
1756 1438 1994 1490 involuta
2017 1438 2235 1500 locutio,
2265 1453 2392 1488 cum

1325 1510 1617 1560 subditur:
1650 1509 1842 1561 laxate
1870 1510 2013 1562 retia
2046 1516 2258 1572 vestra5
2279 1518 2409 1566 ter-,

1324 1581 1426 1643 tio,
1480 1591 1622 1633 recta
1661 1580 1922 1643 intentio,
1965 1596 2089 1632 cum
2131 1581 2389 1632 additur:

1327 1652 1384 1702 in
1423 1657 1707 1717 capturam
1737 1653 1986 1720 piscium,
2018 1668 2130 1704 non
2173 1662 2390 1719 propter

1327 1722 1691 1774 adulationem
1742 1723 2056 1785 humanam,
2111 1738 2222 1774 non
2261 1737 2396 1788 pro-—

1329 1803 1449 1860 pter
1495 1807 1687 1844 vanam
1731 1793 1978 1861 gloriam,
2026 1809 2139 1844 non
2182 1802 2406 1858 propter

1328 1865 1617 1916 utilitatem
1652 1875 1761 1917 tem
1801 1868 2020 1927 oralem,
2057 1866 2152 1917 sed
2178 1872 2398 1930 propter

1330 1936 1623 1987 hominurn
1647 1936 1747 1987 aedi
1790 1936 2073 1988 cationem.

1394 2025 1432 2074 4
1462 2009 1678 2059 Smoms
1705 2009 1870 2060 Parni
1886 2025 2174 2060 *ommno
2196 2025 2266 2060 m·
2288 2024 2407 2059 nu-

1330 2093 1563 2129 mmus.
1595 2106 1658 2117 —
1686 2079 2053 2145 Rumpebatur
2084 2085 2259 2130 autem
2284 2085 2399 2129 rete

1334 2164 1549 2213 eorum,
1597 2164 1662 2200 ex
1713 2149 1967 2215 gravitate
2031 2147 2410 2200 multitudinis

1333 2219 1568 2288 piscium
1593 2238 1609 2272 :
1638 2236 1703 2271 ex
1728 2237 1853 2288 ·quo
1888 2232 2030 2287 patet
2070 2220 2266 2287 duplex
2289 2219 2401 2271 mi—

1334 2294 1604 2356 raculum3
1644 2292 1773 2359 quia
1809 2307 1920 2342 non
1952 2293 2131 2342 solum
2155 2301 2408 2358 ceperant

1335 2381 1590 2433 magnam
1618 2365 2024 2417 multitudinem
2046 2365 2278 2433 piscium
2302 2381 2400 2416 su-

1336 2453 1434 2504 pra
1470 2438 1694 2488 modum
1737 2438 1960 2488 solitum
1991 2446 2046 2488 et
2081 2435 2402 2503 impossibi-

1336 2509 1445 2559 lem
1472 2523 1565 2575 per
1591 2509 1735 2559 viam
1778 2508 2092 2569 humanam,
2122 2508 2213 2559 sed
2239 2507 2407 2558 etiam

1338 2589 1485 2631 tanta
1528 2578 1819 2630 multitudo
1869 2580 2149 2630 tenebatur
2191 2595 2249 2629 m
2304 2578 2402 2629 reti

1337 2663 1514 2720 rupto.
1537 2651 1617 2704 Et
1634 2659 1949 2716 annuerunt,
1988 2652 2178 2703 Simon
2203 2661 2256 2702 et
2279 2652 2399 2702 An-

1337 2726 1492 2775 dreas
1536 2722 1669 2773 filiis
1714 2723 1979 2784 Zebedaei,
2029 2723 2121 2790 qui
2161 2729 2320 2774 erant
2349 2723 2406 2774 in

1338 2794 1455 2846 alia
1497 2794 1647 2857 navi,
1696 2800 1757 2844 ut
1790 2795 2028 2845 venirent
2054 2800 2109 2845 εἰ
2142 2795 2404 2862 juvarent

1340 2880 1451 2919 eos·
1471 2865 1575 2918 Ubi
1606 2865 1930 2931 Theophilus
1964 2884 1982 2917 .-
2017 2884 2045 2913 «
2072 2866 2173 2916 Per
2213 2875 2406 2917 nutum

1343 2939 1492 3006 ipsos
1516 2948 1725 2998 vocant,
1762 2939 1892 3004 quia
1929 2952 1994 2988 ex
2037 2948 2252 3004 stupore
2276 2954 2406 3006 pro—

1344 3021 1462 3077 pter
1514 3019 1786 3074 capturam
1829 3007 2058 3075 piscium
2100 3009 2251 3075 loqui
2295 3024 2408 3059 non

1342 3090 1611 3149 poterant,
1639 3085 1690 3130 et
1715 3086 1967 3130 venerunt
1987 3087 2041 3132 et
2059 3081 2407 3148 impleverunt

1346 3152 1536 3203 ambas
1573 3147 1870 3212 naviculae,
1909 3150 1987 3201 ita
2015 3158 2072 3202 ut
2103 3165 2241 3218 pene
2263 3165 2407 3202 mer-

1345 3228 1607 3291 gerentur
1643 3239 1663 3272 3
1706 3221 1800 3271 sed
1846 3221 2079 3274 Ecclesia
2133 3222 2407 3288 submergi

1347 3304 1400 3344 et
1429 3290 1655 3342 deficere
1676 3306 1791 3341 non
1826 3303 2014 3358 potest,
2040 3293 2163 3344 licet
2189 3291 2410 3343 fluctuet

1349 3373 1403 3416 et
1430 3370 1782 3428 quassetur.»
1800 3360 1869 3412 Et
1888 3378 2010 3412 cum
2030 3373 2218 3426 stupor
2245 3360 2417 3412 admi—

1350 3432 1577 3485 rationis
1616 3431 1966 3482 circumdaret
1999 3431 2278 3481 Simonem
2306 3432 2412 3482 Pe·-

1350 3517 1497 3558 trum
1517 3515 1571 3557 et
1597 3504 1771 3555 socios
1795 3505 1926 3569 ejuS,
1952 3519 2010 3554 ac
2029 3513 2198 3553 totam
2223 3519 2412 3554 eorum
2479 3567 2484 3572 ,

1353 3587 1591 3629 mentem
1644 3585 1954 3641 occuparet,
2006 3584 2221 3640 propter
2277 3573 2414 3627 facta

1355 3647 1561 3702 Christi
1599 3646 1832 3707 insolita,
1867 3645 2065 3696 Petrus
2106 3644 2415 3712 intelligens

1356 3718 1502 3788 quod
1533 3732 1643 3768 non
1683 3724 1889 3782 poterat
1914 3731 2029 3767 esse
2065 3715 2262 3767 virtute
2302 3718 2415 3768 hu·-

1356 3801 1536 3848 mana,
1574 3786 1816 3853 procidit
1852 3799 1927 3835 ex
1979 3784 2285 3838 humilitate
2341 3787 2419 3837 ad

1355 3870 1535 3925 genua
1570 3857 1720 3916 Jesu,
1757 3864 2013 3920 tanquam
2039 3871 2201 3906 suum
2245 3872 2420 3935 recog·

1358 3942 1586 3979 noscens
1612 3924 1926 3986 Dominum,
1946 3936 1998 3976 et
2015 3926 2151 3977 dixit
2166 3928 2234 3978 ad
2256 3944 2413 3979 eum·

1356 3999 1497 4063 Exi,
1526 4006 1579 4049 et
1604 3996 1783 4046 recede
1811 4009 1847 4047 a
1875 4010 1972 4059 me,
2003 3997 2243 4062 Domine,
2291 3997 2417 4065 quia
