2784 4452
240 278 341 326 242

237 411 457 468 propter
474 399 692 463 famem,
724 409 779 450 et
804 400 1186 461 comedebant3
1217 399 1301 449 si·-

236 473 439 524 mi=l¹iter
461 488 584 523 cum
606 472 723 537 ipse
748 471 997 537 fatigatus
1025 486 1090 522 ex
1109 470 1301 521 itincre

233 544 453 595 sedebat
479 557 641 608 super
670 552 893 608 puteum
924 542 1155 607 loquens
1174 556 1300 591 cum

234 617 588 680 Samaritana,
618 632 729 665 non
756 615 952 665 dicitur
981 614 1129 681 quod
1148 630 1299 665 crea-

233 687 371 739 verit
390 688 541 738 cibos
553 726 567 751 ,
611 688 709 741 sed
728 688 872 752 quod
902 685 1112 736 miser-it
1129 685 1309 737 disci--

234 760 393 826 pulos
429 760 485 809 in
512 759 794 818 civitatem,
836 759 901 808 ad
948 759 1305 824 quaerendum

234 847 344 883 eos.
378 833 487 882 Nec
531 842 613 882 est
669 829 965 881 verisimile
1010 831 1157 896 quod
1206 846 1300 896 per

231 906 555 956 miraculum
615 903 727 955 sibi
782 903 1110 968 provideret3
1166 904 1297 970 quia

232 977 495 1028 miracula
516 977 581 1027 ad
612 977 843 1026 aliorum
870 974 1294 1035 aedificationem,

230 1058 286 1100 et
337 1050 394 1099 in
443 1047 722 1114 praesen-tia
772 1047 1015 1113 plurium
1050 1047 1292 1110 faciebat,

229 1121 324 1171 sed
378 1118 467 1168 hic
505 1134 615 1169 non
648 1127 797 1168 erant
822 1116 1010 1183 aliqui,
1039 1117 1152 1171 nisir
1173 1119 1294 1167 An·-

231 1190 357 1257 geli.
409 1189 552 1249 Quid
581 1205 707 1256 ergo
748 1189 884 1240 circa
926 1189 1030 1239 hoc
1059 1189 1299 1239 medi-ta*

230 1263 444 1314 bimur?
487 1263 546 1312 In
576 1270 760 1313 monte
798 1276 1029 1327 namque
1063 1261 1294 1313 inonon

228 1344 341 1385 erat
370 1334 636 1384 habitatio
662 1333 953 1383 hominum
980 1342 1034 1382 et
1059 1332 1170 1382 cibi
1193 1348 1297 1398 pa·-

227 1405 328 1457 rati
340 1421 355 1470 ;
388 1406 479 1456 sed
508 1405 637 1456 alibi
672 1415 852 1470 parata
882 1403 1080 1455 cibaria
1109 1414 1291 1469 porta-

224 1489 425 1529 verunt
445 1479 493 1529 ei
524 1478 737 1543 Angeli,
769 1477 909 1527 sicut
936 1476 1163 1542 contigit
1180 1477 1291 1527 Da·-

226 1549 377 1599 nieli.
406 1549 546 1600 Cum
576 1548 721 1598 enim
748 1547 997 1597 Habacuc
1021 1547 1297 1612 Propheta*

223 1619 569 1690 pulmentum
598 1618 933 1669 messoribus
959 1616 1074 1667 suis
1104 1632 1290 1682 paras·-

224 1700 335 1752 set,
378 1690 610 1757 portavit
635 1706 765 1740 eum
797 1690 1039 1755 Angelus
1065 1688 1288 1739 Domini

223 1778 320 1829 per
332 1762 554 1828 capillos
581 1762 649 1811 de
673 1761 863 1811 Judaea
883 1759 941 1809 in
958 1759 1289 1825 Babylonem

223 1838 291 1889 ad
311 1837 591 1888 Danielem
615 1845 677 1887 ut
689 1835 1019 1894 comederet,
1034 1844 1087 1884 et
1105 1845 1291 1901 postea

224 1911 280 1961 in
308 1920 591 1961 momento
625 1925 749 1959 eum
785 1907 1090 1974 reportavit.

286 1980 357 2032 28
385 1981 477 2031 Pm
504 1994 844 2030 mizon-rano
877 1993 1029 2028 elaea
1048 1993 1298 2031 murs--

221 2068 302 2104 sA.
316 2080 377 2092 —
391 2053 755 2102 Immoremur
778 2065 907 2115 ergo
927 2049 1033 2109 hic,
1064 2059 1117 2099 et
1140 2049 1287 2100 hunc

222 2126 447 2178 modum
475 2140 832 2184 assumamuS,
872 2133 924 2174 et
947 2140 1072 2175 cum
1091 2124 1291 2174 Domi—

221 2214 293 2249 no
319 2198 445 2249 Jesu
470 2197 525 2248 in
540 2212 640 2248 suo
665 2194 890 2263 prandio
910 2195 1284 2261 jucundemur,

218 2269 521 2335 sentiatque
559 2269 727 2317 Mater
764 2280 860 2316 sua
899 2266 1285 2316 excellentissi-

217 2355 307 2390 ma
338 2341 405 2390 de
423 2340 523 2389 hac
551 2338 736 2388 eadem
764 2335 1099 2402 jucunditate⁴
1121 2345 1283 2402 atque

215 2410 456 2460 victoria.
490 2408 580 2458 Pie
609 2417 769 2474 atque
793 2407 981 2457 devote
1000 2406 1079 2456 sic
1101 2405 1280 2456 medi·-

214 2492 396 2534 temur
425 2500 438 2532 :
469 2491 696 2547 pergunt
741 2481 849 2530 duo
905 2495 970 2530 ex
1023 2479 1288 2545 AngeliS,

212 2554 448 2603 Domino
475 2561 741 2602 annuente
762 2589 779 2610 ,
812 2560 866 2600 et
899 2551 957 2601 in
1000 2559 1278 2599 momento

212 2624 429 2675 fuerunt
451 2638 629 2673 coram
660 2623 845 2682 Matre,
895 2636 956 2671 ac
977 2636 1095 2671 eam
1124 2636 1277 2671 reve-

213 2705 395 2745 renter
417 2694 732 2756 salutantes,
764 2692 829 2742 de
858 2691 983 2741 Filii
1021 2691 1105 2743 sui
1136 2700 1273 2742 statu

212 2765 317 2816 sibi
347 2774 565 2815 narrant
585 2804 600 2825 ,
631 2775 689 2815 et·
709 2762 985 2816 modicum
1016 2762 1273 2827 pulmen-

211 2846 329 2887 tum
356 2837 503 2901 quod
536 2834 641 2885 sibi
671 2844 725 2886 et
757 2833 965 2900 Joseph·
986 2842 1274 2899 paraverat,

887 258 1131 313 PRJMAE
1161 259 1417 313 PARTIS
1448 259 1682 315 CAPUT
1704 261 1870 345 XXII.

1407 414 1476 450 ac
1498 416 1702 466 panem·
1720 416 1846 451 cum
1882 401 2004 453 aliis
2031 401 2352 467 opportunis
2382 419 2454 455 re·

1407 480 1650 542 pestana
1678 472 1872 523 reversi
1906 483 2238 539 ergoparanx
2266 473 2324 529 in
2353 476 2478 540 pla-—

1407 555 1478 591 na
1513 552 1678 605 terra,
1719 552 1778 597 en
1811 558 2012 593 mensae
2042 542 2470 597 benedictionem

1404 614 1721 665 solemniter
1771 625 2045 682 peragunt.
2090 615 2355 681 Conspice
2379 618 2472 669 hic

1403 698 1529 734 eum
1577 685 1745 748 bene,
1803 685 1868 735 in.
1902 685 2136 752 singulis
2187 701 2308 752 quae
2358 688 2469 754 agit

1402 764 1458 805 et
1495 769 1617 820 quae
1652 756 1794 807 fiunt
1823 773 1838 806 ε
1869 756 2018 807 sedet
2059 756 2120 807 in
2143 765 2283 808 terra
2314 773 2478 811 com-

1402 827 1575 890 posite
1600 865 1615 886 ,
1672 838 1723 878 et
1802 827 2035 883 comedit
2088 827 2312 892 sobrie;
2359 829 2471 879 cir-

1401 909 1669 951 cumstant
1704 901 1898 968 Angeli
1955 900 2328 953 ministrantes
2369 903 2478 953 Do—

1401 970 1554 1022 mino
1595 989 1736 1032 suos,
1776 985 1830 1024 et
1865 974 2134 1039 hymnum
2160 984 2380 1026 canunt
2399 977 2474 1027 de

1400 1045 1622 1095 canticis
1669 1045 1830 1107 Sion,
1882 1061 1950 1101 ac
1999 1047 2376 1112 jucundantur,
2412 1058 2472 1100 et

1399 1118 1550 1170 diem·
1590 1117 1797 1170 festum
1834 1130 2001 1186 agunt
2035 1135 2159 1170 cum
2204 1135 2294 1173 eo..
2334 1123 2475 1181 Sed,

1378 1188 1474 1245 'six
1502 1191 1608 1242 dici
1663 1192 1840 1255 liceat,
1872 1192 2314 1259 permixtum—est
2362 1194 2477 1251 hoe

1398 1261 1600 1316 festum
1661 1262 2035 1329 compassione
2102 1265 2474 1329 peunaxinm,

1399 1342 1626 1398 propter
1644 1349 1816 1399 quam
1836 1343 1889 1383 et
1930 1349 2032 1384 nos
2059 1333 2276 1399 plorare
2294 1335 2470 1386 debe-

1398 1418 1597 1455 remus.
1628 1404 1987 1469 Conspiciunt
2026 1403 2180 1454 enim
2219 1419 2346 1455 eum
2374 1420 2464 1456 m-

1395 1484 1663 1534 verenter‚
1697 1484 1750 1524 et
1770 1474 2172 1525 considerantes
2198 1474 2374 1525 Deum
2404 1489 2472 1526 ac

1395 1546 1695 1598 Dominum
1734 1562 1924 1607 suum,
1970 1556 2026 1597 et
2057 1545 2240 1597 totius.
2267 1538 2464 1600 mundi

1396 1617 1703 1671 Creatorem
1722 1655 1736 1681 ,
1788 1619 1880 1684 qui
1934 1618 2040 1669 dat
2082 1631 2264 1669 am
2315 1618 2469 1671 omni.

1395 1689 1567 1752 carni,
1596 1688 1675 1739 sic
1701 1689 2068 1749 humiliatum,
2109 1697 2162 1738 et
2187 1697 2464 1743 sustenta-

1394 1757 1544 1809 tione
1588 1758 1693 1809 cibi
1742 1758 2039 1824 corporalis
2089 1757 2468 1823 indigentem„

1394 1839 1455 1880 et
1506 1830 1874 1880 comedentem
1937 1829 2075 1879 sicut
2130 1838 2338 1882 ceteros
2395 1828 2478 1883 de<

1395 1901 1594 1966 populo
1611 1938 1626 1959 ,
1654 1910 1939 1955 moventur
1972 1897 2343 1963 compassione
2377 1913 2480 1950 su·

1392 1985 1489 2035 per
1512 1986 1594 2023 eo.
1623 1971 1688 2021 Et
1723 1970 1880 2025 credo
1904 1969 2051 2035 quod
2075 1967 2126 2021 si
2148 1967 2312 2021 corde*
2327 1967 2466 2023 affe-

1391 2043 1659 2097 ctuoso-in
1687 2043 1792 2094 hoc
1816 2052 1957 2093 statu
1986 2057 2111 2093 eum
2148 2039 2466 2105 respicenes,

1372 2124 1444 2164 ‘et
1468 2129 1594 2167 eum
1615 2112 1921 2179 aliqualiter
1950 2111 2200 2178 diligeres
2217 2149 2231 2170 ,
2265 2125 2343 2164 ex.
2361 2125 2466 2162 va·-

1391 2185 1500 2237 lida
1523 2184 1906 2250 compassione*
1925 2184 2180 2249 plorares.
2208 2181 2456 2236 Tandem

1389 2257 1778 2308 sustentatione
1810 2254 1920 2306 cibi
1944 2262 2218 2320 percepta,
2244 2261 2300 2305 et
2327 2266 2466 2317 gra·-

1388 2328 1596 2379 tiarum.
1636 2327 1843 2379 actione
1899 2325 2103 2377 reddita
2120 2362 2136 2387 ,
2183 2322 2460 2377 Dominus

1385 2404 1541 2456 Jesus
1561 2402 1750 2453 volens
1771 2401 1838 2451 ad
1863 2401 2088 2450 Matrem
2115 2395 2311 2456 redire,
2338 2412 2453 2448 coe-

1387 2474 1468 2539 pit
1495 2474 1562 2526 de
1597 2481 1782 2522 monte
1807 2469 2142 2522 descenderes
2184 2466 2451 2531 Conspice

1385 2545 1547 2596 etiam
1605 2559 1757 2596 nunc·
1800 2543 1939 2594 bene
1975 2555 2100 2591 eum
2119 2577 2132 2598 ‚
2170 2538 2448 2603 quomodo

1384 2616 1533 2667 solus
1545 2614 1710 2673 vadit,
1736 2612 1899 2663 nudis
1923 2610 2170 2676 pedibus„
2188 2606 2464 2659 Dominus

1382 2686 1633 2737 omnium
1650 2722 1664 2745 ,
1695 2693 1752 2734 et
1775 2682 1824 2732 ei
1853 2682 2200 2734 vehementer
2224 2691 2449 2742 compa-—

1383 2766 1512 2817 tere,
1546 2766 1599 2805 et
1643 2754 1776 2805 vade
1807 2766 2022 2817 semper
2066 2765 2190 2800 cum
2221 2763 2310 2808 eo,
2327 2761 2451 2804 ser·

1379 2829 1536 2880 vietis
1554 2827 1659 2894 ipsi
1687 2826 1748 2877 in
1774 2824 2038 2878 omnibus
2056 2821 2313 2876 studiose.

1193 2973 1474 3025 ORATIO

209 3153 219 3162 ‚
274 3096 427 3148 Bone·
459 3093 627 3153 Jesu,¹
644 3093 741 3159 qui
765 3093 966 3148 ductus,
983 3092 1042 3146 in
1064 3092 1273 3144 deserto
1303 3102 1334 3137 a
1364 3083 1857 3156 Spiritu,‚jejunans
1880 3078 2233 3156 quadraginta
2256 3074 2454 3155 diebus

209 3176 263 3218 et
286 3164 555 3223 nectibuS,
585 3172 643 3214 et
665 3174 847 3228 postea
875 3161 1129 3216 esuriens.
1142 3167 1460 3214 tentatorem
1490 3165 1647 3208 tuum
1676 3149 1956 3219 superasti,
1987 3150 2054 3199 da
2093 3139 2253 3206 mihi,
2279 3160 2448 3225 mise-

205 3239 394 3296 ricorS,
419 3251 512 3301 per
538 3234 791 3285 virtutem
821 3233 1154 3286 abstinentiae
1182 3241 1234 3281 et
1260 3225 1608 3280 continentiae
1631 3224 1865 3303 jejunare
1883 3236 1913 3272 a
1940 3221 2084 3271 vitiis
2115 3228 2168 3268 et
2201 3224 2447 3284 peccatis,

206 3309 412 3362 esurire
437 3317 490 3358 et
516 3306 668 3358 sitire
695 3305 989 3371 justitiam,
1011 3314 1075 3356 etv
1096 3312 1154 3354 ut
1194 3309 1511 3354 tentatorem
1544 3311 1754 3356 meum,
1791 3309 1903 3343 imo
1932 3299 2224 3372 tentator-es
2265 3300 2445 3345 meos,

205 3382 496 3445 mundum,
533 3394 765 3440 carnem,
801 3378 1105 3437 diabolum,
1126 3376 1298 3434 Deus,
1331 3382 1424 3422 tua
1452 3368 1644 3438 gratia,
1678 3369 1842 3427 DeuS,
1883 3374 1978 3415 tuo
2010 3363 2210 3414 auxilio
2238 3359 2444 3412 valeam

205 3459 504 3520 superare:
545 3461 596 3502 et
625 3450 753 3518 qu-ia
791 3451 1014 3502 tentatio
1055 3457 1134 3499 est
1172 3445 1280 3499 vita
1319 3453 1530 3503 nostra„
1557 3451 1609 3494 et
1638 3439 1856 3517 miseria
1880 3451 2041 3516 super
2069 3444 2285 3510 terram,
2316 3444 2439 3479 me·-

203 3533 406 3583 ment0,
434 3521 687 3583 Domine,
718 3530 912 3572 nostrae
946 3516 1177 3570 miseriae
1204 3532 1265 3568 ac
1287 3512 1519 3575 laboris„
1541 3521 1593 3562 et
1632 3511 1701 3562 da
1726 3509 1885 3559 nobis
1922 3523 1979 3558 in
2009 3512 2299 3558 tentatione
2316 3514 2440 3580 ⁸,non

204 3596 407 3655 cadere,
443 3594 536 3646 sed
571 3608 665 3660 per
709 3603 865 3646 tuam.
884 3590 1234 3643 tentationem
1262 3600 1474 3650 semper
1499 3583 1730 3643 vincere,
1754 3590 1816 3631 et.
1833 3576 2050 3631 tandem
2076 3574 2144 3626 ab
2184 3570 2447 3630 omnibus

202 3664 597 3720 tentasionibus
619 3661 1033 3718 misericorditer.
1065 3659 1301 3714 liberari.
1329 3657 1523 3712 Amen.
