2784 4452
310 261 412 321 162

299 375 536 443 Angelis
562 381 616 426 et
648 374 963 428 hominibuS.
993 374 1110 423 Hoc
1140 372 1271 428 ludo
1321 382 1374 426 et

301 463 403 497 nos
429 447 647 500 interim
679 448 949 509 ludamus,
976 457 1036 497 ut
1061 445 1371 507 illudamur,
1410 497 1414 514 ι

299 518 698 575 confundamur
715 556 731 578 ‚
778 516 1132 572 humiliemur
1144 553 1161 579 ‚
1201 516 1370 568 donec

298 590 476 648 veniat
503 590 599 657 qui
627 589 850 655 deponit
876 598 1142 654 potentes.
1163 597 1216 637 et
1234 587 1373 642 exal-
1411 607 1414 614 ·

298 671 377 712 tat
425 661 700 720 humiles,
752 660 849 727 qui
894 675 998 714 nos
1052 657 1283 711 laetificet
1318 668 1373 710 et

296 734 575 803 glorificet,
598 746 652 790 et
669 735 1005 790 inaeternum
1024 734 1233 788 exaltet.
1254 752 1283 780 ι»
1305 733 1372 782 Et
1413 793 1414 796 Ἴ

296 805 494 864 iterum
512 824 526 856 ι
542 825 571 853 α
590 806 813 871 ,Oportet
831 820 1066 874 namque
1092 801 1373 858 humiliter

296 880 496 934 sentire
523 879 588 930 de
608 894 666 932 se
688 878 952 930 nitentem
982 877 1047 927 ad
1072 876 1280 938 altiora,
1302 892 1369 930 ne

296 950 430 1004 dum
460 963 621 1014 supra
667 963 724 1002 sc
759 947 1024 1004 attollitur
1053 947 1200 1001 cadat
1225 961 1255 995 a
1280 962 1369 1007 se,

294 1022 401 1073 nisi
432 1021 658 1078 firmiter
686 1036 781 1086 per
798 1036 979 1075 veram
1008 1020 1369 1074 humilitatem

296 1093 458 1146 fuerit
496 1091 776 1144 solidatus.
817 1091 1051 1148 Maxima
1089 1090 1234 1141 enim
1263 1088 1369 1140 nisi

293 1165 619 1222 humilitatis
648 1163 840 1218 merito
869 1164 1095 1220 minime
1123 1163 1374 1216 obtinen-

290 1245 400 1292 tur.
434 1236 716 1301 Propterea
736 1234 830 1301 qui
860 1235 1233 1301 provehendus
1269 1244 1367 1296 est,

293 1308 629 1374 correptione
666 1305 1021 1372 humiliatur,
1057 1307 1372 1364 humil-itate

292 1379 518 1447 gratiam
566 1388 817 1436 meretur.
878 1379 965 1435 Tu
1028 1394 1154 1444 ergo
1172 1417 1187 1440 ,
1245 1394 1370 1432 cum

290 1458 346 1500 te
400 1449 679 1504 humiliari
749 1448 949 1506 videris
969 1487 983 1509 ‚
1048 1449 1242 1504 habeto
1312 1449 1371 1499 id

289 1522 511 1588 signum
539 1521 597 1576 in
628 1522 866 1582 bonum,
896 1519 1125 1578 omnino
1165 1531 1247 1573 est
1292 1536 1371 1571 ar·

289 1603 611 1662 gumentum
664 1592 848 1658 gratiae
909 1592 1322 1658 propinquantis
1354 1602 1370 1635 ἕ

289 1678 414 1716 nam
460 1664 602 1719 sicut
655 1668 781 1718 ante
828 1662 1043 1718 ruinam
1087 1662 1371 1716 exaltatur

289 1735 543 1802 spir-itm,
598 1734 672 1790 ita
722 1744 775 1790 et
821 1743 945 1788 ante
990 1733 1368 1790 exaltationem

293 1806 633 1860 humiliatur.
684 1807 822 1856 Sane
860 1815 1155 1871 utrumque
1184 1806 1320 1874 legis
1350 1823 1367 1856 ε

291 1878 469 1930 Deum
514 1875 714 1929 scilicet
742 1886 794 1930 et
818 1874 1070 1941 superbis
1103 1875 1368 1940 resistere,

295 1956 347 2004 et
375 1946 681 2004 humilibus
723 1946 947 2012 gratiam
979 1946 1135 2012 dare5
1180 1960 1240 1995 ac
1269 1961 1369 2012 pa-

296 2036 420 2078 rum
449 2020 530 2074 est
561 2035 688 2076 cum
727 2034 820 2084 per
847 2018 1086 2083 seipsum
1116 2018 1372 2074 humiliat

295 2106 396 2146 nos
424 2090 599 2152 DeuS,
645 2089 691 2140 si
739 2099 867 2146 tunc
898 2087 1132 2144 *libenter
1171 2088 1371 2153 accipi-

298 2178 453 2226 nmS,
483 2162 592 2222 nisi
623 2170 675 2213 et
697 2161 913 2230 quando
941 2176 1036 2228 per
1058 2159 1231 2216 alium
1263 2160 1369 2212 hoc

296 2237 440 2299 facit,
480 2237 755 2304 sapiamus
784 2236 1051 2289 similiter.
1083 2235 1369 2296 Quamob-

294 2325 412 2365 rem
440 2310 621 2374 accipe
648 2309 811 2374 hujus
848 2307 921 2364 rei
975 2307 1219 2361 mirabile
1265 2308 1370 2357 do-

295 2389 610 2437 cumentum
658 2380 724 2433 de
786 2388 970 2431 sancto
1013 2377 1204 2436 David.
1250 2377 1370 2433 Ali-

295 2452 515 2518 quando
563 2450 912 2506 maledictum
968 2459 1046 2500 est
1111 2450 1191 2507 illi
1247 2459 1300 2505 et
1338 2465 1371 2501 a

292 2539 464 2577 servo.
495 2524 568 2574 At
592 2521 684 2571 ille
712 2537 808 2577 nec
830 2522 1158 2579 cumulatam
1197 2521 1367 2577 sensit

294 2593 548 2659 injuriam
570 2630 585 2655 ,
628 2591 754 2661 quia
794 2591 1077 2661 ¹praesensit
1124 2592 1367 2656 gratiam.

297 2665 446 2729 Quia
484 2664 633 2726 mihi,
663 2664 755 2728 ait,
798 2670 850 2715 et
883 2664 1050 2726 vohis,
1072 2664 1193 2735 filii
1220 2665 1368 2719 Sar-

293 2735 451 2792 viae?
497 2736 546 2787 O
584 2750 707 2791 vere
746 2733 1023 2789 hominem
1065 2735 1366 2791 secundum

294 2821 386 2861 cor
434 2806 566 2869 Dei,
603 2807 697 2879 qui
749 2821 805 2859 se
850 2805 1128 2864 ulciscenti
1183 2805 1368 2870 potius

293 2894 459 2946 quam
527 2878 870 2945 exprobranti
941 2878 1366 2935 succensendum

293 2949 534 3016 putavit!
567 2949 720 3005 Unde
747 2959 799 3001 et
823 2964 1005 3005 secura
1041 2948 1368 3005 conscientia
1409 3004 1411 3020 k

292 3021 655 3087 loquebatur:
681 3021 749 3073 Si
796 3020 1012 3077 reddidi
1063 3020 1368 3075 retribuen-
1409 3024 1412 3035 s

297 3091 438 3151 tibus
458 3091 588 3145 mim·
614 3091 777 3159 mala,
809 3092 1051 3149 decidam
1079 3090 1270 3148 merito
1297 3090 1366 3145 ab
1406 3094 1410 3141 ἔ

296 3160 528 3217 inimicis
576 3161 713 3217 meis
757 3160 953 3217 inanis.
1008 3160 1193 3217 Vetuit
1238 3176 1365 3229 ergo

292 3230 569 3301 prohiberi
611 3231 935 3289 maledicum
964 3231 1364 3295 convitiantem,
1406 3248 1410 3261 ·

292 3304 566 3370 quir-,stum
607 3302 878 3360 aestimans
925 3302 1219 3361 maledicta,
1248 3303 1365 3359 ξε·-
1407 3316 1408 3373 j

291 3374 472 3429 viebat
512 3374 698 3441 lingua
726 3373 1027 3438 maledicta,
1071 3383 1122 3429 et
1155 3373 1245 3431 ille
1271 3373 1363 3429 in-
1404 3388 1408 3452 ἐ

291 3446 544 3503 tendebat
598 3445 730 3518 quid
784 3444 841 3497 in
908 3445 1119 3501 occulto
1188 3452 1366 3510 ageret

291 3519 458 3577 Deus.
483 3520 602 3570 Vox
632 3517 996 3575 maledicentis
1037 3518 1093 3571 in
1121 3517 1362 3579 auribus,

293 3602 346 3644 et
372 3593 590 3647 animus
625 3594 913 3650 inclinabat
954 3609 1011 3645 se
1039 3592 1103 3645 ad
1133 3592 1363 3650 benedi.-
1402 3612 1406 3647 4

290 3664 545 3723 ctionem.
563 3666 628 3716 Et
641 3665 761 3716 ideo
784 3664 911 3717 dicit
941 3681 955 3717 ς
985 3665 1192 3717 Bonum
1212 3663 1362 3727 mihi,

290 3736 420 3801 quia
450 3735 749 3791 humiliasti
778 3750 888 3798 me,
925 3741 981 3789 ut
1031 3734 1236 3788 discam
1274 3734 1364 3802 ju-

945 258 1185 312 PRIMAE
1218 258 1472 316 PART-ls
1502 257 1736 314 CAPUT
1759 258 1906 316 xvi.

1479 383 1534 428 et
1580 390 1690 423 non
1739 372 2064 424 humiliatio..
2111 374 2312 433 Quanti
2347 376 2556 429 humi--

1477 444 1711 503 liantur‚
1759 443 1855 509 qui
1928 444 2162 496 humiles
2217 462 2329 497 non
2373 450 2544 502 suntl

1478 515 1586 570 Alii
1614 531 1738 566 cum
1778 530 1991 570 rancore
2027 514 2410 580 humiliantur;
2447 519 2543 570 alii

1475 586 1765 656 patientem
1797 586 1888 637 alii
1918 597 1971 636 et
1996 585 2242 637 libenter.
2265 587 2434 640 Ptimi
2462 589 2558 642 rei'

1477 667 1635 721 sunt;
1702 667 1986 724 sequentes
2049 657 2290 721 innoxii;
2359 661 2543 712 ultimi

1477 729 1620 794 justi.
1658 730 1978 796 Quanquam
2012 741 2067 780 et
2094 730 2399 781 innocentia
2419 748 2544 798 pars

1475 800 1693 865 justitiae
1727 809 1828 861 est,
1869 800 1962 852 sed
2006 802 2398 851 consummatio
2427 804 2546 869 ejus

1476 874 1616 938 apud
1672 874 1965 937 humilem;
2021 888 2139 923 non
2207 874 2544 939 humiliatiS,

1475 945 1572 995 sed
1629 944 1916 998 humilibus
1968 944 2066 994 dat
2128 945 2390 1009 gratiam.
2446 948 2544 998 Est

1475 1025 1656 1070 autem
1690 1031 1816 1067 vere
1851 1013 2111 1078 humilis,
2153 1015 2248 1080 qui
2278 1015 2545 1070 humilia-—

1476 1088 1678 1140 tionem
1699 1086 1960 1142 convertit
1985 1086 2046 1135 in
2075 1085 2458 1146 humilitatem,
2489 1098 2546 1142 et

1476 1159 1568 1214 hic
1602 1174 1720 1211 cum
1745 1158 1958 1214 Davide
1985 1167 2160 1224 potest
2186 1157 2364 1212 dicere
2390 1160 2553 1214 Deos⁴

1477 1234 1685 1283 Bonum
1701 1230 1849 1294 mihi,
1874 1230 2003 1298 quia
2029 1230 2325 1286 humiliasti
2350 1246 2433 1284 me
2461 1249 2479 1284 ε
2512 1252 2543 1282 n

1473 1302 1594 1360 haec
1624 1302 1961 1358 Ber-nardus.

1541 1375 1573 1425 6
1606 1375 1688 1426 Dr:
1728 1389 2006 1428 mam-rio
2049 1389 2395 1424 nummu-trs
2437 1390 2552 1430 PER.

1478 1463 1740 1507 qumque.
1768 1474 1830 1484 ——
1854 1448 1991 1500 Sunt
2023 1456 2204 1502 autem
2241 1447 2394 1511 plura
2417 1462 2553 1513 quae-

1476 1518 1543 1570 ad
1597 1517 2067 1577 humiliationem,
2112 1526 2163 1566 et
2215 1516 2556 1570 humilitatis

1477 1591 1793 1646 exercitium
1810 1592 2006 1653 valent,
2018 1591 2085 1644 de
2111 1590 2312 1660 quibus
2336 1591 2545 1643 ibidem

1476 1665 1796 1718 Bernartius
1832 1664 1909 1718 sic
1958 1662 2088 1720 dicit
2127 1680 2141 1711 ε
2172 1680 2202 1709 «ι
2223 1663 2309 1714 Ad
2351 1664 2547 1715 exerci»

1475 1737 1614 1792 tium
1645 1735 1972 1788 humilitatis
2007 1736 2252 1804 quinque
2291 1737 2545 1802 prodesse

1476 1816 1721 1874 possunt.
1743 1808 1912 1858 Amor
1937 1805 2178 1866 vilitatis,
2213 1815 2274 1860 ut
2299 1821 2361 1856 ea
2386 1822 2545 1873 quae-

1475 1889 1554 1929 rat
1580 1879 1748 1930 homo
1768 1879 1825 1932 in
1849 1877 2051 1944 quibus
2068 1888 2119 1928 et
2139 1880 2294 1932 locus
2320 1879 2545 1946 quidam

1473 1949 1715 2002 videatur
1742 1948 1966 2014 injuriae.
2013 1948 2314 2002 Assiduitas
2358 1950 2549 2015 subje-

1474 2019 1686 2082 ctioniS,
1714 2029 1776 2072 ut
1794 2033 2003 2084 semper
2029 2018 2157 2070 velit
2179 2034 2298 2072 esse
2314 2036 2438 2072 cum
2449 2019 2550 2074 ali-

1474 2108 1584 2160 quo
1601 2131 1615 2154 ,
1647 2108 1811 2160 quem
1839 2101 2137 2144 revereatur
2164 2101 2216 2144 et
2247 2091 2458 2155 timeat;
2480 2102 2546 2148 ut

1473 2166 1642 2221 discat
1689 2166 1930 2232 frangere
1986 2180 2140 2218 suam
2189 2165 2546 2220 voluntatem.

1476 2241 1689 2304 Terti0‚
1735 2241 1793 2291 in
1828 2239 2150 2290 humilitatis
2183 2239 2433 2293 exercitio
2460 2251 2545 2292 est

1472 2311 1799 2376 comparatio
1822 2309 2080 2371 melioris,
2101 2320 2162 2360 ut
2184 2325 2309 2363 eum
2327 2325 2551 2376 semper

1474 2381 1709 2435 attendat
1766 2381 1933 2437 homo
1949 2419 1964 2441 ,
2017 2380 2072 2436 in
2128 2395 2238 2445 quo
2301 2380 2544 2437 inveniat

1473 2451 1699 2521 gratiam
1730 2467 1854 2519 quae
1899 2450 1945 2503 ei
1975 2449 2139 2510 desit,
2182 2450 2387 2503 oblitus
2415 2466 2540 2518 quae

1473 2532 1613 2577 retro
1642 2532 1800 2587 sunt,
1842 2531 1896 2577 et
1935 2521 1989 2578 in
2030 2537 2092 2575 ea
2118 2537 2238 2586 quae
2263 2531 2386 2577 ante
2410 2533 2542 2575 sunt

1474 2601 1738 2647 extentus.
1813 2591 2077 2651 Quartum
2158 2600 2240 2645 est
2319 2592 2546 2645 assidua

1471 2664 1750 2721 meditatio
1789 2663 2017 2730 propriae
2068 2663 2428 2728 conditionis,
2475 2674 2540 2719 ut

1472 2735 1538 2791 ad
1578 2750 1800 2791 omnem
1871 2733 2118 2791 elationis
2163 2744 2374 2789 motum
2421 2743 2538 2785 sta-

1472 2806 1572 2860 tim
1603 2816 1841 2859 occurrat
1874 2822 1887 2854 :
1916 2804 2060 2871 Quid
2087 2804 2345 2871 super-bix,
2385 2810 2538 2859 terra

1472 2885 1525 2933 et
1562 2878 1748 2934 einis?
1792 2877 2059 2944 Quintum
2099 2887 2179 2929 est
2227 2876 2538 2932 considera·-

1472 2949 1547 3003 tio
1602 2949 1800 3007 occulti
1861 2948 2187 3016 inspectoris.
2246 2948 2537 3007 Quomodo

1472 3022 1622 3079 enim
1697 3021 1792 3088 qui
1860 3020 2055 3085 saepius
2131 3017 2535 3075 confessionem

1472 3092 1654 3147 fecerit
1693 3092 1854 3149 alicui
1896 3091 1962 3143 de
2001 3089 2177 3145 verbis
2224 3105 2344 3157 quae
2377 3105 2533 3145 arro-

1471 3173 1659 3231 ganter
1701 3161 1927 3222 dixerit,
1962 3160 2007 3211 si
2054 3160 2188 3211 forte
2226 3159 2534 3227 contingat,

1472 3243 1533 3282 ut
1582 3247 1777 3299 parvus
1821 3230 1999 3283 simile
2060 3229 2263 3296 aliquid
2302 3229 2535 3297 loquens

1470 3302 1628 3359 illum
1656 3301 1832 3355 videat
1857 3300 2190 3363 audientem,
2221 3299 2372 3353 valde
2402 3315 2533 3353 con-

1471 3373 1729 3435 funditur3
1748 3372 1819 3423 ita
1837 3371 1930 3441 qui
1941 3370 2247 3423 considerat
2261 3370 2535 3423 occultum

1469 3443 1821 3508 inspectorem
1843 3479 1859 3505 ,
1916 3440 2003 3493 cui
2057 3438 2307 3505 cogitatio
2350 3440 2538 3496 omnis

1470 3511 1769 3575 confitetur,
1809 3527 1919 3565 non
1961 3510 2157 3577 poterit
2195 3525 2301 3563 non
2343 3510 2534 3560 erube-

1469 3598 1634 3647 scere,
1650 3582 1695 3635 si
1712 3583 1909 3637 elatum
1922 3581 2053 3647 quid
2083 3579 2397 3642 meditetur3
2414 3595 2538 3645 pro·

1468 3666 1646 3728 pterea
1672 3671 1778 3709 non
1804 3655 1981 3710 solum
2005 3663 2190 3708 contra
2203 3653 2531 3721 superbiam,

1469 3727 1562 3777 sed
1607 3735 1658 3776 et
1692 3735 1872 3783 contra
1916 3723 2046 3779 vitia
2092 3725 2337 3779 universa
2375 3724 2536 3782 valde

292 3805 644 3871 stificationes
664 3812 803 3863 tuas.
832 3805 1016 3865 Vides,
1044 3805 1171 3871 quia
1187 3805 1407 3863 humi-³
1468 3799 1599 3853 utile
1648 3808 1727 3850 est
1785 3796 1994 3851 homini
2062 3812 2274 3863 semper
2348 3796 2532 3851 videre

292 3874 417 3933 litas
456 3877 709 3947 justificat
738 3894 856 3933 nos.
886 3876 1178 3935 Humilitas
1216 3877 1359 3941 dixi,
1398 3880 1405 3925 ὅ
1466 3873 1732 3931 videntem
1775 3887 1861 3933 se,
1891 3871 2046 3933 etsie
2095 3871 2360 3927 attendere
2392 3885 2530 3945 ocu-7
