2784 4452
464 351 538 401 44
1128 339 1366 389 PRIMAE
1404 341 1649 392 PART1s
1681 343 1915 395 CAPUT
1947 343 2010 394 v,
2076 303 2084 310 ²

464 452 579 513 bis,
614 469 726 502 non
762 453 930 504 deerit
965 455 1265 505 necessitati
1311 467 1499 509 vestrae
1517 497 1531 520 ,

464 522 735 588 siquidem
775 539 871 574 nec
906 524 1125 574 facultas
1159 527 1342 577 deesse
1379 538 1532 594 pote-

464 592 553 652 rit,
597 608 693 643 nec
736 596 1002 655 voluntas»,
1040 597 1300 661 quoniam
1326 599 1532 664 Regina

462 663 722 713 coelorum
749 674 847 723 est,
872 674 924 714 et
946 665 1251 717 misericors
1284 677 1336 718 et
1363 669 1533 719 Mater

465 716 862 784 miserstordiae.
887 754 914 782 »
942 735 1007 784 Et
1039 734 1233 786 iterum
1262 754 1275 787 :
1301 756 1328 783 «
1351 739 1531 790 Altius

465 803 753 854 intuemini
784 816 987 870 quanto
1011 806 1313 859 devotionis
1336 809 1527 862 affectu

461 888 494 923 a
537 874 695 924 nobis
741 890 859 924 eam
905 876 1079 927 voluit
1124 878 1397 941 honorari,
1434 882 1528 948 qui

462 946 630 996 totius
671 947 797 997 boni
824 949 1214 1013 plenitudinem
1253 954 1435 1018 posuit
1471 955 1528 1005 in

462 1017 649 1078 Maria,
675 1030 736 1069 ut
759 1019 804 1069 si
833 1020 966 1085 quid
995 1021 1108 1086 spei
1152 1022 1209 1072 in
1237 1024 1399 1074 nobis
1426 1034 1525 1087 est,

463 1086 510 1137 si
537 1089 671 1153 quid
717 1091 924 1156 gratiae,
955 1090 999 1141 si
1044 1092 1175 1157 quid
1220 1095 1427 1155 salutis,
1460 1096 1528 1147 ab

462 1177 523 1211 ea
594 1165 904 1215 noverimus
974 1167 1270 1219 redundare
1321 1186 1334 1219 :
1387 1169 1528 1220 nihil

459 1232 606 1282 enim
637 1251 737 1285 nos
762 1236 958 1286 habere
993 1237 1164 1287 voluit
1194 1240 1355 1299 DeuS‚
1380 1241 1528 1304 quod

461 1318 556 1367 per
588 1321 782 1357 manus
818 1307 997 1358 Marioe
1030 1324 1140 1358 non
1177 1310 1429 1361 transiret
1455 1328 1468 1361 ε
1499 1331 1525 1359 n

462 1373 576 1424 haec
597 1377 933 1429 Ber-nardus.

529 1468 589 1502 12
627 1452 816 1500 Nom-:N
846 1452 972 1502 Jssu
994 1468 1527 1504 mmmmm-nun.—

462 1523 741 1585 Invenisti,
776 1522 1017 1587 inquam,
1057 1524 1319 1589 gratiam,
1359 1525 1528 1576 totius

458 1596 639 1664 gratiae
680 1596 965 1644 Auctorem
1013 1605 1357 1660 conceptura3
1401 1612 1526 1647 nam

459 1686 578 1723 ecce
607 1668 873 1735 concipies
903 1669 956 1719 in
986 1675 1135 1720 utero
1160 1669 1279 1720 sine
1315 1682 1526 1736 peccato

456 1753 509 1795 et
529 1743 753 1799 macula,
773 1754 840 1790 ac
850 1741 1039 1806 paries
1069 1741 1270 1792 Filium
1290 1743 1408 1792 sine
1426 1744 1526 1793 do—

455 1816 570 1866 lore
600 1823 652 1863 et
679 1812 915 1872 tristitia,
946 1812 1097 1879 virgo
1118 1828 1440 1878 permanens
1467 1814 1524 1863 in

456 1896 631 1953 partu,
664 1885 801 1934 sicut
827 1893 878 1934 et
907 1884 963 1933 in
997 1895 1271 1951 conceptu.
1303 1887 1370 1936 Et
1389 1886 1524 1937 bene

456 1960 588 2010 dicit
633 1958 898 2024 concipies
926 1958 979 2008 in
1011 1966 1192 2020 utero,·
1238 1959 1343 2023 jam
1375 1960 1523 2009 enim

456 2049 554 2100 per
579 2032 741 2082 fidem
765 2041 817 2081 et
845 2031 1184 2082 devotionem
1212 2043 1525 2099 conceperat

457 2120 584 2155 eum
634 2103 691 2152 in
740 2103 897 2153 corde
934 2117 1076 2153 suo:
1108 2112 1159 2153 et
1210 2103 1312 2152 hoc
1354 2104 1523 2153 modo

456 2176 717 2228 debemus
749 2191 848 2225 nos
879 2190 1002 2225 eum
1033 2175 1326 2243 concipere,
1369 2176 1524 2228 scili-

450 2258 537 2299 cet
566 2264 660 2313 per
687 2246 849 2297 fidem
881 2256 934 2296 et
958 2246 1320 2308 devotionem,
1354 2258 1407 2298 et
1427 2263 1522 2313 pa-

454 2334 570 2369 rere
612 2335 706 2385 per
756 2328 991 2368 sanctam
1034 2318 1420 2383 operationem.
1446 2319 1523 2368 Et

454 2392 671 2442 vocabis
712 2404 895 2441 nomen
931 2390 1047 2457 ejus
1090 2390 1293 2452 Jesum,
1327 2389 1381 2440 id
1420 2401 1518 2451 est,

456 2461 811 2518 Salvatorem.
887 2461 1007 2509 Non
1055 2460 1186 2511 dicit
1240 2460 1518 2527 impones,

456 2534 585 2599 quia
627 2534 729 2583 hoc
769 2548 969 2582 nomen
1009 2534 1077 2582 ab
1104 2543 1304 2583 aeterno
1354 2534 1460 2583 fuit
1490 2549 1521 2585 a

453 2604 566 2654 Deo
596 2605 749 2654 Patre
775 2602 1113 2669 impositum,
1143 2613 1196 2653 et
1220 2619 1314 2668 per
1336 2605 1519 2669 Ange-—

454 2674 568 2724 lum
612 2674 790 2724 Mariae
833 2683 885 2723 et
919 2674 1137 2738 Joseph‚
1185 2689 1244 2724 ac
1295 2689 1388 2739 per
1429 2691 1519 2726 eos

452 2747 576 2798 aliis
603 2747 955 2813 divulgatum.
988 2747 1101 2796 Hoc
1125 2746 1286 2797 etiam
1316 2764 1515 2798 nomen

450 2821 772 2886 impositum
809 2831 907 2880 est,
947 2821 1244 2871 secundum
1275 2822 1519 2887 proprie—

451 2901 614 2941 tatem
655 2891 907 2951 futuram,
944 2891 1072 2957 quia
1107 2892 1250 2942 salus
1291 2892 1516 2942 humani

448 2962 664 3028 generis
699 2961 879 3012 futura
907 2973 1017 3012 erat
1054 2978 1147 3028 per
1175 2963 1379 3021 Jesum,
1422 2963 1515 3029 qui

452 3033 604 3083 salus
652 3032 1059 3098 interpretatum
1102 3044 1154 3083 et
1185 3032 1304 3083 ideo
1333 3033 1520 3083 subdi-

451 3112 576 3153 tur:
608 3103 731 3168 Ipse
766 3103 904 3153 enim
948 3103 1156 3154 salvum
1175 3103 1368 3168 faciet,
1403 3120 1512 3154 non

451 3188 864 3238 quemcumque,
914 3169 1019 3223 sed‘
1042 3174 1298 3240 populum
1341 3189 1511 3235 suum,

450 3247 500 3297 ei
548 3246 750 3296 scilicet
789 3262 883 3312 per
925 3246 1086 3297 fidem
1131 3248 1512 3307 adhaerentem,

449 3329 502 3370 et
531 3319 709 3385 ipsum
733 3320 891 3370 bonis
910 3320 1164 3385 operibus
1189 3320 1512 3380 imitantem,

449 3405 484 3440 a
504 3391 745 3456 peccatis
772 3405 972 3441 eorum.
1005 3392 1070 3441 Et
1101 3407 1193 3456 per
1223 3391 1325 3440 hoc
1352 3401 1511 3441 nota-

450 3473 538 3513 tur
573 3478 758 3513 verum
800 3479 916 3513 esse
944 3464 1136 3524 Deum,
1184 3463 1312 3529 quia
1343 3463 1514 3515 solius

449 3534 545 3585 Dei
587 3544 666 3585 est
712 3536 910 3584 salvare
952 3550 982 3584 a
1025 3536 1268 3600 peccatiS,
1326 3545 1386 3584 ut
1438 3534 1513 3584 ait

450 3605 888 3673 chrysostomus,
968 3606 1204 3670 Populus
1272 3605 1510 3666 Christi,

450 3693 560 3727 non
598 3686 806 3728 tantum
865 3677 1011 3727 natio
1057 3678 1363 3728 Judaeorum
1413 3688 1510 3738 est,

446 3749 540 3798 sed
567 3764 756 3798 omnes
782 3764 998 3816 quoque
1033 3749 1127 3815 qui
1165 3749 1230 3798 ad
1259 3764 1383 3799 eum
1418 3765 1511 3799 ve-

449 3818 626 3878 niunt,
662 3821 883 3887 ejusque
927 3819 1190 3885 agnitioni
1222 3820 1508 3871 donantur.

450 3888 668 3938 Utinam
697 3901 749 3940 et
774 3906 859 3941 me
898 3900 1223 3956 peccatorem
1251 3890 1510 3956 digneris,

449 3959 680 4011 Domine
730 3962 874 4023 Jesu,
907 3977 1258 4013 annumerare
1311 3963 1511 4029 populo

1636 470 1749 520 tu0‚
1781 471 1842 512 ut
1873 462 2080 512 salvum
2110 478 2196 513 me
2224 462 2383 513 facias
2411 480 2442 515 a
2472 467 2725 530 peccatis

1639 532 1800 585 meis!

1709 602 1768 653 13
1806 604 2070 664 Quouono
2120 605 2275 655 Jesus
2330 622 2550 658 mertun
2620 626 2725 660 uA·

1638 673 1806 725 onus?
1844 702 1905 714 —
1949 675 2062 726 Hic
2111 676 2215 727 erit
2281 691 2512 742 mag-nus
2591 695 2722 731 non

1634 744 1855 810 quidem
1911 747 2096 796 eadem
2164 747 2544 813 magnitudine
2599 766 2723 816 qua

1635 816 1887 875 Joannes,
1926 817 1992 866 de
2031 832 2140 883 quo
2185 816 2347 867 etiarn
2385 819 2722 882 praedictum

1637 885 1807 936 fuerat
1844 903 1857 936 :
1888 886 2019 937 Erit
2060 887 2196 937 enim
2247 903 2478 953 magnus
2518 903 2722 942 coram

1635 956 1895 1018 Domin03
1945 958 2037 1007 sed
2079 957 2350 1018 dicuntur,
2400 960 2721 1010 secundum

1633 1028 1992 1089 Ambrosium,
2020 1027 2148 1094 quia
2197 1029 2429 1079 Joannes
2468 1045 2722 1095 magnus

1637 1106 1697 1147 ut
1749 1097 1915 1148 homo
1950 1113 2128 1148 coram
2157 1098 2411 1159 Domino,
2438 1100 2529 1149 hic
2575 1116 2720 1152 vero

1636 1183 1865 1233 magnus
1889 1177 1951 1217 ut
1969 1168 2112 1218 Deus
2135 1178 2188 1218 et
2212 1168 2308 1219 Dei
2339 1170 2530 1221 Filius.
2559 1171 2723 1223 Dicit

1634 1248 1814 1288 autem
1847 1256 1860 1289 :
1890 1240 2001 1289 Hic
2019 1239 2123 1289 erit
2144 1253 2391 1304 magnus,
2416 1256 2527 1290 non
2552 1244 2721 1308 quod

1633 1318 1758 1360 ante
1811 1320 2024 1375 partum
2096 1309 2338 1375 Virginis
2381 1326 2488 1359 non
2538 1311 2722 1364 fuerit

1635 1396 1883 1447 magnus,
1921 1395 2132 1446 semper
2168 1379 2314 1430 enim
2340 1380 2444 1429 fuit
2468 1396 2721 1448 magnus

1633 1452 1776 1502 Deus
1799 1452 1813 1515 ξ
1847 1452 1938 1502 sed
1967 1451 2180 1502 futurus
2209 1451 2311 1501 erit
2333 1467 2571 1517 >magnus
2600 1454 2720 1505 ho-

1635 1540 1750 1588 mo;
1773 1525 1901 1592 quia
1928 1522 2382 1590 magnificentiam
2412 1541 2576 1591 quarn
2602 1528 2719 1578 ha-

1637 1597 1757 1647 buit
1813 1599 1854 1647 F
1859 1596 1986 1646 ilius
2048 1596 2143 1646 Dei
2201 1597 2522 1646 aeternaliter
2609 1615 2718 1664 per

1634 1680 1897 1731 naturam,
1924 1679 2234 1735 accepturus
2261 1679 2372 1719 erat
2394 1668 2540 1719 filius
2576 1671 2715 1722 Vir-

1631 1740 1775 1806 ginis
1827 1756 1891 1790 ex
1945 1750 2185 1804 tempore
2227 1755 2319 1805 per
2355 1740 2604 1804 gratiam,
2655 1752 2715 1792 et

1629 1813 1945 1863 aeternaliter
1995 1812 2305 1872 habituruS,
2360 1822 2419 1863 ut
2461 1829 2571 1863 una
2631 1816 2713 1867 sit

1631 1903 1857 1954 persona
1908 1887 2074 1937 homo
2126 1897 2176 1937 et
2232 1887 2391 1936 DeuS.
2442 1888 2506 1936 Et
2558 1888 2710 1940 bene

1630 1975 1879 2026 magnust,
1920 1961 2014 2027 qui
2060 1960 2239 2011 Filius
2267 1960 2540 2011 Altissimi
2583 1978 2711 2013 me-

1629 2031 1835 2082 rebitur
1873 2031 2146 2097 appellari.
2201 2031 2355 2082 Unde
2404 2031 2706 2096 sequitur:

1629 2102 1708 2151 Et
1748 2101 1928 2152 Filius
1975 2101 2175 2152 scilicet
2217 2100 2475 2150 naturalis
2518 2102 2710 2152 Altis-

1629 2173 2094 2237 simi'tg'vocabiiur,
2146 2173 2199 2222 id
2238 2183 2336 2234 est,
2373 2173 2545 2239 ipsius
2594 2174 2706 2224 Dei

1629 2247 1722 2314 qui
1776 2249 1924 2298 solus
1969 2258 2050 2298 est
2103 2246 2433 2296 Altissimus.
2512 2248 2706 2299 Homo

1628 2317 1776 2367 enim
1804 2319 1944 2367 altus
1966 2327 2054 2368 est
2098 2317 2237 2366 inter
2268 2326 2532 2366 creaturas
2571 2332 2705 2368 cor-

1629 2392 1861 2455 porales;
1910 2391 2001 2441 sed
2051 2391 2291 2456 Angelus
2320 2389 2503 2452 altior3
2546 2390 2704 2443 Deus

1628 2471 1806 2511 autem
1830 2461 2143 2511 altissimus.

1705 2547 1771 2597 14
1803 2532 1946 2592 Qum
1973 2546 2298 2582 smmi-neem·
2329 2546 2484 2582 sanas
2517 2531 2704 2582 DAvm

1627 2620 1695 2654 ET
1725 2620 1899 2655 nouus
1927 2603 2131 2654 JAcon?
2180 2632 2241 2640 —
2278 2603 2356 2652 Et
2403 2602 2555 2652 dabit
2608 2603 2704 2655 illi

1627 2677 1890 2728 Dominus
1938 2677 2087 2727 Deus
2124 2676 2317 2736 sedem,
2364 2674 2417 2724 id
2460 2684 2558 2734 est,
2600 2691 2702 2726 re-

1623 2763 1792 2813 gnum
1816 2747 1999 2798 David
2013 2747 2194 2813 patris
2220 2746 2351 2813 ejus.
2378 2746 2700 2797 Secundum

1622 2821 1844 2882 Baiani,
1888 2821 2033 2886 quod
2061 2820 2298 2884 Angelus
2349 2818 2498 2884 prius
2549 2818 2703 2871 dixit

1623 2890 1902 2942 Christum
1954 2889 2153 2940 Filium
2201 2888 2485 2947 altissimi,
2542 2905 2700 2941 nunc

1621 2977 1748 3012 vero
1793 2970 1995 3027 patrem
2043 2976 2203 3011 suum
2247 2959 2386 3009 dixit
2431 2973 2548 3008 esse
2578 2959 2700 3011 Da-

1623 3034 1731 3095 vid,
1768 3050 1864 3100 per
1911 3034 2014 3083 hoc
2044 3033 2315 3083 evidenter
2351 3032 2701 3084 demonstrat

1622 3107 1755 3156 duas
1787 3116 2001 3156 naturas
2029 3104 2086 3155 in
2119 3118 2229 3153 una
2261 3118 2488 3168 persona
2520 3102 2699 3153 Chri-

1622 3177 1691 3227 sti
1722 3193 1737 3226 :
1763 3176 2022 3236 divinam,
2070 3175 2365 3225 secundum
2401 3188 2566 3239 quam
2604 3184 2699 3224 est

1621 3249 1792 3300 Filius
1817 3248 1933 3309 Dei,
1965 3259 2017 3298 et
2045 3249 2358 3306 humanam,
2385 3247 2696 3298 secundum

1622 3334 1783 3386 quam
1818 3329 1897 3378 est
1923 3318 2068 3369 filius
2093 3318 2279 3368 David.
2303 3317 2471 3367 Dabit
2500 3326 2696 3367 autem

1620 3392 1671 3443 ei
1696 3392 1871 3442 sedem
1901 3391 2098 3452 David,
2135 3406 2242 3439 non
2286 3389 2540 3456 typicam,
2590 3390 2696 3439 sed

1622 3479 1828 3527 veram3
1857 3479 1968 3513 non
2007 3461 2375 3528 temporalem,
2411 3460 2503 3508 sed
2527 3469 2697 3509 ceter-

1624 3549 1779 3597 nam3
1829 3549 1938 3583 non
2005 3542 2301 3590 terrenam,
2360 3530 2452 3579 sed
2524 3530 2697 3581 coele-—

1622 3616 1777 3666 stem,
1839 3621 1959 3671 quae
2019 3604 2216 3654 idcirco
2269 3601 2467 3651 dicitur
2514 3599 2695 3652 fuisse

1620 3679 1813 3741 I)avid;
1843 3678 1970 3745 quia
2002 3672 2199 3727 haec'in
2226 3691 2332 3741 qua
2355 3674 2523 3724 David
2550 3684 2695 3724 tem-

1619 3749 1872 3815 poraliter
1897 3748 2067 3806 sedit,
2099 3757 2307 3797 aeternae
2342 3746 2489 3795 illius
2539 3744 2693 3796 ima-

1619 3819 1801 3885 ginem
1834 3819 2062 3884 gerebat.
2108 3818 2261 3868 Unde
2285 3817 2435 3868 Beda
2478 3834 2496 3866 .-
2523 3835 2551 3862 α
2577 3818 2693 3866 Ac-

1620 3889 1758 3955 cepit
1804 3900 1981 3939 autem
2029 3888 2239 3948 sedem,
2292 3888 2403 3938 sive
2450 3903 2690 3954 regnum

1618 3960 1785 4012 David
1811 3958 2095 4020 DominuS‚
2123 3969 2184 4010 ut
2206 3968 2418 4025 gentem
2455 3959 2542 4009 cui
2575 3959 2690 4010 Da—
2747 4025 2752 4036 ἦ
