2784 4452
692 358 1046 410 SERMONIS
1080 358 1151 409 IN
1179 357 1435 409 MONTE
1460 357 1978 408 CONTINUATIO.

227 472 338 524 sale
379 473 655 539 sapientiae
683 473 938 533 condivit,
977 472 1296 523 infatuatum

226 545 401 596 dicere
442 556 494 598 et
534 545 745 595 salienti
780 547 1051 611 derogare.
1085 546 1297 611 Moyses

225 632 355 683 ergo
387 627 439 667 et
477 617 586 667 Lex
623 616 851 667 securim
893 616 1074 682 posuit
1110 617 1176 666 ad
1204 631 1295 666 ra-

227 702 381 737 mum
430 686 657 747 arboriS,
716 687 1010 752 prohibens
1059 686 1296 736 homici-

226 757 381 807 dium
415 772 431 820 ;
502 757 753 808 Christus
837 773 962 808 vero
1035 768 1295 823 tanquam

225 829 442 896 sapiens
484 830 717 895 agricola
745 839 798 880 et
826 830 1177 896 Evangelium
1204 846 1294 880 se-

223 902 397 953 curim
422 902 602 969 posuit
626 903 692 952 ad
720 902 969 964 radicem,
1000 903 1295 969 prohibens

222 971 393 1032 iram,
447 983 509 1022 ut
549 988 770 1022 omnem
821 973 1051 1024 radicem
1099 974 1292 1039 peccati

222 1044 289 1095 de
340 1044 591 1095 cordibus
640 1044 840 1094 nostris
877 1044 1126 1105 auferret,
1167 1044 1294 1111 quia

219 1132 316 1183 per
341 1117 670 1167 iracundiam
695 1117 856 1167 etiam
886 1132 1058 1183 usque
1086 1118 1151 1167 ad
1189 1117 1292 1166 ho-

220 1189 501 1239 micidium
537 1189 806 1254 perveniri
836 1201 1030 1255 potest.
1061 1189 1127 1239 Et
1156 1190 1292 1239 bene

215 1261 410 1328 incipit
431 1262 498 1312 ab
528 1262 623 1322 ira,
649 1262 794 1327 quia,
817 1263 1112 1330 secundum
1135 1262 1291 1313 Glos—

213 1347 352 1395 sam,
403 1334 559 1397 janua
610 1333 857 1382 omnium
911 1333 1166 1383 vitiorum
1210 1342 1290 1382 est

215 1403 494 1455 iracundia
532 1423 546 1455 ε
601 1422 708 1471 qua
752 1407 948 1465 clausa,
995 1405 1288 1456 virtutibus

210 1478 535 1530 intrinsecus
570 1481 788 1530 dabitur
816 1480 1065 1546 requies3
1108 1490 1286 1546 aperta

212 1563 292 1608 ea,
325 1549 389 1605 ad
413 1565 575 1599 omne
603 1549 808 1600 facinus
839 1550 1137 1600 armabitur
1162 1551 1284 1601 ani-

211 1634 356 1670 muS.
401 1621 709 1670 Secundum
751 1621 1167 1686 Hieronymum,
1209 1621 1287 1671 ira

211 1702 293 1743 est
336 1693 516 1743 omnis
560 1695 734 1744 malus
772 1704 952 1744 motus
985 1695 1050 1744 ad
1089 1711 1286 1745 nocen-

210 1764 378 1827 dum;
411 1775 502 1814 aut
531 1780 657 1830 ergo
690 1766 863 1832 surgit
896 1766 1091 1827 subito,
1130 1778 1181 1817 et
1210 1768 1285 1818 sic

179 1835 182 1836 ⁷
210 1845 293 1885 est
321 1835 545 1896 veniale,
586 1845 678 1886 aut
714 1852 778 1887 ex
814 1837 1201 1888 deliberatione
1232 1849 1285 1888 et

210 1920 502 1968 consensu,
532 1916 584 1956 et
613 1907 690 1956 sic
720 1917 801 1957 est
828 1909 1069 1959 mortale.
1098 1908 1284 1959 Consi-

209 1977 509 2027 derandum
555 1987 734 2028 tamen
777 1981 919 2045 quod
948 1980 1070 2030 licet
1092 1980 1171 2030 ira
1212 1981 1284 2031 sit

212 2057 511 2113 peccatum,
565 2063 673 2097 non
717 2058 897 2098 tamen
928 2050 1106 2100 omnis
1155 2050 1278 2100 ira:

210 2117 290 2167 ira
337 2118 485 2167 enim
543 2128 623 2168 est
666 2119 935 2185 appetitus
984 2120 1277 2183 vindictae3

201 2190 443 2242 vindicta
476 2201 672 2253 autem,
704 2193 749 2243 si
776 2192 845 2243 sit
873 2193 1029 2259 justa,
1060 2209 1171 2244 non
1199 2204 1280 2245 est

200 2275 478 2330 peccatum
505 2281 621 2314 earn
668 2278 930 2332 appetere.
976 2268 1070 2317 Est
1098 2278 1276 2317 autern

203 2334 403 2399 injusta
435 2337 855 2402 quadrupliciter
876 2354 889 2387 ε
915 2339 998 2387 vel
1017 2338 1276 2404 quoniam

200 2404 473 2469 appetitur
528 2421 685 2470 poena
723 2407 837 2471 ejus
880 2407 1113 2473 quinon
1158 2424 1277 2459 me-

199 2474 312 2525 ruit
349 2490 363 2538 ;
423 2476 506 2525 vel
580 2478 850 2542 appetitur
924 2478 1044 2544 plus
1112 2495 1277 2546 quam

200 2546 436 2609 meruit3
463 2548 545 2597 vel
576 2549 621 2598 si
652 2558 929 2615 appetatur
963 2551 1151 2601 ordine
1177 2552 1276 2602 de-

200 2614 316 2666 bito
347 2618 746 2682 praetermiss03
781 2620 864 2669 vel
898 2620 1025 2686 quia
1063 2623 1276 2688 appeti-

199 2695 292 2737 tur
343 2696 558 2752 propter
613 2689 917 2740 indebitum
966 2689 1165 2761 finem,
1216 2702 1276 2744 ut

199 2761 421 2824 quando
480 2761 752 2826 appetitur
824 2764 1000 2813 solum
1058 2776 1275 2831 propter

197 2828 508 2892 vindictam,
562 2847 671 2880 non
727 2843 943 2898 propter
993 2834 1273 2899 justitiam.

199 2898 455 2951 Christus
498 2901 681 2967 itaque
722 2902 927 2953 radices
955 2904 1273 2957 inimicitia-

168 2985 322 3021 rum
353 3011 367 3035 ,
417 2973 683 3039 ipsosque
751 2974 927 3025 fontes
980 2992 1075 3041 per
1133 2994 1271 3044 quos

197 3040 431 3093 charitas
483 3045 657 3111 necari
711 3046 850 3096 solet
903 3047 1267 3114 intercipienS,

196 3114 377 3164 studet
420 3131 521 3165 nos
563 3117 768 3168 mutuis
804 3118 958 3168 nobis
994 3119 1270 3171 charitatis

198 3184 429 3235 nexibus
454 3186 723 3252 colligare,
739 3190 881 3254 quod
904 3199 1101 3250 tamen,
1128 3189 1266 3241 heu!

194 3270 388 3321 parum
445 3273 698 3310 curamus
753 3262 1040 3312 advertere.
1112 3263 1267 3314 Unde

194 3327 622 3409 Chrysostomus
657 3349 674 3382 .-
719 3351 747 3379 α
794 3335 859 3385 Et
905 3350 1006 3385 nos
1044 3336 1265 3402 quidem

191 3413 421 3463 majores
486 3411 701 3452 nostros
765 3414 817 3454 et
884 3406 1213 3469 potentiores
1249 3446 1263 3467 ,

189 3468 403 3520 etiarnsi
429 3471 642 3538 injuriis
680 3485 731 3524 et
763 3478 1108 3528 contumeliis
1130 3494 1261 3528 con-

188 3547 272 3590 tra
326 3556 424 3590 nos
469 3553 660 3608 agant,
708 3544 961 3608 ferimus,
1020 3558 1263 3598 verentes

188 3625 260 3661 ne
300 3612 431 3678 quid
474 3615 542 3663 ab
587 3615 665 3665 eis
709 3617 922 3681 gravius
964 3619 1257 3685 patiamur3

185 3697 312 3749 erga
339 3688 571 3752 aequales
594 3703 718 3739 vero
742 3691 825 3740 vel
854 3690 1156 3755 inferiores,
1184 3693 1263 3742 in-

183 3757 399 3807 terdum
433 3775 528 3810 nec
558 3760 666 3810 laesi
698 3761 1002 3828 irascimur,
1051 3764 1107 3814 in
1136 3774 1259 3815 tan-

184 3835 304 3877 tum
349 3829 622 3881 humanus
683 3844 858 3884 metus
912 3835 1108 3887 timore
1158 3836 1256 3887 Dei

183 3902 531 3966 praeponitur.
564 3904 706 3965 Noli,
740 3906 936 3972 inquit,
968 3908 1122 3959 irasci
1149 3908 1258 3959 fra-

183 3969 257 4021 tri
284 3980 379 4022 tuo
410 3973 527 4024 sine
557 3990 747 4040 causa;
775 3992 900 4027 nam
934 3979 1112 4029 multo
1152 3978 1255 4030 hoc

2369 355 2473 407 325

1407 472 1577 521 levius
1613 482 1710 530 est,
1759 488 1923 538 quam
1953 472 1999 521 si
2035 481 2094 522 tu
2128 471 2297 522 alium
2342 470 2479 522 feras

1406 543 1721 594 irascentem
1775 544 1872 595 tibi
1934 544 2054 594 sine
2110 559 2287 594 causa.
2336 543 2478 594 Cum

1406 632 1552 682 erg0,
1582 617 1727 682 quod
1748 618 1921 680 majus
1951 627 2048 677 est,
2076 626 2295 682 propter
2320 616 2477 666 timo-

1404 703 1520 737 rem
1549 687 1839 737 hominum
1872 687 2026 746 feraS,
2060 697 2277 752 propter
2305 687 2474 736 timo-

1403 773 1517 808 rem
1560 758 1657 808 Dei
1698 774 1764 808 ne
1801 758 2097 814 minimum
2140 757 2361 823 quidem
2391 772 2477 822 pa-

1403 828 1595 879 tieris?
1628 849 1655 877 n
1697 830 1809 879 haec
1850 829 2292 897 Chrysostomus.
2325 828 2391 878 Et
2425 826 2474 878 si

1401 902 1720 966 prohibetur
1752 902 1828 953 ira
1861 918 2063 963 recenS,
2096 902 2268 951 multo
2298 901 2473 967 magis

1400 971 1707 1032 inveterata,
1732 983 1793 1023 ut
1812 972 1944 1022 dicit
1958 973 2333 1038 Augustinus:
2361 990 2388 1018 «
2413 970 2469 1021 Si

1399 1043 1553 1094 irasci
1593 1059 1702 1093 non
1733 1054 1814 1095 est
1843 1044 1923 1095 fas
1952 1043 2121 1100 fratri,
2171 1054 2263 1093 aut
2292 1043 2471 1093 dicere

1397 1115 1569 1176 Raca,
1615 1125 1707 1165 aut
1756 1116 1931 1165 Fatue
1953 1133 1970 1166 .·
2000 1116 2172 1164 multo
2204 1114 2374 1180 magis
2408 1113 2467 1162 in

1396 1185 1578 1236 animo
1609 1198 1789 1237 tenere
1830 1188 2057 1254 aliquid,
2096 1197 2159 1237 ut
2190 1186 2246 1237 in
2277 1187 2467 1237 odium

1396 1258 1696 1325 indignatio
1735 1271 2093 1312 convertatur.
2128 1280 2155 1307 »

1457 1329 1490 1378 8
1526 1332 1940 1381 thcoucruAt-to
1982 1347 2164 1381 ΑυτεΜ
2204 1346 2464 1398 Juqssrun,

1392 1414 1805 1458 uunentnusouss
1830 1417 2222 1452 ANTEPONITUR.
2256 1429 2317 1440 —
2343 1401 2466 1450 Ideo

1392 1488 1457 1521 ex
1481 1474 1776 1538 praemissis
1796 1475 2084 1534 concludit,
2112 1475 2257 1541 quod
2281 1476 2467 1526 volens

1391 1546 1581 1597 offerre
1608 1547 1722 1597 Deo
1750 1548 1804 1597 in
1856 1548 2007 1599 altari
2052 1547 2174 1598 fidei
2204 1558 2257 1598 et
2290 1548 2467 1598 cordis

1390 1616 1475 1666 sui
1547 1619 1911 1684 quodcunque
1970 1633 2161 1668 munus
2173 1657 2191 1681 ,
2263 1617 2465 1668 scilicet

1389 1690 1584 1751 cordis,
1642 1690 1769 1752 oris,
1804 1691 2001 1757 operiS,
2046 1692 2159 1741 sive
2208 1690 2464 1750 hostiam,

1390 1760 1503 1811 sive
1535 1763 1952 1828 eleemosynam,
1988 1762 2099 1813 sive
2140 1762 2463 1821 doctrinam,

1388 1831 1500 1882 sive
1534 1833 1854 1894 orationem,
1889 1833 2001 1883 sive
2026 1834 2312 1898 hymnum,
2346 1832 2461 1883 sive

1387 1906 1676 1969 psalmum,
1734 1907 1847 1957 sive
1899 1907 2046 1957 aliud
2095 1906 2463 1971 spiritualium

1385 1976 1469 2025 vel
1526 1978 1885 2042 corporalium
1944 1978 2234 2039 donorum,
2278 1976 2459 2042 priuS,

1384 2046 1543 2096 debet
1587 2048 1931 2099 reconciliari
1957 2047 2161 2111 fratri,
2192 2047 2320 2097 laeso
2363 2061 2461 2097 seu

1384 2118 1593 2167 offenso
1638 2135 1733 2183 per
1772 2134 1898 2169 eum
1952 2120 2116 2169 verbo
2162 2120 2244 2170 vel
2300 2118 2458 2179 factu,

1384 2190 1585 2240 damno
1616 2191 1878 2258 corporali
1908 2192 1989 2241 vel
2017 2191 2304 2257 spirituali,
2331 2190 2460 2258 quia

1384 2278 1586 2312 munus
1644 2279 1751 2313 non
1813 2263 2102 2328 accipitur,
2168 2264 2272 2314 nisi
2332 2273 2458 2314 ante

1382 2333 1653 2385 discordia
1680 2337 1747 2384 ab
1775 2338 1958 2386 animo
1979 2337 2280 2402 repellatur.
2307 2336 2454 2387 Deus

1382 2407 1587 2474 quippe
1647 2424 1753 2458 non
1813 2424 2016 2460 munus
2068 2411 2307 2476 repellit,
2359 2409 2456 2460 sed.

1381 2480 1695 2531 charitatem
1738 2482 1968 2547 proximi
2004 2484 2218 2549 quaerit,
2253 2494 2305 2534 et
2332 2483 2455 2533 ideo

1379 2552 1697 2604 charitatem
1732 2554 1882 2621 prius
1917 2555 2163 2621 proximo
2197 2556 2453 2616 exsolvat,

1379 2622 1477 2689 qui
1518 2640 1717 2675 munus
1759 2641 1919 2676 suum
1957 2627 2069 2677 Deo
2116 2627 2320 2692 placere
2355 2642 2454 2677 ex·-

1379 2702 1543 2759 optat.
1563 2695 1762 2745 Munus
1777 2696 1924 2745 enim
1946 2697 2059 2746 Deo
2080 2697 2320 2747 oblatum
2337 2713 2450 2748 non.

1379 2765 1590 2831 proficit
1643 2767 1746 2834 ipsi
1799 2768 2061 2828 offerenti,
2115 2769 2217 2819 nisi
2273 2769 2345 2821 sit
2396 2770 2453 2820 in

1377 2836 1654 2889 charitate.
1725 2838 2053 2889 Charitatem
2104 2849 2283 2890 autem
2339 2855 2451 2890 non

1377 2906 1557 2968 habet,
1612 2909 1718 2959 nisi
1750 2910 1999 2974 proximo
2044 2925 2138 2976 per
2165 2926 2290 2961 eum
2318 2911 2449 2961 laeso

1375 2978 1503 3027 velit
1527 2978 1845 3029 satisfacere.
1867 2979 1973 3030 Ubi
1995 2980 2278 3032 sciendum
2299 2980 2448 3047 quod

1375 3046 1421 3095 si
1488 3049 1771 3098 commode
1820 3048 1990 3114 possit
2034 3050 2218 3101 haberi
2277 3050 2451 3116 ipsius

1373 3118 1552 3169 fratris
1593 3119 1782 3170 offensi
1823 3122 2125 3186 praesentia,
2157 3133 2284 3172 tunc
2321 3137 2448 3187 per-

1372 3189 1609 3254 gendum
1655 3200 1736 3241 est
1786 3192 1852 3241 ad
1908 3207 2033 3242 eum
2073 3193 2300 3258 pedibus
2337 3207 2448 3241 cor-

1373 3259 1538 3324 poriS,
1569 3271 1624 3311 et
1667 3263 1995 3313 revocandus
2020 3274 2100 3314 est
2132 3262 2188 3311 in
2217 3261 2446 3327 gratiam

1372 3330 1784 3395 satisfaciend0‚
1843 3336 1927 3385 vel
1981 3334 2191 3385 veniam
2251 3342 2446 3398 postu-

1372 3403 1550 3453 lando,
1590 3405 1646 3454 Si
1681 3415 1860 3456 autem
1886 3408 2000 3473 ejus
2029 3405 2311 3472 praesentia
2335 3421 2444 3456 non

1370 3477 1541 3540 possit
1566 3481 1848 3530 commode
1879 3479 2084 3538 haberi,
2128 3488 2257 3527 tunc
2288 3478 2443 3529 suffi-

1368 3546 1441 3596 cit
1497 3548 1563 3597 ad
1620 3565 1744 3600 eum
1796 3550 1874 3600 ire
1925 3549 2152 3613 pedibus
2202 3549 2442 3610 mentis,

1370 3621 1752 3683 prosternendo
1800 3632 1852 3671 et
1901 3620 2182 3670 subdendo
2234 3636 2292 3671 se
2341 3620 2442 3685 illi,

1369 3688 1477 3752 piis
1527 3690 1668 3741 votis
1719 3699 1773 3740 et
1819 3689 2009 3740 affectu
2065 3689 2281 3749 humili,
2335 3690 2441 3742 ha-

1369 3758 1545 3810 bendo
1621 3761 1963 3826 propositum
2037 3759 2440 3821 satisfaciendi,

1365 3828 1483 3879 loco
1523 3840 1574 3880 et
1599 3841 1840 3896 tempore
1871 3831 2215 3898 competenti.
2246 3832 2312 3882 Et
2338 3832 2443 3884 hoc

1364 3903 1529 3952 modo
1556 3903 1728 3952 utitur
1754 3904 1988 3955 Ecclesia
2027 3907 2286 3964 Romana,
2316 3920 2439 3972 quae

1365 3989 1518 4024 reum
1575 3974 1921 4027 confitentem
1965 3977 2213 4039 absolvit,
2247 3988 2300 4028 et
2325 3978 2431 4029 sibi
