2784 4452
202 287 305 355 372

200 404 268 456 de
318 402 496 454 futura
549 402 660 454 vita
706 402 897 463 simus,
939 402 1068 468 quia
1093 415 1266 467 neque

200 477 268 528 de
313 475 560 543 praesenti
598 475 724 526 certi
753 485 805 526 et
847 474 1018 526 securi
1059 488 1264 526 sumus.

202 548 362 599 Unde
402 546 689 598 Anselmus
715 562 733 596 .·
765 563 795 593 α
827 546 957 597 Puta
1003 555 1053 595 te
1082 542 1265 610 quoti-

198 619 287 670 die
330 618 673 679 moriturum,
705 626 758 667 et
792 617 858 667 de
899 616 1131 666 crastino
1154 629 1267 664 non

200 688 478 757 cogitabis.
503 708 531 736 n
564 688 721 740 Unde
741 696 792 738 et
810 687 1014 738 Seneca
1044 703 1061 737 .-
1091 704 1119 732 (ι
1142 686 1271 737 Om-

201 760 292 811 nis
347 759 463 811 dies
506 759 644 811 sicut
671 759 863 808 ultima
907 766 986 808 est
1012 756 1271 807 ordinan-

200 834 286 885 da.
317 851 346 881 n
375 831 582 883 Sufficit
625 847 751 897 ergo
795 828 953 881 nobis
995 828 1271 895 praesentis

199 903 457 970 cogitatio
494 902 779 968 temporis;
824 899 1128 951 futurorum
1173 915 1271 949 cu-

201 989 337 1035 ram,
375 988 497 1039 quae
523 972 722 1022 incerta
750 979 848 1030 est,
887 970 1271 1040 relinquamus.

208 1047 499 1099 Crastinus
541 1045 678 1096 enim
722 1043 838 1094 dies
870 1043 1135 1094 sollicitus
1170 1043 1275 1094 erit

207 1118 436 1185 sibiipsi,
475 1116 528 1165 id
571 1125 653 1166 est
679 1114 795 1181 ipse
834 1112 984 1164 affert
1006 1114 1273 1164 sollicitu-

207 1189 393 1239 dinem
426 1201 578 1237 suam
626 1201 807 1236 secum
830 1224 844 1250 ,
896 1185 1025 1252 quia
1063 1194 1275 1250 tempus

206 1259 453 1311 futurum
542 1256 761 1307 habebit
854 1255 1275 1306 sollicitudinem

206 1347 381 1391 suam,
437 1328 542 1380 sibi
588 1345 877 1396 congruam
928 1339 981 1379 et
1020 1328 1274 1388 debitam,

206 1402 348 1455 sicut
370 1410 513 1468 patet
541 1401 686 1467 quod
716 1416 781 1452 ex
812 1399 1108 1452 variatione
1132 1409 1276 1449 tem-

208 1474 356 1543 poris
378 1483 663 1526 occurrunt
686 1474 831 1525 varia
859 1473 1050 1537 fienda,
1069 1473 1134 1523 de
1164 1472 1280 1538 qui-

209 1552 315 1600 bus
341 1547 540 1599 sufficit
562 1557 692 1597 tunc
727 1545 999 1598 sollicitari
1036 1561 1158 1595 cum
1182 1560 1278 1595 ve-

212 1618 351 1671 nerit
375 1633 562 1669 eorum
586 1617 735 1668 hora.
767 1618 843 1667 Ac
864 1617 910 1667 si
938 1617 1078 1667 dicat
1100 1633 1114 1667 z
1139 1616 1278 1667 Cum

210 1691 426 1743 futurus
455 1688 570 1738 dies
614 1687 902 1749 advenerit,
929 1688 995 1738 de
1032 1687 1149 1753 ipso
1180 1703 1280 1737 cu-

211 1760 439 1823 rabitis,
484 1769 536 1810 et
598 1775 707 1809 non
745 1769 896 1823 ante;
947 1759 1084 1809 sicut
1135 1759 1279 1809 enim

212 1833 531 1886 hodiernam
562 1831 976 1883 sollicitudinem
1023 1846 1134 1881 non
1191 1831 1283 1882 in-

211 1906 413 1958 terdico
439 1943 454 1965 ,
508 1904 581 1955 ita
633 1918 731 1954 nec
780 1902 1099 1964 crastinam,
1134 1912 1283 1970 post-

215 1991 379 2044 quam
416 1974 677 2025 crastinus
731 1974 846 2024 dies
891 1974 1177 2026 advenerit.
1214 1974 1286 2025 Et

215 2046 513 2100 secundum
536 2045 642 2095 hoc
664 2044 721 2095 in
756 2045 1042 2112 praedictis,
1068 2045 1172 2095 hoc
1198 2061 1289 2094 no·

217 2132 344 2169 men
366 2116 628 2167 sollicitus
655 2115 785 2165 dicit
809 2115 1126 2166 anxietatem
1160 2130 1288 2166 ava-

219 2188 374 2251 ritiae,
429 2201 551 2254 quae
600 2201 810 2253 semper
857 2196 936 2237 est
992 2185 1242 2253 fugienda
1272 2201 1286 2236 ε

218 2259 310 2311 hic
341 2258 718 2309 discretionem
770 2258 1136 2324 providentiae,
1170 2271 1291 2322 quae

221 2329 289 2379 de
321 2327 672 2394 praesentibus
715 2342 823 2376 non
858 2326 925 2376 de
974 2325 1170 2376 futuris
1212 2335 1293 2375 est

222 2398 489 2449 habenda.
535 2397 616 2446 Sit
657 2411 781 2463 ergo
832 2396 1128 2446 hodiernus
1178 2395 1294 2445 dies

223 2470 293 2521 de
322 2484 380 2520 se
403 2467 666 2518 sollicitus
693 2466 1083 2528 tantummod0‚
1113 2475 1166 2516 et
1188 2481 1291 2514 non

222 2541 291 2592 de
319 2539 426 2589 alio
457 2555 471 2588 ε
503 2538 715 2604 Sufficit
746 2536 893 2587 enim
940 2537 1049 2588 diei
1084 2537 1296 2587 malitia

225 2627 344 2675 sua,
375 2611 429 2661 id
458 2620 539 2661 est
568 2610 790 2660 cuilibet
821 2610 1047 2677 tempori
1072 2610 1220 2660 labor
1248 2618 1300 2661 et

225 2681 484 2748 fatigatio,
530 2679 801 2731 calamitas
836 2689 889 2731 et
911 2679 1180 2739 contritio,
1210 2680 1300 2729 do-

226 2756 311 2806 lor
351 2762 403 2804 et
434 2752 670 2813 tristitia,
704 2751 923 2802 afflictio
955 2761 1008 2802 et
1033 2751 1297 2817 angustia,

225 2822 532 2876 sollicitudo
589 2831 640 2873 et
697 2837 840 2872 cura.
881 2821 1034 2872 Unde
1091 2821 1300 2871 malitia

228 2896 322 2948 hic
353 2894 568 2958 dicitur,
600 2910 708 2944 non
731 2894 935 2944 malum
961 2893 1127 2959 culpae
1154 2892 1302 2959 quod

229 2967 463 3034 agimus,
491 2965 584 3016 sed
613 2965 815 3015 malum
846 2980 1015 3030 poenae
1042 2964 1187 3030 quod
1216 2979 1301 3030 pa·

230 3038 422 3090 timur.
480 3037 539 3085 In
598 3045 739 3086 statu
784 3035 928 3085 enim
990 3033 1305 3085 innocentiae

233 3124 346 3159 non
375 3105 695 3171 indiguisset
727 3104 895 3156 homo
917 3105 1009 3155 tali
1039 3103 1305 3155 sollicitu-

235 3178 389 3241 dine;
416 3192 477 3228 ac
495 3177 540 3227 si
563 3176 702 3227 dicat
726 3191 739 3225 τ
772 3176 894 3226 Non
923 3185 1132 3241 oportet
1160 3176 1304 3243 quod

234 3249 443 3301 laboret
460 3248 722 3314 cogitatus
749 3246 817 3296 ad
850 3246 1157 3297 habendum
1185 3247 1307 3298 vitae

235 3319 548 3379 necessaria,
575 3319 827 3384 diemque
852 3317 1157 3383 praeveniat,
1182 3317 1310 3384 quia

238 3393 307 3443 ad
347 3392 451 3441 hoc
484 3390 683 3441 sufficit
720 3389 835 3439 dies
868 3405 978 3457 quo
1017 3389 1312 3440 necessaria

239 3477 455 3514 sumere
514 3469 782 3526 oporteat3
838 3475 963 3510 cum
1014 3459 1159 3510 enim
1213 3475 1310 3525 pro

242 3549 303 3586 se
334 3547 490 3584 suam
516 3531 710 3582 habeat
732 3531 1167 3595 sollicitudinem,
1200 3547 1311 3582 non

244 3612 456 3670 oportet
482 3602 676 3653 addere
696 3601 874 3652 aliam.
905 3602 1016 3652 Cur
1037 3617 1164 3668 ergo
1193 3617 1315 3652 ma·

237 3676 421 3728 >litiam
472 3675 710 3736 malitiae,
740 3675 977 3726 laborem
1006 3675 1194 3737 labori,
1216 3690 1313 3726 cu-

242 3764 361 3800 ram
416 3764 555 3799 curae
595 3748 948 3813 superaddere
977 3748 1112 3799 velis
1143 3749 1161 3799 ἓ
1194 3749 1315 3798 Non

244 3819 428 3884 itaque
460 3835 558 3884 pro
605 3817 936 3884 malignitate
968 3818 1188 3888 ponitur
1226 3818 1317 3869 hic

248 3886 469 3949 malitia,
517 3888 610 3940 sed
643 3903 741 3954 pro
768 3887 948 3941 labore
986 3899 1039 3942 et
1079 3888 1313 3942 miseria.

815 285 1060 338 PRIMAE
1092 283 1348 337 PARTIS
1379 284 1618 338 CAPUT
1647 287 1933 339 xxxvm.

1373 400 1462 452 Sic
1491 401 1636 453 enim
1661 402 1835 455 dicere
1857 403 2111 463 solemus,
2136 403 2306 455 multa
2333 419 2447 455 ma-

1373 472 1424 523 la
1454 472 1616 524 hodie
1661 475 1801 541 passi
1844 490 2051 539 summ,
2081 475 2296 541 quando
2334 476 2446 526 ali—

1373 559 1485 610 quo
1552 560 1750 610 magno
1819 545 1998 596 labore
2065 546 2149 596 vel
2226 545 2448 597 miseria

1372 614 1676 682 fatigamur.
1755 617 1906 669 Unde
1979 617 2400 685 Chrysostomus
2429 633 2449 668 .·

1376 705 1404 733 t(
1436 687 1694 769 Malitiam
1717 702 1842 739 vero
1878 687 1968 737 hic
1995 704 2103 750 non
2135 688 2450 755 malignita—

1375 767 1486 809 tem
1525 769 1693 820 vocat,
1750 760 1843 810 sed
1891 758 2163 809 miseriam
2205 769 2258 810 et
2286 760 2451 810 labo-

1377 847 1510 882 rem.
1540 831 1691 882 Sicut
1728 832 1873 883 enim
1924 848 2048 883 cum
2095 832 2222 883 alibi
2266 832 2399 883 dicit
2432 849 2448 883 :

1376 902 1446 953 Si
1471 902 1577 953 erit
1598 903 1794 953 malum
1824 904 1878 954 in
1897 903 2113 954 civitate
2142 919 2298 969 quam
2322 904 2451 954 Do-

1377 972 1551 1022 minus
1578 987 1678 1023 non
1703 973 1860 1038 fecit,
1905 990 2015 1024 non
2058 973 2332 1024 avaritiam
2363 973 2452 1023 si—

1379 1042 1624 1110 gnificat,
1675 1060 1733 1095 ac
1790 1044 2005 1111 rapinas
2028 1083 2042 1105 ,
2104 1060 2202 1094 nec
2254 1045 2453 1094 talium

1380 1113 1677 1180 quidquam
1721 1115 1867 1166 aliud
1922 1114 2182 1178 omnin03
2223 1116 2315 1165 sed
2359 1130 2455 1165 eas

1378 1186 1616 1251 profecto
1664 1187 1843 1254 plagas
1892 1202 2012 1253 quae
2046 1186 2304 1238 divinitus
2356 1187 2457 1237 in·

1380 1255 1644 1317 feruntur,
1672 1258 1737 1307 de
1784 1256 1985 1323 quibus
2031 1272 2223 1309 rursus
2263 1257 2458 1323 loqui—

1381 1335 1471 1377 tur
1489 1342 1594 1409 ‘per
1620 1328 1940 1393 Prophetam
1972 1344 1985 1377 ε
2016 1328 2146 1395 Ego
2191 1329 2460 1379 Dominus

1372 1398 1592 1463 faciens
1639 1412 1847 1464 pacem,
1893 1404 1946 1449 et
1991 1413 2184 1449 creans
2233 1399 2458 1464 malum.

1386 1470 1575 1536 Neque
1597 1469 1745 1520 enim
1769 1469 1859 1519 hic
1889 1470 2150 1520 malitiam
2179 1469 2348 1520 voluit
2379 1468 2464 1519 in-

1383 1540 1584 1606 telligi;
1627 1540 1719 1591 sed
1766 1539 2095 1606 pestilentias
2132 1540 2368 1606 profecto
2408 1549 2470 1592 et

1385 1612 1573 1672 fames,
1591 1622 1867 1678 ceteraque
1885 1611 2197 1677 hujusmodi
2219 1627 2341 1678 quae
2355 1626 2471 1662 ma·

1385 1687 1438 1736 la
1467 1701 1583 1736 esse
1611 1693 1868 1751 putantur
1893 1699 1924 1735 a
1942 1684 2227 1751 plurimis;
2254 1684 2328 1735 ita
2372 1684 2470 1735 hic

1387 1772 1606 1825 quoque
1630 1756 1891 1806 malitiam
1930 1772 2028 1822 pro
2052 1756 2342 1807 afflictione
2368 1772 2470 1822 po-

1389 1829 1515 1889 suit,
1553 1828 1736 1877 dicens
1789 1843 1804 1876 ε
1862 1828 2075 1894 Sufficit
2102 1827 2212 1877 diei
2254 1828 2469 1879 malitia

1387 1913 1510 1950 sua.
1554 1896 1705 1948 Nihil
1735 1897 1883 1948 enim
1914 1899 1987 1948 ita
2016 1897 2260 1947 dolorem
2302 1896 2472 1948 infert

1388 1970 1605 2029 animae,
1661 1978 1722 2019 ut
1772 1968 2077 2018 sollicitudo
2128 1977 2181 2019 et
2232 1983 2357 2018 cura
2389 1985 2403 2018 ε
2433 1986 2468 2016 ι»

1388 2044 1504 2093 haec
1548 2038 2209 2106 ChrysostomuS..1taque
2249 2053 2359 2088 non
2398 2038 2476 2088 la—

1392 2114 1492 2165 bor
1537 2122 1590 2162 et
1636 2109 1966 2178 providentia
2018 2109 2335 2169 damnatur,
2372 2110 2472 2159 sed

1395 2192 1653 2248 mentem,
1685 2179 1974 2247 praefocans
2026 2194 2170 2230 cura.
2209 2179 2282 2230 Et
2324 2179 2471 2242 ide0,

1396 2265 1458 2306 ut
1485 2253 1614 2304 dicit
1636 2252 1980 2318 Augustinus
2007 2268 2024 2302 .-
2050 2269 2077 2296 «
2094 2252 2210 2301 Hoc
2232 2252 2349 2301 loco
2370 2265 2475 2300 ve-

1398 2327 1674 2377 hementer
1697 2322 1989 2373 cavendum
2012 2331 2108 2384 est,
2129 2337 2196 2371 ne
2232 2337 2357 2373 cum
2384 2320 2480 2371 vi·—

1399 2399 1638 2450 derimus
1677 2396 1913 2462 aliquem
1955 2411 2169 2446 servum
2197 2395 2295 2446 Dei
2341 2410 2481 2461 pro-

1399 2473 1596 2531 videre,
1646 2484 1712 2519 ne
1758 2469 1858 2519 ista
1900 2469 2200 2523 necessaria
2228 2467 2357 2528 sibi,
2385 2468 2478 2518 vel

1403 2543 1508 2595 sibi
1560 2540 1863 2593 commissis
1910 2540 2120 2600 desint,
2173 2539 2483 2606 judicemus

1404 2632 1530 2667 eum
1560 2624 1742 2666 contra
1763 2622 2021 2679 praecepta
2044 2611 2261 2662 Domini
2283 2610 2482 2674 facere,

1403 2697 1457 2738 et
1487 2686 1552 2736 de
1581 2684 1812 2735 crastino
1840 2682 2129 2733 sollicitum
2171 2697 2306 2732 esse.
2336 2681 2486 2730 Nam

1405 2766 1458 2809 et
1508 2756 1623 2822 ipse
1665 2754 1931 2805 Dominus
1970 2753 2055 2803 cui
2086 2751 2479 2802 ministrabant

1405 2827 1617 2893 Angeli,
1675 2835 1891 2892 propter
1958 2823 2262 2889 exemplum
2307 2832 2360 2873 et
2407 2822 2485 2872 ad

1407 2897 1802 2949 informandam
1866 2894 2166 2947 Ecclesiam
2189 2933 2204 2958 ,
2270 2892 2486 2946 loculos

1407 2971 1602 3021 habere
1630 2969 1881 3035 dignatus
1913 2975 2009 3027 est,
2041 2981 2107 3016 ne
2138 2964 2263 3031 quis
2292 2963 2351 3014 in
2370 2963 2482 3015 hoc

1410 3034 1717 3093 scandalum
1745 3048 2026 3105 pateretur.
2059 3037 2124 3088 Et
2149 3037 2345 3086 iterum
2388 3050 2487 3086 sa-

1411 3113 1480 3164 tis
1525 3119 1741 3177 apparet
1771 3108 2066 3160 Dominum
2097 3117 2341 3157 nostrum
2369 3121 2486 3156 non

1412 3185 1516 3236 hoc
1563 3182 1865 3248 improbare
1888 3219 1902 3240 ,
1957 3179 2004 3231 si
2058 3179 2184 3245 quis
2236 3178 2486 3229 humano

1414 3268 1564 3303 more
1591 3252 1694 3303 ista
1721 3259 1994 3317 procuret3
2023 3250 2114 3300 sed
2138 3249 2181 3299 si
2218 3249 2342 3315 quis
2365 3263 2490 3314 pro-

1415 3333 1530 3391 pter
1558 3321 1660 3373 ista
1681 3322 1793 3371 Deo
1817 3320 2031 3380 militet,
2061 3327 2120 3369 ut
2146 3318 2204 3369 in
2231 3318 2492 3387 operibus

1416 3394 1501 3446 sui
1542 3408 1652 3444 non
1701 3406 1928 3458 regnum
1964 3390 2080 3451 Dei,
2121 3390 2212 3441 sed
2254 3389 2492 3440 istorum

1415 3462 1821 3532 acquisitionem
1869 3461 2154 3526 intueatur.
2199 3461 2281 3511 Ad
2350 3459 2495 3510 hanc

1418 3555 1544 3605 ergo
1565 3538 1804 3604 regulam
1833 3535 1935 3586 hoc
1960 3545 2134 3586 totum
2161 3543 2492 3600 praeceptum

1420 3604 1633 3678 redigit,
1672 3618 1734 3659 ut
1756 3608 1917 3659 etiam
1951 3608 2010 3659 in
2039 3608 2266 3658 istorum
2305 3604 2517 3673 provi—I

1421 3684 1575 3735 sione
1636 3696 1864 3746 regnum
1905 3678 2003 3730 Dei
2063 3677 2385 3744 cogitemus;
2430 3674 2493 3725 in

1421 3754 1618 3806 militia
1654 3767 1780 3803 vero
1821 3751 1971 3818 regni
1998 3749 2094 3800 Dei
2129 3747 2228 3799 ista
2252 3764 2363 3799 non
2395 3761 2494 3802 co-

1423 3825 1676 3892 gitemus,
1709 3831 1760 3874 et
1792 3820 2026 3888 simplici
2059 3820 2218 3870 corde
2244 3827 2492 3869 tanturn-
2546 3869 2554 3873 ,

1423 3897 1586 3949 modo
1611 3904 1827 3964 propter
1849 3908 2076 3961 regnum
2107 3891 2205 3943 Dei
2225 3889 2490 3944 debemus
