2784 4452
752 285 844 335 DE
882 283 1309 336 MUTATIONE
1339 280 1557 347 AQUAE
1592 283 1661 333 IN
1695 242 1943 336 ViNUM.

2361 287 2476 337 255»

1218 507 1491 562 ORATIO

290 682 340 733 Ο
363 680 507 730 bone
531 680 677 738 Jesu,
706 676 1033 742 Redemptor
1055 676 1408 742 perditorum,
1439 676 1680 727 Salvator
1710 678 2131 742 redemptorum,
2163 693 2287 743 spes
2315 693 2466 733 exsu-

226 754 365 813 lum,
393 765 687 817 pauperum
715 748 912 813 spiritu
936 747 1092 798 dulce
1120 746 1396 810 solatium,
1421 747 1782 797 laborantium
1801 747 2077 808 fortitude,
2102 749 2367 802 lassorum
2392 765 2471 802 re-

226 825 441 884 creatio,
464 821 921 888 triumphantium
950 836 1170 884 corona,
1198 832 1566 886 superum-mn.
1588 820 1794 871 civium
1822 822 1986 873 unica
2011 837 2211 872 merces
2248 832 2300 872 et
2340 823 2469 874 laeti-

225 900 303 951 tia
327 913 475 961 vera,
505 897 704 962 inclyta
738 896 914 961 proles
944 894 1146 944 summi
1179 894 1296 954 Dei,
1349 903 1401 944 et
1441 893 1647 945 fructus
1678 895 1932 945 sublimis
1981 895 2120 946 uteri
2149 895 2467 961 virginahs.

225 970 349 1021 fons
389 967 679 1038 gratiarum
726 966 995 1026 orn—nium,
1025 966 1095 1017 de
1132 965 1285 1030 cujus
1315 964 1653 1031 plenia-:dine
1679 981 1781 1017 nos
1822 981 2011 1016 omnes
2060 965 2380 1031 accepimus,
2407 966 2466 1017 in

224 1051 296 1102 te,
326 1049 387 1090 ut
432 1037 598 1088 finem
627 1036 895 1096 omnium,
923 1037 1168 1097 tendens,
1213 1045 1266 1087 et
1305 1050 1547 1100 sperans,
1572 1045 1625 1085 et
1653 1051 1859 1097 amans,
1892 1035 2046 1086 ferar.
2087 1037 2138 1087 O
2175 1036 2470 1088 desiderate

224 1111 377 1165 Jesu!
407 1112 474 1161 ad
518 1120 571 1161 te
610 1110 857 1172 adducar,
888 1118 943 1158 te
977 1123 1211 1175 sequax-3
1230 1107 1359 1175 quia
1415 1117 1474 1157 tu
1514 1109 1664 1158 solus
1708 1108 1926 1167 sufficiS,
1974 1119 2033 1158 tu
2083 1110 2232 1160 solus
2276 1109 2469 1168 salvas,

224 1196 286 1236 tu
314 1185 463 1235 solus
497 1185 674 1236 bonus
711 1192 767 1233 et
786 1181 967 1231 suavis
1007 1196 1067 1232 es
1094 1191 1148 1231 te
1193 1180 1566 1248 quaerentibus
1590 1191 1643 1231 et
1679 1181 2033 1249 diligentibus
2067 1197 2266 1232 nomen
2293 1191 2467 1232 tuum.

225 1257 419 1307 Arnen.

1047 1606 1385 1681 CAPUT
1428 1605 1631 1677 XXV

740 1884 849 1951 De
893 1880 1279 1950 mutatione
1320 1901 1521 1971 aquae
1567 1880 1642 1948 in
1688 1879 1951 1949 vinum.

1075 2155 1344 2222 loannis
1387 2176 1528 2239 cap.
1575 2177 1632 2219 2.

288 2436 307 2469 1
372 2418 611 2469 Nur-rus
666 2417 932 2467 Carus-rus
991 2430 1088 2469 sua
1139 2432 1287 2470 me-

217 2498 404 2533 sen-rm
470 2495 735 2532 nouom-r.
770 2477 1064 2528 —Deinde
1143 2494 1286 2533 anno

214 2554 480 2621 sequenti,
560 2552 761 2602 scilicet
832 2550 1111 2617 trigesimo
1168 2552 1287 2617 pri-

215 2641 327 2684 m0,
393 2624 552 2690 coepit
607 2623 763 2673 Jesus
824 2622 1286 2689 signismirificis

212 2696 495 2748 mundum*
529 2694 813 2744 illustrare.
860 2694 930 2744 Et
965 2694 1175 2761 primo,⁴
1200 2709 1288 2760 ap-

210 2769 446 2835 probans
512 2767 852 2833 conjugium,
919 2768 1135 2833 nuptias
1196 2767 1285 2820 in·-

209 2841 389 2904 travit,
416 2850 468 2890 et
509 2854 705 2906 aquam
744 2839 801 2888 in
840 2839 1031 2892 vinum
1072 2855 1289 2890 conver-

204 2914 273 2964 tit
300 2930 316 2964 :
345 2915 510 2981 quod,
527 2912 710 2964 eadem
744 2912 831 2963 die
857 2928 964 2978 qua
992 2913 1288 2979 baptizatus

206 2983 341 3044 fuit,
388 2983 589 3034 scilicet
638 2998 784 3034 anno
840 2983 1099 3045 revolut0,
1140 2981 1283 3036 fecit.

208 3053 504 3113 Dominus,
537 3068 634 3103 sua
672 3051 933 3118 corporali
964 3052 1282 3118 praesentia,

206 3142 269 3177 ac
308 3125 672 3176 nihilominus
713 3125 997 3191 signorum
1054 3139 1280 3176 suorum

208 3196 394 3257 initio,
436 3196 652 3262 nuptias
688 3211 822 3262 quas
863 3195 1127 3258 inst'rtuit,
1156 3205 1283 3245 tan—

206 3286 377 3336 quam
409 3269 583 3320 licitas
611 3280 663 3320 et
697 3270 977 3329 honestas,
1011 3268 1281 3320 honorare

204 3351 261 3391 et
290 3342 666 3392 commendare
697 3340 896 3399 voluit,
939 3354 1007 3389 ne
1048 3355 1136 3391 eas
1170 3340 1281 3392 hae-

205 3412 365 3465 retici
403 3412 678 3478 despicere
717 3422 769 3462 et
803 3413 1055 3461 damnare
1086 3427 1282 3478 praesu-

206 3492 434 3536 merent.
467 3483 622 3533 Unde
664 3483 822 3534 Beda.
853 3499 868 3531 .·
901 3499 926 3526 «
962 3480 1103 3541 Quia
1142 3481 1282 3533 bona

202 3563 293 3604 est
327 3552 537 3604 castitas
573 3552 897 3619 conjugaliS,
921 3552 1279 3602 meliorem-

198 3622 429 3674 tinentia
464 3622 724 3682 vidualis,
765 3622 971 3687 optima
1016 3623 1279 3673 munditia

198 3696 520 3763 virginalis,
558 3697 623 3746 ad
658 3697 997 3762 probandum
1027 3695 1276 3745 omnium

196 3766 515 3822 electionem
545 3768 836 3834 graduum3
870 3766 1275 3817 discernendum
1291 3823 1302 3834 ,

1395 2424 1573 2468 tamen
1603 2413 1859 2466 meritum
1886 2413 2224 2480 singulorum
2244 2453 2258 2477 ,
2287 2430 2352 2465 ex
2380 2414 2469 2466 in·—

1394 2494 1665 2536 temeratae
1699 2484 1880 2535 Mariae
1906 2485 2148 2551 Virginis
2182 2496 2338 2537 utero
2367 2503 2465 2537 na·-

1391 2557 1469 2607 sci
1493 2557 1748 2624 dignatus·
1772 2568 1870 2619 est,
1900 2574 1930 2609 a
1955 2559 2270 2624 prophetico
2298 2563 2469 2612 Annae

1392 2630 1569 2679 viduae
1603 2644 1695 2679 ore
1731 2646 1858 2680 mox
1904 2640 2060 2682 natus
2100 2632 2470 2692 benedicitur,

1394 2715 1425 2749 a
1456 2701 1764 2765 nuptiarum
1793 2701 2229 2761 celebratoribuS‚
2257 2703 2363 2767 jam
2394 2704 2469 2766 iu·

1392 2773 1542 2822 venis
1579 2772 1865 2837 invitatuS,
1902 2773 2003 2823 hos
2037 2775 2317 2840 praesentia
2357 2791 2472 2826 suae

1391 2843 1606 2895 virtutis
1639 2845 1886 2896 honorat.
1920 2865 1948 2892 »
1977 2845 2098 2906 Die,
2130 2845 2338 2911 itaque,
2372 2854 2471 2898 ter·

1395 2914 1487 2976 tio,
1517 2914 1578 2964 id·
1611 2925 1691 2966 est
1719 2915 1878 2965 tertio
1910 2916 1977 2968 ab
2005 2916 2348 2981 Evangelista
2378 2933 2470 2967 no·-

1394 2984 1597 3034 minato
1647 2995 1771 3051 post
1820 2984 2027 3051 primos
2058 2985 2195 3040 duos
2235 2986 2470 3053 (quibus

1392 3058 1556 3107 Jesus
1585 3067 1709 3123 post
1745 3072 2048 3123 regressum
2086 3074 2117 3108 a
2152 3060 2361 3112 deserto
2402 3062 2468 3110 ad

1391 3127 1654 3176 Joannem
1691 3127 1872 3190 venit,
1917 3129 2162 3196 quamvis
2199 3129 2338 3180 inter
2376 3145 2470 3179 eos

1394 3198 1550 3247 multi
1582 3198 1700 3248 dies
1722 3197 2035 3264 fluxerint),
2073 3200 2276 3265 nuptioe
2290 3201 2489 3266 factet⁴

1391 3274 1518 3318 sunt
1541 3269 1600 3318 in
1611 3268 1765 3319 Cana
1785 3269 2055 3333 Galilaeae,
2070 3269 2124 3320 id
2148 3280 2227 3320 est
2245 3270 2301 3319 in
2322 3285 2468 3337 quo-

1390 3342 1524 3391 darn
1535 3341 1655 3391 vico
1670 3356 1764 3391 seu
1780 3342 1910 3392 villa
1927 3342 2215 3408 provinciae
2235 3341 2469 3392 Galilaeae

1390 3412 1467 3463 sic
1480 3412 1635 3463 dicta.
1652 3412 1912 3472 Quamvis
1935 3424 2114 3464 autem
2133 3412 2361 3462 dubium
2375 3411 2465 3476 sit,
2480 3454 2484 3461 .

1388 3484 1541 3549 cujus
1582 3484 1783 3549 nuptiae
1831 3484 2050 3535 fuerunt
2090 3501 2112 3533 :v
2148 3493 2325 3533 tamen
2369 3499 2472 3534 nos

1388 3554 1718 3604 meditemur
1749 3570 1838 3605 eas
1871 3553 2052 3604 fuisse
2078 3553 2300 3603 Joannis
2327 3569 2476 3608 evan-

1386 3624 1609 3691 gelistae,
1640 3624 1784 3675 sicut
1803 3625 1859 3675 in
1888 3625 2118 3692 prologo
2143 3639 2306 3689 super
2318 3625 2471 3675 Joan-

1386 3711 1512 3746 nem
1534 3696 1909 3764 Hieronymus
1930 3694 2143 3746 videtur
2186 3694 2487 3746 affirmare..

1383 3766 1561 3827 Quem
1603 3766 1873 3818 volentem
1946 3764 2154 3817 nubere
2215 3764 2496 3818 Christus.
