2784 4452
441 413 758 475 JOANNES
788 423 836 473 A
867 419 1012 472 DEO
1048 420 1292 473 MISSUS
1323 419 1549 472 VENIT
1580 419 1675 471 AD
1709 420 2085 473 PUBLICUM.

153 539 503 592 monstravit:
537 538 665 606 quia
709 547 889 589 totum
928 536 1211 587 hominem

149 612 343 662 salvare
362 609 532 661 venit.
570 609 725 660 Unde
750 608 1173 674 Chrysostomus
1193 624 1210 658 .·

149 701 178 728 α
215 682 352 731 Nam
392 680 521 747 quia
566 680 674 746 jam
733 679 940 730 dudum
995 687 1211 744 propter

148 762 416 818 peccatum
438 789 453 814 ,
501 750 668 801 homo
700 759 845 800 totus
885 749 1208 800 sententiam

146 823 333 873 mortis
364 821 674 885 incurrerat,
717 830 770 871 et
800 819 859 870 in
893 834 1127 886 corpore,
1158 827 1210 870 et

145 892 198 944 in
211 893 411 953 anima,
424 891 720 942 necessario
729 890 997 941 Dominus
1006 900 1209 941 utrum-

145 979 245 1031 que
258 963 511 1029 suscepit,
523 972 584 1014 ut
598 972 891 1029 utrumque
907 962 1148 1012 salvaret.
1175 980 1203 1008 »

143 1039 322 1090 Noluit
350 1049 530 1090 autem
558 1037 902 1103 Evangelista
930 1036 1209 1087 nominare

142 1119 341 1170 totum,
373 1119 432 1160 ut
459 1108 760 1160 ostenderet
801 1107 1131 1174 singularem
1155 1119 1208 1159 et

143 1180 435 1231 maximam
459 1178 719 1229 unionem
735 1177 897 1228 Verbi
926 1178 992 1228 ad
1021 1177 1206 1228 horni-

143 1266 284 1312 nem,
314 1266 437 1316 quae
459 1259 606 1301 tanta
645 1258 756 1311 est,
800 1259 860 1300 ut
889 1264 999 1300 non
1028 1251 1204 1300 solum

141 1321 382 1371 Verbum
425 1320 497 1371 sit
528 1320 695 1370 homo
716 1359 730 1380 ,
786 1329 838 1371 et
870 1320 1037 1370 homo
1076 1320 1208 1370 Ver-

142 1395 269 1445 bum
286 1432 300 1455 ,
346 1394 440 1445 sed
481 1393 641 1444 etiam
679 1393 934 1460 separatis
964 1392 1204 1459 partibus

141 1466 418 1530 hominis,
467 1465 666 1516 scilicet
708 1479 863 1515 carne
901 1474 952 1515 et
991 1464 1202 1524 anima,

138 1538 379 1588 Verbum
398 1546 477 1587 est
499 1551 839 1604 unaquaeque
861 1535 1122 1602 partium,
1151 1545 1204 1586 et

138 1610 394 1677 quaelibet
431 1625 554 1677 pars
585 1619 667 1660 est
694 1609 952 1660 Verbum.
983 1609 1050 1658 Et
1082 1608 1204 1659 licet

135 1685 317 1735 anima
355 1684 426 1734 sit
469 1683 705 1734 nobilior
758 1692 812 1734 et
862 1682 1201 1749 praestantior

135 1771 309 1815 carne,
347 1755 594 1805 nominat
631 1764 810 1806 tamen
841 1768 1054 1805 carnem
1084 1769 1205 1804 ma-

135 1827 217 1894 gis
252 1842 415 1893 quam
467 1827 736 1890 animam,
771 1825 900 1893 quia
939 1835 1000 1876 ut
1027 1826 1201 1892 magis

135 1913 235 1948 nos
262 1896 601 1960 certificaret,
650 1896 770 1946 ideo
802 1905 1006 1962 partem
1048 1895 1198 1945 indi-

133 1967 381 2033 gniorem
430 1967 724 2033 expressit,
762 1967 830 2018 de
865 1982 973 2033 qua
1026 1967 1199 2033 magis
1232 2026 1235 2031 Ι

132 2039 364 2089 dubium
387 2053 501 2088 esse
526 2046 750 2103 poterat,
777 2037 925 2103 quod
955 2037 1196 2088 Verbum

131 2108 302 2174 ipsam
366 2107 734 2173 assumpserit.
803 2136 864 2145 -
925 2107 1198 2157 Moraliter

130 2188 309 2230 autem
336 2177 529 2229 maluit
551 2177 725 2228 dicere
743 2191 864 2228 caro
891 2192 1057 2246 quam
1071 2177 1195 2228 ani-

134 2265 240 2313 ma,
266 2249 333 2299 ad
361 2248 847 2299 commendandum
869 2248 1196 2299 inenarrabi-

132 2320 236 2369 lem
278 2319 703 2370 condescensum
756 2318 1107 2385 benignitatis
1143 2329 1195 2369 et

129 2391 455 2443 humilitatis
482 2391 600 2453 Dei,
625 2391 771 2442 unde
797 2400 1001 2457 partem
1029 2390 1195 2442 vilio-

128 2476 241 2512 rem
279 2462 583 2513 nominavit
617 2478 630 2511 ε
660 2461 719 2511 in
742 2477 853 2527 quo
882 2460 1191 2526 superbiam

131 2534 432 2584 multorum
452 2532 708 2599 percutit,
733 2532 828 2598 qui
859 2531 1107 2597 requisiti
1127 2531 1193 2582 de

125 2607 446 2674 cognatione
473 2621 568 2657 sua
591 2645 605 2668 ,
642 2605 968 2671 respondent
1009 2605 1192 2655 nomi-

124 2678 303 2728 nando
347 2678 615 2744 aliquem,
672 2686 943 2728 tenentem
990 2684 1190 2727 statum

121 2749 406 2815 dignitatis
429 2787 443 2810 ‚
478 2747 639 2800 etiam
677 2749 735 2800 in
775 2748 918 2799 linea
945 2757 1150 2800 remota
1175 2786 1189 2808 ‚

122 2819 364 2871 dicentes
409 2836 467 2871 se
510 2836 628 2871 esse
674 2830 895 2885 nepotes
923 2820 1045 2871 talis
1069 2820 1190 2886 epi-

123 2891 274 2958 scopi
292 2930 306 2952 ,
347 2891 620 2958 praepositi
639 2929 653 2953 ,
712 2892 796 2942 vel
826 2890 1009 2940 decani
1033 2929 1047 2951 ‚
1099 2900 1193 2941 aut

120 2962 457 3030 hujusmodi,
484 2973 536 3015 et
562 2974 740 3015 tacent
762 2964 829 3013 de
857 2962 1186 3028 parentibus,

122 3046 174 3086 et
201 3037 344 3098 aliis,
375 3038 471 3103 qui
508 3038 681 3103 magis
716 3046 846 3087 sunt
874 3035 1186 3102 propinqui.

118 3106 450 3175 Exemplum
477 3109 544 3158 ad
578 3108 682 3157 hoc
718 3107 1027 3157 fabulosum
1057 3122 1187 3157 nar-

119 3187 270 3228 ratur
316 3179 384 3229 de
413 3179 582 3240 mulo,
614 3178 708 3243 qui
743 3176 1038 3244 requisitus
1062 3177 1186 3243 quis

117 3259 261 3299 esset
280 3259 428 3315 pater
442 3249 575 3315 ejuS,
591 3248 868 3316 respondit
895 3249 1039 3315 quod
1067 3249 1188 3298 dex-

117 3321 319 3372 trarius
347 3323 464 3388 ejus
493 3332 632 3373 esset
656 3323 976 3383 avunculus,
1004 3331 1186 3372 tacens

110 3400 169 3441 et
220 3394 574 3460 erubescens,
616 3393 763 3459 quod
806 3391 994 3444 asinus
1045 3402 1185 3443 esset

109 3470 269 3527 pater
283 3464 417 3529 ejuS.

175 3534 213 3585 8
267 3537 401 3587 Esus
452 3552 794 3587 INHABITATIO
841 3552 895 3588 m
922 3552 1092 3588 noms·
1120 3564 1182 3575 —

105 3603 191 3654 Et
233 3605 313 3656 sic
343 3606 583 3657 Verbum
611 3607 869 3657 habitavit
902 3606 955 3658 in
993 3606 1146 3658 nobis
1161 3643 1181 3669 ,

104 3677 164 3728 id
191 3688 278 3729 est
302 3679 359 3729 in
382 3690 564 3730 nostra
600 3690 788 3731 natura
813 3680 1184 3747 inseparabili·

104 3760 191 3801 ter
208 3790 224 3813 ,
261 3762 322 3803 ut
367 3753 604 3818 amplius
654 3755 960 3805 nullatenus
986 3753 1076 3804 ‘ab
1123 3768 1183 3804 ea

98 3822 527 3889 disjungeretur.
586 3823 707 3874 Non
742 3834 825 3875 est
872 3824 1180 3889 intelligen-

98 3894 266 3959 dum,
291 3895 439 3962 quod
462 3895 722 3947 habitavit
741 3895 797 3946 in
824 3895 1179 3961 nobissquasi

97 3963 163 4014 in
184 3964 397 4016 unitate
419 3966 705 4032 suppositi,
726 3966 784 4016 in
808 3966 1051 4033 quolibet
1074 3981 1181 4015 no-

93 4044 307 4101 strum,
339 4036 478 4088 sicut
496 4036 744 4101 Christ03
776 4037 868 4090 sed
881 4036 1183 4103 intelligen-

2287 421 2383 475 185

1317 537 1450 587 dum
1503 536 1561 587 in
1592 534 1796 586 unitate
1840 545 2043 587 naturae
2084 536 2337 589 humanae
2364 578 2383 603 ,

1315 625 1480 676 quam
1531 624 1879 659 communem
1930 608 2216 660 nobiscum
2278 610 2384 663 ha-

1316 683 1452 746 buit,
1484 697 1608 732 cum
1655 696 1763 747 qua
1808 681 2151 732 mansionem
2188 698 2383 748 perpe-

1314 763 1463 804 tuam
1497 751 1650 815 iniit;
1696 753 1781 802 vel
1808 751 2069 802 habitavit
2119 752 2174 802 in
2202 754 2380 817 nobiS,

1315 824 1370 875 id
1400 834 1479 875 est
1507 824 1646 875 inter
1669 840 1767 874 nos
1811 823 1869 874 in
1901 825 2138 885 munde,
2188 840 2384 876 secun-

1313 897 1445 946 dum
1477 895 1611 946 illud
1638 895 1851 946 Baruch
1877 912 1891 945 ε
1923 896 1987 946 In
2037 895 2201 946 terris
2231 897 2383 948 visus

1313 972 1421 1029 est,
1459 972 1511 1017 et
1543 980 1659 1017 cum
1700 966 1998 1018 hominibus
2034 974 2382 1020 conversatus

1312 1043 1410 1088 est.
1433 1065 1493 1074 —
1518 1036 1790 1087 Moraliter
1819 1046 1995 1102 potest
2021 1037 2182 1088 etiam
2213 1038 2380 1089 intel·-

1312 1107 1408 1174 ligi
1455 1107 1522 1158 de
1579 1106 1916 1158 inhabitione
1959 1109 2219 1170 mentali,
2272 1123 2381 1175 qua

1310 1179 1457 1230 Deus
1485 1189 1722 1229 mentem
1738 1178 2006 1230 inhabitat
2020 1196 2114 1246 per
2132 1181 2378 1247 gratiam.

1312 1250 1382 1301 Et
1423 1251 1538 1302 haec
1571 1250 1734 1302 Verbi
1772 1250 2092 1302 inhabitatio
2132 1252 2381 1303 mentalis

1311 1323 1447 1374 bene
1504 1323 1749 1390 sequitur
1784 1323 1898 1388 ejus
1929 1324 2380 1376 inhabitationem

1308 1395 1601 1455 carnalem,
1642 1409 1749 1460 qua
1776 1394 2022 1445 videlicet
2047 1395 2261 1460 factum
2298 1401 2381 1446 est

1309 1478 1472 1527 caro,
1518 1464 1656 1515 sicut
1708 1464 1927 1515 effectus
1955 1466 2200 1531 sequitur
2222 1481 2378 1517 suam

1308 1552 1522 1588 causam
1558 1554 1572 1588 :
1612 1553 1678 1588 ex
1698 1553 1761 1589 eo
1787 1538 1933 1588 enim
1963 1539 2113 1606 quod
2134 1539 2377 1590 Verbum

1307 1620 1388 1661 est
1417 1609 1770 1671 incarnatum,
1799 1611 2041 1676 provenit
2068 1611 2226 1661 nobis
2240 1610 2375 1663 illud

1307 1681 1533 1742 bonum,
1560 1683 1721 1748 quod.
1737 1682 1879 1733 idem
1903 1682 2144 1733 Verbum
2164 1698 2265 1733 nos
2286 1682 2375 1733 in-

1308 1753 1517 1805 habitat
1548 1754 1870 1805 mentaliter.

1367 1840 1402 1892 9
1422 1826 1820 1875 Manu-*esrum
1836 1840 2046 1875 croam
2066 1825 2373 1878 Catus-rr.—

1303 1895 1381 1945 Et
1436 1896 1666 1947 vidimus
1714 1897 1953 1963 gloriam
2007 1897 2157 1964 ejus,
2201 1897 2254 1948 id
2292 1907 2373 1949 est

1302 1967 1656 2032 cognovimus
1694 1967 2023 2032 majestatem
2078 1969 2371 2034 gloriosam

1302 2038 1626 2103 divinitatis3
1661 2040 1833 2104 quasi,
1871 2039 1925 2089 id
1958 2049 2038 2090 est
2066 2055 2189 2091 vere
2230 2041 2370 2092 Uni-

1301 2111 1476 2177 geniti
1506 2126 1541 2161 a
1569 2113 1755 2173 Patre,
1787 2111 1841 2161 id
1873 2119 1952 2161 est
1964 2111 2127 2162 unius
2159 2122 2213 2163 et
2238 2113 2371 2179 ejus—

1300 2182 1425 2233 dem
1449 2197 1575 2233 cum
1606 2197 1668 2233 eo
1706 2192 1924 2234 naturae.
1955 2182 2179 2244 Videre,
2225 2184 2369 2234 acci-

1302 2254 1449 2319 pitur
1478 2269 1575 2320 pro
1600 2253 1811 2304 visione
1844 2253 2135 2319 corporali,
2183 2263 2236 2304 et
2270 2270 2368 2320 pro

1299 2325 1608 2392 cognitione
1638 2325 1997 2392 intelligibili;
2057 2335 2110 2375 et
2138 2335 2370 2392 utroque

1300 2397 1465 2447 modo
1492 2396 1741 2456 videndi,
1778 2395 2013 2446 habuere
2051 2396 2287 2447 Joannes
2317 2405 2369 2447 et

1296 2468 1389 2519 alii
1419 2468 1664 2535 Apostoli
1694 2468 1942 2519 notitiam
1982 2468 2147 2518 Verbi
2187 2468 2367 2520 incar-

1297 2538 1441 2603 nati;
1472 2538 1601 2605 quia
1629 2554 1753 2589 cum
1783 2538 1903 2604 ipso
1929 2537 2149 2589 fuerunt
2170 2555 2365 2605 corpo-

1297 2608 1477 2660 raliter
1513 2610 1808 2661 conversati
1835 2649 1849 2675 ,
1885 2620 1937 2660 et
1993 2609 2070 2661 sic
2115 2610 2367 2661 viderunt

1296 2679 1625 2731 sensibiliter
1644 2719 1657 2741 ‚
1703 2696 1860 2746 opera
1910 2679 2161 2732 virtutem
2198 2680 2366 2732 totius

1297 2759 1501 2801 naturae
1544 2751 1869 2811 excedentia,
1910 2766 1975 2801 ex
2019 2751 2219 2818 quibus
2241 2752 2364 2802 visu

1295 2822 1494 2872 mentis
1533 2832 1879 2888 perceperunt
1903 2832 1955 2872 et
1984 2821 2363 2874 intellexerunt

1293 2892 1593 2945 divinitatis
1617 2894 1731 2960 ejus
1746 2893 2114 2946 excellentiam
2131 2892 2186 2943 in
2207 2909 2363 2945 carne

1291 2966 1567 3030 latentem,
1628 2981 1792 3033 quam
1888 2981 1984 3031 pro
2050 2965 2361 3017 infirmitate

1292 3036 1469 3086 carnis
1490 3036 1721 3087 visibilis
1772 3034 1990 3102 superbi
2016 3036 2225 3087 credere
2252 3052 2359 3087 no-

1291 3110 1522 3160 luerunt.
1540 3109 1780 3161 Gloriam
1801 3109 2005 3175 quippe
2032 3109 2194 3159 Verbi
2227 3125 2359 3176 cog-

1291 3189 1557 3230 noverunt
1617 3180 1904 3245 discipuli,
1979 3181 2032 3230 in
2098 3180 2360 3246 sapientia

1289 3249 1571 3312 doctrinae3
1607 3260 1658 3299 et
1680 3250 1810 3315 quia
1832 3256 1955 3300 erat
1982 3250 2193 3311 docens,
2219 3250 2360 3299 sicut

1282 3324 1603 3385 potestatem
1621 3318 1835 3381 habenS,
1868 3328 1921 3369 et
1947 3318 2164 3385 propria
2184 3328 2361 3368 aucto·

1289 3389 1448 3439 ritate
1477 3388 1735 3454 loquens;
1768 3388 2021 3439 similiter
2046 3390 2102 3438 in
2133 3386 2359 3437 miracu-

1286 3461 1466 3511 lorum
1510 3462 1845 3526 operatione,
1877 3470 1929 3511 et
1954 3460 2081 3527 quia
2105 3469 2358 3510 creaturae

1286 3532 1609 3584 obediebant
1676 3533 1723 3583 ei
1788 3534 1854 3583 ad
1925 3543 2117 3583 nutum
2140 3570 2154 3591 ,
2218 3531 2359 3581 sicut

1285 3603 1522 3654 Domino
1563 3613 1616 3656 et
1662 3603 1935 3666 Creatori3
1988 3617 2082 3652 nec
2138 3617 2248 3651 non
2302 3600 2359 3652 in

1284 3673 1767 3741 transfiguratione,
1801 3674 1859 3724 in
1874 3672 2140 3739 passione,
2177 3671 2236 3721 in
2265 3687 2357 3723 re-

1284 3747 1632 3812 surrectione,
1647 3747 1704 3798 in
1731 3745 2059 3807 ascensione,
2086 3755 2137 3793 et
2157 3742 2214 3792 in
2226 3742 2356 3808 Spi-

1284 3817 1422 3868 ritus
1440 3819 1619 3870 Sancti
1646 3817 1923 3869 missione.
1955 3816 2176 3880 Propter
2206 3814 2355 3879 quod

1282 3892 1465 3942 dicens
1494 3910 1508 3943 ε
1537 3893 1615 3944 Et
1652 3892 1888 3944 vidimus
1943 3888 2183 3955 gloriam
2216 3887 2350 3955 ejuS,

1282 3962 1466 4013 subdit
1490 3963 1643 4029 quasi
1683 3961 2000 4028 exponendo
2044 3959 2183 4010 hanc
2230 3959 2353 4025 glo-

1283 4035 1448 4100 riam,
1487 4035 1644 4101 quasi
1680 4034 1960 4099 Unigeniti
1987 4048 2023 4085 a
2052 4033 2256 4096 Patre,
2293 4030 2352 4082 id
