2784 4452
648 230 742 279 DE
771 228 1060 295 JEJUNIQ
1089 229 1182 280 ET
1215 228 1806 281 TENTATIONIBUS
1837 231 2110 282 DOMINI.

245 347 464 414 quando
495 345 685 396 coelum
729 344 832 394 sibi
891 351 1134 409 apertum
1179 344 1316 409 suit,

246 417 471 484 quando
507 416 880 482 quadraginta
916 415 1105 466 diebus
1132 421 1184 465 et
1214 429 1318 466 no-

244 490 423 543 ctibus
449 487 753 555 jejunavit5
796 498 856 537 ut
888 502 982 553 per
1020 487 1124 537 hoc
1166 488 1321 537 detur

244 563 507 628 intelligi,
552 562 698 628 quod
740 562 786 612 si
826 561 1028 629 aliquis
1055 571 1318 620 tentatur,

246 649 360 686 non
389 644 614 700 propter
662 633 767 684 hoc
799 642 881 683 est
902 633 1091 683 minus
1126 649 1163 683 a
1193 648 1320 698 pec-

243 716 364 757 cato
394 705 690 756 mundatus
707 741 721 764 ‚
748 719 858 754 non
884 713 971 754 est
1015 702 1195 753 minus
1223 703 1320 752 Dei

247 776 516 828 filiatione
545 774 762 840 dignus,
784 789 898 824 non
915 782 995 823 est
1008 773 1194 824 minus
1210 773 1324 839 Spi-

249 850 359 900 ritu
384 849 579 907 Sancto
612 848 807 912 plenus
823 885 838 910 ,
888 861 1000 896 non
1026 854 1110 897 est
1137 845 1321 896 minus

243 922 386 973 coelo
415 920 633 985 dignus,
668 934 779 968 non
802 927 887 968 est
907 917 1099 968 minus
1125 917 1184 968 in
1201 932 1341 983 poe--

244 993 474 1044 nitentia
505 1006 602 1043 sua
623 992 735 1041 Deo
754 1001 1020 1056 acceptus.
1094 1010 1103 1021 ·

310 1079 385 1128 24
414 1064 533 1113 Non
561 1078 735 1112 uuum
767 1078 816 1112 s1
852 1076 952 1112 nos
988 1076 1088 1111 πει
1113 1075 1320 1110 ‘rmn-

246 1153 380 1188 nun.
412 1165 476 1174 —-
504 1122 626 1186 I'deo
653 1135 784 1201 quia
816 1135 1084 1185 Dominus
1117 1133 1195 1183 sic
1211 1132 1319 1182 fuit

245 1216 608 1261 contrectatus
637 1217 688 1256 et
712 1215 972 1266 tentatus,
1014 1220 1124 1255 non
1152 1204 1322 1254 mire-

250 1295 377 1331 mur
402 1279 449 1330 si
480 1294 582 1329 nos
631 1287 929 1340 tentamur3
983 1286 1037 1327 et
1079 1276 1209 1342 quia
1260 1275 1320 1325 in

246 1352 508 1404 omnibus
530 1350 678 1409 vicit,
707 1350 945 1400 nitamur
976 1358 1029 1398 et
1058 1363 1175 1408 noS‚
1206 1349 1322 1413 ejus

234 1422 530 1489 ‘adjutorim
549 1430 612 1471 ut
629 1421 922 1471 vincamus
943 1420 1053 1470 Nec
1069 1419 1125 1469 in
1141 1418 1322 1484 aliqua

250 1496 448 1548 virtute
488 1504 673 1544 nostra
712 1491 1066 1552 confidamus,
1107 1492 1200 1542 sed
1234 1502 1321 1541 to·

250 1577 364 1617 tam
404 1579 559 1630 spem
588 1572 641 1614 et
668 1562 923 1613 fiduciam
950 1562 1011 1612 in
1056 1561 1320 1626 adjutorio

248 1633 518 1687 Altissimi
543 1648 827 1700 ponamus,
859 1633 933 1682 Et
949 1633 1088 1683 sicut
1118 1632 1324 1697 ubique

256 1705 525 1756 Dominus
573 1702 937 1754 adversarium
993 1718 1156 1752 suum
1209 1717 1318 1751 non

248 1775 451 1826 virtute
502 1773 759 1839 potentiae
776 1811 791 1833 ,
861 1773 956 1823 sed
1002 1773 1320 1823 auctoritate

240 1845 553 1911 Scriptum,
589 1842 841 1907 convicit,
896 1843 1083 1893 dicens
1108 1860 1126 1892 ς
1160 1843 1320 1894 Scri-

238 1923 403 1983 ptum
427 1922 525 1977 est,
555 1915 688 1981 quia
716 1914 1042 1978 humilitate,
1082 1929 1194 1963 non
1222 1929 1323 1979 po-

249 1986 438 2050 tentia,
485 2001 614 2036 eum
651 1984 863 2035 vincere
881 2024 896 2045 ‚
950 1994 1001 2048 et
1051 1998 1165 2034 suae
1221 1998 1320 2049 pa-

240 2057 457 2110 ,tientiae
507 2057 668 2107 nobis
712 2057 1025 2122 exemplum
1087 2056 1323 2121 praebere

251 2128 492 2190 volebat3
524 2127 602 2178 sic
632 2136 686 2177 et
710 2141 812 2177 nos
839 2127 1053 2192 quoties
1087 2139 1117 2176 a
1145 2126 1322 2192 pravis

240 2199 564 2252 hominibus
590 2198 797 2266 aliquid
830 2198 1095 2265 patimur,
1122 2198 1188 2249 ad
1220 2199 1323 2249 do-

252 2272 489 2323 ctrinam
525 2271 708 2336 potius
735 2286 899 2337 quam
926 2271 995 2320 ad
1030 2270 1321 2322 vindictam

252 2345 578 2408 excitemur,
632 2353 692 2394 et
735 2344 1075 2395 >adversarios
1104 2354 1322 2395 nostros

248 2416 639 2467 humilitate'et
667 2414 938 2482 patientia,
970 2415 1140 2482 magis
1158 2432 1322 2484 quam

242 2488 507 2554 superbia
530 2497 590 2548 et,
610 2488 866 2554 potentia,
895 2488 1188 2539 vincamus.
1223 2490 1324 2539 At·-

250 2561 415 2613 tende
443 2562 628 2627 itaque
660 2577 726 2612 ex
742 2562 1013 2627 praedictis
1036 2564 1325 2614 documen-

246 2643 408 2696 tum,
453 2632 603 2697 quod
649 2632 918 2683 Dominus
963 2634 1021 2683 in
1068 2634 1355 2684 omnibus

248 2701 645 2753 tentationibus
672 2702 788 2752 suis
814 2717 950 2753 ‘usus
980 2713 1061 2754 est
1085 2704 1324 2755 auctori-

250 2773 456 2825 tatibus
484 2788 649 2824 sacrae
692 2774 981 2840 Scripturae
1005 2777 1073 2825 ad
1100 2792 1201 2826 nos
1228 2776 1325 2825 :in—

248 2843 625 2896 formandum.
676 2845 904 2894 Attende
934 2846 1069 2911 quid
1094 2846 1189 2897 ille
1234 2861 1322 2896 re-

250 2914 502 2981 spondit3
561 2924 613 2965 et
668 2915 883 2981 quando
934 2916 1056 2966 talis
1100 2917 1323 2967 tentatio

248 2987 545 3048 advenerit,
594 2986 679 3038 dic
720 2988 856 3038 illud
885 2999 938 3039 et
966 2998 1057 3049 tu,
1113 3004 1326 3056 semper

254 3058 504 3111 videlicet
540 3061 918 3126 respondendo
953 3076 1047 3127 per
1072 3061 1326 3127 Scriptu-

254 3145 393 3193 mm,
420 3129 563 3181 sicut
585 3141 639 3181 et
657 3131 774 3197 ipse
796 3130 936 3182 fecit.
971 3132 1127 3183 Unde
1150 3132 1196 3183 si
1214 3143 1326 3182 ten-

254 3211 337 3270 tat
360 3201 430 3251 de
457 3201 695 3267 appetitu
734 3203 1027 3268 bonorum,
1063 3204 1325 3254 debemus

254 3271 605 3337 respondere,
626 3273 886 3339 scriptum
912 3284 996 3324 est
1025 3287 1055 3324 :v
1071 3273 1218 3335 Quid
1242 3288 1328 3324 su-

251 3343 460 3408 perbis,
497 3349 644 3394 terra
675 3351 727 3395 et
764 3344 950 3396 cinis?
998 3346 1186 3397 Omnis
1219 3361 1327 3412 po·-
1360 3349 1365 3352 ’

254 3420 495 3465 tentatus
520 3416 695 3466 brevis
725 3424 808 3467 est
828 3417 965 3468 vita.
997 3417 1054 3467 Si
1078 3427 1244 3468 tentat
1262 3419 1328 3468 de
1362 3453 1363 3458 ,

251 3486 497 3552 appetitu
520 3487 851 3552 divitiarum,
890 3491 1325 3555 respondeamus,

252 3555 524 3621 scriptum
560 3567 647 3608 est
677 3574 692 3609 ε
726 3558 893 3610 Nihil
951 3560 1228 3611 intulimus
1271 3561 1326 3611 in

255 3627 398 3678 hum
437 3630 689 3680 mundum
714 3668 730 3691 ,
780 3644 881 3681 nec
920 3631 1156 3697 auferre
1181 3633 1330 3698 quid
1364 3655 1369 3664 ·

250 3712 544 3763 possumus
555 3717 577 3763 ‚·
598 3711 651 3751 et
669 3718 685 3751 :
715 3702 916 3753 Nudus
939 3717 1198 3769 egressus
1210 3719 1327 3755 saon

259 3767 328 3819 de
356 3774 508 3821 utero
540 3772 734 3823 matris
768 3785 916 3835 meae,
944 3779 999 3823 et
1023 3775 1204 3825 nudus
1234 3788 1328 3825 re·

257 3845 442 3891 vertar
466 3840 616 3894 illuc.
650 3841 708 3893 Si
753 3852 922 3896 tentat
974 3844 1047 3896 de
1090 3846 1326 3912 appetitu

2390 230 2493 300 239

1429 345 1748 396 deliciarum
1787 346 2114 407 carnalium,
2169 351 2494 415 respondea-

1423 431 1568 476 mus,
1585 417 1845 482 scriptum
1874 426 1986 467 est:
2007 418 2154 469 Caro
2183 426 2233 470 et
2263 423 2494 487 sanguis

1423 501 1654 553 regnum
1683 487 1788 538 Dei
1801 489 2088 552 possidere
2116 506 2217 541 non
2230 501 2492 558 pos-timu

1426 561 1542 621 ubi,
1569 562 1869 611 secundum
1900 562 2153 613 Ghossam
2172 603 2187 623 ,
2244 581 2337 629 per
2373 582 2493 617 car-

1427 646 1553 681 nem
1579 641 1633 682 et
1657 632 1978 696 sanguinem
2004 671 2019 692 ,
2058 645 2301 685 ventrem
2339 647 2391 687 et
2419 638 2497 688 li-

1430 701 1693 761 bidinem,
1725 703 1779 751 id
1809 711 1889 752 est
1915 719 2077 768 opera
2116 706 2364 768 carnalia,
2393 709 2495 758 de-

1430 772 1623 838 signat.
1645 774 1715 823 Et
1728 772 1803 823 ita
1824 773 1891 822 de
1914 773 2033 824 aliis
2053 775 2496 845 quibuscumque

1427 845 1573 896 vitiis
1594 846 2006 912 impugnamur,
2031 862 2243 914 semper
2274 861 2494 901 utamur

1423 917 1614 983 clypeo
1644 933 1803 968 sacrae
1819 919 2107 984 Scripturae
2135 922 2200 969 ad
2226 921 2492 973 defensio-

1423 1005 1556 1040 :nem
1599 1000 1835 1040 nostram
1874 1002 2057 1040 contra
2096 991 2240 1042 istud
2271 993 2485 1045 vitium.

1427 1061 1507 1110 De
1536 1060 2083 1126 praemissisDomini
2112 1062 2281 1123 factis,
2308 1065 2385 1115 sic
2415 1066 2495 1115 di-

1424 1130 1499 1181 cit
1538 1131 1832 1182 Anselmus
1859 1148 1880 1181 .·
1910 1150 1936 1177 «
1965 1132 2044 1181 De
2078 1133 2353 1198 Baptismo
2375 1173 2390 1196 ,
2439 1136 2495 1185 in

1429 1202 1701 1252 desertum
1733 1201 1792 1251 in
1820 1201 2014 1267 spiritu
2044 1202 2379 1255 fortitudinis
2407 1206 2496 1255 in-

1407 1287 1645 1338 ¹gressus
1672 1287 1759 1332 es,
1803 1284 1869 1323 ut
1899 1272 2023 1323 vitae
2067 1273 2320 1325 solitariae
2353 1275 2410 1326 in
2441 1287 2496 1327 te

1425 1357 1538 1392 non
1566 1343 1775 1393 deesset
1793 1344 2118 1408 exemplum.
2135 1345 2495 1397 Solitudinem

1428 1423 1483 1463 et
1511 1414 1780 1479 ,Jejunium
1840 1415 2191 1480 quadraginta
2247 1416 2494 1479 dierum,

1426 1485 1585 1535 famis
1607 1484 1946 1535 acerbitatem
1963 1523 1976 1547 ,
2008 1494 2337 1537 tentamenta
2358 1488 2494 1539 illu-

1423 1557 1567 1608 soris
1593 1557 1817 1622 spiritus
1844 1558 2219 1623 aequanimiter
2235 1560 2493 1623 tolerasti,

1427 1638 1490 1678 ut
1519 1627 1702 1679 omnia
1721 1627 1840 1677 haec
1870 1627 2031 1678 nobis
2052 1629 2352 1680 tolerabilia
2379 1630 2492 1681 effi-

1423 1713 1631 1749 ceres.»
1647 1699 1718 1748 Et
1744 1698 1973 1748 iterum:
1994 1698 2244 1749 «Exinde
2269 1700 2512 1752 dilectis-⁷

1419 1773 1601 1823 simus
1628 1773 1784 1823 Jesus
1831 1771 2139 1822 solitudinis
2169 1773 2267 1823 tibi
2299 1785 2497 1826 secreta

1427 1844 1638 1907 dicavit,
1665 1854 1716 1894 et
1736 1843 2082 1894 sanctificavit
2105 1844 2182 1894 ibi
2211 1845 2493 1910 jejunium,

1423 1915 1509 1965 ibi
1556 1917 1902 1966 subeundum
1948 1917 2147 1966 docens
2194 1933 2316 1968 cum
2356 1919 2499 1969 calli-

1426 1987 1497 2036 do
1525 1987 1681 2038 hoste
1715 1987 2049 2038 conflictum.
2105 1989 2232 2038 Haec
2275 1990 2376 2039 tibi
2413 1990 2497 2040 fa-

1424 2069 1535 2120 cta,
1568 2075 1664 2126 pro
1685 2067 1744 2110 'te
1769 2060 1931 2119 facta,
1975 2069 2029 2109 et
2055 2074 2296 2125 quonam
2327 2064 2495 2112 modo

1415 2129 1563 2180 ‚facta
1623 2141 1751 2181 sunt
1805 2130 2089 2196 diligenter
2159 2133 2490 2195 attendens;

1425 2201 1591 2269 dilige
1643 2219 1769 2254 eum
1815 2218 1845 2253 a
1895 2218 2005 2269 quo
2060 2201 2195 2253 facta
2229 2213 2371 2270 'sunt
2417 2220 2431 2254 ε
2467 2223 2496 2252 n

1427 2274 1544 2323 haec
1595 2274 1900 2324 AnselmuS.
1939 2270 2056 2322 'Eia
2110 2288 2281 2333 nunc,
2330 2274 2498 2324 Chri-

1425 2345 1499 2396 sti
1555 2346 1819 2411 discipule
1849 2385 1862 2405 ,
1914 2360 2039 2395 cum
2102 2346 2194 2410 pio
2238 2346 2496 2412 magistro

1429 2417 1743 2470 solitudinis
1781 2427 1982 2467 secreta
2008 2417 2275 2483 perquire,
2311 2427 2372 2467 ut
2397 2432 2498 2468 so·—

1430 2490 1547 2541 cins
1580 2488 1813 2539 ferarum
1841 2486 2078 2551 effectu5‚
2109 2503 2297 2539 arcana
2325 2488 2494 2539 silen-

1429 2563 1492 2615 tii
1517 2561 1778 2613 orationis
1807 2561 2010 2611 devotae
2028 2599 2041 2620 ‚
2093 2561 2336 2611 diuturni
2359 2562 2497 2626 jeju·

1429 2635 1529 2697 nii,
1545 2635 1697 2686 trinoe
1716 2633 2132 2685 conflictationis
2145 2649 2273 2683 cum
2291 2634 2491 2684 callido

1433 2711 1591 2761 hoste
1618 2709 1858 2759 imitator
1895 2706 2008 2766 fiaS‚
2040 2717 2092 2756 et
2121 2708 2401 2773 particeps,
2442 2716 2494 2758 et

1432 2783 1490 2833 in
1539 2781 1689 2832 omni
1734 2779 2047 2831 tentationis
2087 2779 2401 2831 discrimine
2427 2781 2496 2831 ad

1431 2854 1611 2920 ipsum
1644 2853 1821 2902 discas
1841 2852 2039 2901 habere
2071 2865 2367 2911 recursum,
2398 2866 2496 2918 pro

1425 2937 1496 2972 reo
1533 2921 1687 2988 quod
1725 2935 1833 2971 ποθι
1887 2920 2139 2970 habemus
2182 2919 2496 2987 pontificem

1432 2993 1526 3059 qui
1553 3007 1665 3043 -non
1694 2992 1872 3057 possit
1895 2990 2130 3057 compati
2148 2990 2493 3057 infirmitati-

1427 3067 1532 3137 ὀξυ
1587 3065 1810 3127 nostris,
1859 3070 2112 3115 tentatum
2159 3077 2263 3130 per
2317 3064 2496 3115 omnia

1585 3134 1935 3186 similitudine
1986 3135 2181 3199 absque
2242 3139 2494 3198 peccato.

1432 3207 1541 3257 Nec
1555 3205 1745 3255 timere
1758 3204 1927 3254 debes
1943 3203 2259 3254 tentationes
2279 3211 2374 3252 aut
2400 3202 2495 3251 du-

1427 3278 1600 3327 bitare
1628 3276 1684 3325 in
1713 3275 1793 3325 eis
1815 3313 1829 3334 ‚
1874 3275 2001 3341 quia
2023 3289 2165 3341 quos
2194 3274 2340 3324 Deus
2369 3272 2501 3323 dili-

1425 3349 1688 3415 -git,.saepe
1705 3346 1941 3412 castigat,
1972 3356 2023 3396 et
2054 3345 2235 3394 multae
2266 3343 2499 3394 tribula-

1427 3418 1631 3477 tiones,
1683 3432 1800 3466 non
1854 3427 2322 3482 quorumcumque
2340 3450 2356 3472 ‚
2400 3413 2497 3463 sed

1419 3490 1725 3557 justorum,
1756 3498 1819 3539 ut
1864 3504 1987 3539 cum
2015 3485 2222 3553 probati
2277 3484 2497 3546 fuerint,

1431 3573 1685 3609 coronam
1713 3558 1840 3609 vitae
1871 3557 2145 3622 accipiant.
2173 3555 2328 3606 Unde
2358 3557 2498 3605 Am·-

1432 3630 1648 3682 brosius
1675 3647 1695 3680 .-
1725 3646 1752 3675 «
1783 3630 1948 3686 Docet
1975 3618 2139 3693 igitur
2169 3637 2222 3677 te
2249 3626 2502 3691 Scriptu-

1435 3718 1493 3753 ra
1513 3701 1713 3761 divina,
1741 3716 1852 3751 non
1876 3700 2052 3749 solum
2076 3708 2262 3749 contra
2282 3711 2501 3748 carnem

1436 3784 1493 3825 et
1509 3773 1843 3839 sanguinem,
1882 3771 1976 3821 sed
2003 3769 2165 3820 etiam
2194 3779 2379 3820 contra
2405 3768 2499 3819 in-

1432 3844 1599 3897 sidias
1623 3842 1927 3909 spirituales
1949 3856 2066 3892 esse
2088 3850 2374 3893 certamen.
2391 3840 2502 3891 Co-
