2784 4452
455 353 551 403 DE
579 311 1083 403 CdNCEPTloNE
1113 344 1554 397 SALVATORIS
1589 341 1871 393 NOSTRI.
2211 338 2284 403 43

109 473 162 523 let
186 473 443 537 loquentes
482 469 740 520 audierat.
787 468 846 518 In
882 482 988 533 qua
1020 480 1113 515 sa-

109 544 313 593 lutatione
354 559 476 592 cum
514 542 714 591 videret
747 555 804 590 se
838 541 904 589 de
937 538 1114 590 tribus

108 614 433 673 commendari,
480 629 590 663 non
641 619 847 678 poterat
882 610 1111 662 humilis

108 685 286 735 Domina
307 702 414 735 non
436 684 661 734 turbari.
686 683 1114 734 commendatur

107 756 214 804 enim
256 757 393 821 quod
444 765 585 805 esset
637 754 806 820 gratia
852 754 1027 819 plena,
1061 760 1115 802 et

107 827 213 890 quod
232 826 485 875 Dominus
509 835 648 875 esset
670 840 872 884 secum,
893 832 948 874 et
965 823 1113 889 quod

106 908 208 946 esset
228 897 489 947 benedicta
514 911 676 961 super
699 911 890 945 omnes
912 894 1112 945 mulie-

106 981 178 1015 res.
204 969 262 1016 At
291 968 513 1017 humilis
545 966 782 1017 Domina
822 981 931 1015 non
955 974 1112 1030 pote-

106 1046 163 1085 rat
212 1052 347 1086 suam
410 1036 939 1088 commendationem
992 1035 1114 1086 sine

106 1107 251 1158 rubore
290 1118 338 1158 et
379 1108 692 1158 turbatione
734 1107 937 1167 audire,
984 1106 1116 1172 quia

106 1189 219 1226 verus
239 1178 449 1228 humilis
472 1179 541 1229 de
563 1179 818 1229 laudibus
845 1189 899 1228 et
928 1178 1113 1228 hono-

107 1246 214 1298 ribus
248 1249 551 1299 erubescere
604 1250 741 1305 solet
794 1259 845 1300 et
912 1250 1110 1299 dolere.

108 1316 216 1368 Unde
239 1320 548 1369 Ber-nardus
581 1337 602 1369 .·
643 1338 669 1365 «
705 1319 864 1379 Quod
898 1319 1113 1370 turbata

107 1399 180 1448 est,
232 1388 325 1439 fuit
381 1390 725 1441 verecundiae
794 1389 1109 1456 virginalis;

108 1459 208 1521 quod
236 1477 335 1510 non
361 1461 674 1526 perturbata
718 1460 839 1520 fuit,
887 1459 1112 1511 fortitu-

107 1529 227 1593 dinis;
249 1535 381 1597 quod
404 1548 538 1583 vero
566 1533 737 1583 tacuit
764 1542 817 1583 et
841 1532 1111 1598 cogitavit,

108 1597 179 1649 fuit
196 1604 466 1667 prudentiae
492 1614 552 1655 et
574 1603 933 1655 discretionis,
961 1623 988 1651 »

154 1685 195 1719 11
242 1674 346 1732 Quo
416 1690 589 1725 sensu
654 1690 892 1725 cmm
968 1688 1115 1724 nur>

106 1740 222 1820 penu
258 1748 492 1798 mvemr?
545 1776 607 1785 —
673 1749 830 1798 Tunc
873 1746 1115 1812 Angelus

107 1814 284 1867 intuitus
318 1820 635 1886 Virginem,
678 1829 734 1870 et
776 1820 951 1870 varias
996 1833 1114 1869 eam

106 1898 243 1936 secum
263 1892 455 1942 volvere
478 1892 837 1957 cogitationes
860 1890 1118 1942 facillime

106 1954 461 2022 deprehendens,
516 1971 575 2012 et
607 1977 821 2013 eausam
845 1977 958 2012 suoe
989 1971 1112 2012 tur-

109 2027 284 2108 bationis
305 2051 652 2101 cognoscens,
677 2037 986 2087 consolatur
1018 2049 1117 2101 pa-

110 2103 257 2180 ndam,
281 2107 546 2158 confortat
568 2107 870 2169 timentem,
891 2123 952 2159 ac
974 2121 1117 2174 qua-

112 2185 144 2221 ⁸1
178 2186 329 2228 notam
371 2178 717 2231 familiariter
781 2195 849 2232 ex
892 2180 1118 2231 nomine

110 2260 266 2309 vocans,
297 2266 359 2300 ne
398 2253 599 2302 timere
647 2252 837 2303 debeat
882 2253 1118 2319 benigne

112 2321 327 2380 persuadet
355 2333 407 2373 et
439 2325 614 2389 jubet,
658 2325 843 2376 dicens
879 2342 896 2377 :
923 2327 1016 2377 Ne
1044 2325 1148 2380 ti-.

112 2401 228 2465 ineas,
251 2391 445 2456 Maria,
476 2410 582 2445 nec
605 2396 672 2445 de
708 2396 958 2446 laudibus
985 2411 1122 2461 quas

115 2457 182 2536 tibi
197 2460 288 2510 dixi
308 2466 683 2516 verecunderis
707 2483 723 2517 ε
747 2476 830 2517 est
850 2467 1000 2517 enim
1023 2482 1120 2517 ve-

114 2539 205 2579 ntas
245 2533 293 2583 in
335 2537 427 2587 eis.
456 2538 575 2588 Nec
624 2540 805 2589 solum
851 2555 908 2590 es
953 2540 1121 2605 gratia

115 2599 241 2661 plena,
271 2607 353 2655 sed
378 2607 546 2657 etiam
573 2617 687 2658 toto
712 2609 893 2674 generi
924 2610 1122 2660 huma-

115 2684 165 2718 no
179 2676 383 2737 gratiam
405 2677 772 2744 multiplicem
800 2681 1122 2746 recuperasti

115 2749 150 2788 et
180 2758 224 2793 re
261 2745 497 2800 invenisti
544 2750 691 2815 apud
725 2752 915 2813 Deum,
955 2765 1122 2817 quam

115 2815 218 2865 nulla
264 2834 498 2886 unquam
579 2822 777 2887 reperit
867 2832 1123 2873 creatura.

116 2881 233 2940 Quasi
255 2890 457 2953 diceret,
497 2894 800 2945 secundum
844 2894 1126 2962 Chryses-

117 2960 278 3039 lomtfm,
323 2966 413 3030 qui
472 2966 622 3032 apud
666 2967 843 3018 Deum
892 2977 1130 3019 meretur

118 3039 302 3109 gutum,
325 3051 435 3086 non
460 3037 782 3104 habetquid
806 3038 1012 3089 timeat.
1037 3039 1126 3089 In-

119 3104 269 3181 vemsti,
311 3105 505 3173 inquit,
556 3124 668 3174 quo
704 3109 929 3160 merito?
971 3111 1126 3162 Certe

120 3165 376 3238 humilitate,
429 3179 711 3244 pudicitiae
766 3181 1027 3242 castitate,
1074 3191 1127 3232 et

120 3244 393 3314 cpnscientiae
441 3249 693 3315 puritate.
730 3251 810 3301 De
832 3250 1010 3316 primo
1035 3251 1126 3301 di-

122 3317 170 3357 clt
184 3311 577 3382 Clu-ysostomus
604 3337 621 3370 ε
654 3338 682 3366 α
706 3320 947 3385 Qualiter
968 3321 1127 3387 quis-

122 3389 193 3453 (ΙΨ
225 3387 430 3447 gratiam
499 3389 786 3453 reperiret,
846 3391 953 3442 nisi
1003 3407 1124 3442 me-

122 3445 252 3502 dlante
288 3455 618 3519 humilitate,
664 3475 793 3510 nam
837 3462 1126 3513 humilibus

122 3513 224 3599 Dfus
239 3524 319 3576 dat
334 3530 593 3594 gratiam.
621 3551 650 3578 n
671 3532 750 3581 De
773 3532 895 3582 aliis
913 3534 1127 3584 duobus

122 3587 213 3642 dicit
232 3596 519 3664 Gregorius
545 3619 563 3652 .·
590 3620 618 3649 α
643 3603 854 3654 Invenit
900 3605 1126 3670 gratiam

123 3672 380 3743 &refotam
405 3673 536 3733 Dee,
556 3674 688 3740 quia
711 3676 996 3741 splendore
1020 3692 1127 3742 pu-

124 3727 268 3786 dicitiae
331 3744 600 3807 propriam
672 3760 940 3796 exornans
1007 3746 1130 3796 ani-

128 3812 245 3865 mam,
274 3822 479 3874 gratum
514 3830 570 3865 se
596 3816 713 3865 Deo
760 3816 1127 3868 habitaculum

128 3881 383 3939 Praeparavit
406 3899 419 3932 ε
444 3893 498 3933 et
538 3901 650 3936 non
686 3888 866 3938 solum
914 3887 1129 3938 caeliba-

129 3949 210 3996 tum
272 3952 629 4009 inviolabilem
708 3959 955 4027 reliquit;
1035 3960 1129 4011 sed

1215 463 1376 514 etiam
1435 458 1834 512 immaculatam
1894 458 2282 510 conscientiam

1216 533 1521 585 custodivit.
1561 552 1591 580 ιι
1626 534 1808 598 Itaque
1848 531 2096 581 invenisti
2129 546 2273 597 gra-

1218 607 1365 668 tiam,
1400 606 1602 655 scilicet
1630 604 1728 654 Dei
1764 613 1818 653 et
1841 602 2148 661 hominum,
2185 618 2284 667 pa-

1216 696 1351 739 cem,
1387 678 1578 729 mortis
1622 676 2058 733 destructionem,
2086 684 2138 725 et
2163 675 2287 726 vitae

1218 750 1628 816 reparationem,
1652 759 1715 799 ut
1741 764 1834 813 per
1868 758 1920 797 te
1943 747 2058 796 Deu
2173 762 2282 795 un-

1217 825 1350 874 dum
1382 824 1688 882 redimeret,
1725 837 1820 888 per
1854 831 1907 871 te
1932 819 2282 879 illuminaret,

1218 904 1270 945 et
1294 910 1389 960 per
1412 904 1464 944 te
1498 894 1564 943 ad
1592 894 1761 944 vitam
1798 902 2081 942 revocaret.
2121 890 2285 939 Plena

1217 982 1344 1033 ergo
1367 967 1474 1032 jam
1501 965 1670 1032 gratia
1689 965 1900 1015 invenit
1922 964 2166 1030 gratiam,
2185 962 2286 1012 sed

1217 1040 1357 1100 aliis,
1379 1050 1434 1090 et
1455 1040 1521 1090 ad
1538 1038 1981 1104 dispensandum.
2010 1037 2166 1088 Unde
2183 1037 2290 1086 Aa·

1217 1113 1473 1180 gustinus
1497 1129 1515 1162 .-
1542 1130 1569 1157 α
1597 1112 1648 1161 O
1672 1111 1859 1170 Maria,
1895 1109 2121 1175 gratiam
2144 1108 2288 1173 apud

1219 1183 1519 1234 Dominum
1552 1181 1829 1240 invenisti,
1856 1190 1908 1230 et
1932 1181 2071 1229 hanc
2095 1194 2190 1244 per
2214 1188 2290 1228 to—

1219 1264 1337 1305 tum
1358 1254 1629 1303 mundum
1650 1251 1950 1301 diffundere
1977 1249 2244 1300 meruisti.
2262 1269 2290 1296 n

1220 1325 1376 1377 Unde
1410 1334 1658 1374 notanter
1695 1322 1826 1372 dicit
1857 1321 2106 1372 invenisti
2133 1338 2152 1371 .·
2179 1337 2289 1371 non

1219 1396 1352 1447 dicit
1386 1394 1647 1454 habuisti,
1672 1394 1756 1444 vel
1780 1391 2133 1458 acquisivisti,
2161 1391 2290 1458 quia

1221 1484 1305 1518 res
1360 1465 1546 1516 habita
1596 1465 1679 1514 vel
1735 1464 1874 1529 juste
1917 1463 2181 1528 acquisita
2229 1474 2291 1513 ut

1220 1537 1439 1605 propria
1462 1535 1779 1595 custoditur,
1818 1534 1911 1584 sed
1958 1534 2176 1583 inventa
2200 1534 2291 1583 his

1222 1613 1318 1679 qui
1343 1611 1692 1678 perdiderunt
1714 1607 2018 1659 restituitur
2043 1625 2058 1657 ε
2088 1608 2165 1657 sic
2187 1609 2296 1658 Ma-

1221 1687 1300 1736 ria
1345 1681 1555 1734 invenit
1602 1681 1848 1747 gratiam,
1876 1696 1987 1731 non
2032 1680 2137 1729 sibi
2186 1679 2290 1730 soli

1223 1753 1561 1805 retinendam
1582 1792 1598 1813 ,
1676 1752 1768 1802 sed
1836 1762 2097 1818 tanquam
2170 1751 2295 1802 aliis

1224 1825 1630 1876 restituendam.
1691 1823 1798 1883 Qui
1871 1823 2021 1874 enim
2085 1822 2295 1874 invenit

1223 1895 1516 1963 perditum,
1554 1904 1766 1946 tenetur
1795 1895 2075 1945 restituere
2117 1912 2132 1944 ε
2171 1910 2295 1961 gra—

1222 1967 1355 2017 tiam
1411 1982 1539 2017 vero
1613 1981 1780 2032 quam
1865 1967 1974 2016 Eva
2025 1965 2312 2030 perdidit,

1221 2037 1392 2088 Maria
1428 2037 1654 2097 invenit,
1689 2052 1802 2087 non
1845 2038 2027 2087 solum
2074 2052 2172 2102 pro
2219 2052 2297 2097 se,

1224 2110 1317 2159 sed
1383 2119 1438 2159 et
1498 2125 1597 2174 pro
1664 2109 1824 2160 nobis
1859 2148 1874 2169 ,
1945 2110 2058 2159 imo
2130 2109 2293 2159 etiam

1225 2190 1443 2248 propter
1507 2196 1639 2244 nos;
1698 2181 1827 2247 quia
1874 2182 1919 2231 si
1963 2196 2065 2231 nos
2111 2194 2296 2245 pecca-

1224 2264 1368 2303 tores
1411 2268 1523 2302 non
1551 2250 1863 2312 fuissemus,
1895 2252 2040 2301 Deus
2083 2252 2149 2300 de
2181 2250 2300 2314 ipsa

1223 2337 1441 2373 carnem
1488 2337 1600 2372 non
1649 2321 1990 2386 sumpsisset.
2052 2321 2118 2371 Et
2169 2321 2290 2371 ideo

1226 2409 1419 2445 ornnes
1452 2392 1548 2458 qui
1574 2392 1839 2457 peccando
1861 2391 2090 2457 gratiam
2107 2390 2294 2441 amisi·

1227 2482 1370 2526 mus,
1395 2463 1569 2516 securi
1589 2464 1660 2515 ad
1693 2464 1956 2514 thronum
1991 2464 2173 2531 gratiae
2205 2479 2296 2515 ac-

1226 2537 1509 2596 cedamus,
1564 2545 1618 2586 et
1668 2535 1893 2586 Mariam
1942 2536 2294 2586 inventricem

1228 2607 1411 2674 gratiae
1454 2606 1562 2672 piis
1611 2606 1829 2657 fletibus
1870 2617 2032 2673 atque
2088 2606 2300 2657 devotis

1228 2678 1568 2730 orationibus
1607 2679 1917 2743 -pulsemus
1941 2716 1956 2738 ,
2035 2688 2097 2728 ut
2172 2693 2295 2743 gra-

1227 2750 1361 2801 tiam
1395 2749 1558 2801 nobis
1579 2750 1766 2800 reddat
1802 2764 1967 2816 quam
2005 2765 2102 2815 pro
2133 2748 2293 2799 nobis

1228 2831 1281 2871 et
1332 2830 1551 2886 propter
1601 2836 1704 2870 nos
1759 2819 1985 2870 invenit.
2040 2820 2160 2885 Ipsa
2217 2828 2299 2870 est

1228 2891 1377 2942 enim
1399 2891 1478 2941 ita
1498 2891 1706 2958 legalis»,
1734 2892 1889 2956 justa,
1918 2890 2007 2956 pia
2027 2902 2082 2941 et
2105 2889 2292 2956 propi-

1228 2962 1321 3022 tia,
1369 2963 1517 3028 quod
1567 2962 1704 3012 nulli
1763 2961 2024 3028 quaerenti
2076 2961 2303 3026 denegat

1229 3033 1476 3100 gratiam.
1497 3034 1654 3084 Unde
1675 3033 2011 3084 Ber-nardus.-
2039 3051 2067 3079 α
2091 3032 2293 3083 Omni-
2323 3039 2334 3049 ⁶

1231 3106 1336 3155 bus
1368 3103 1556 3156 omnia
1597 3104 1736 3155 facta
1778 3114 1876 3164 est,
1921 3104 2183 3155 omnibus
2218 3102 2301 3154 si-

1231 3190 1367 3226 num
1413 3172 1794 3226 misericordiae
1850 3175 2077 3241 aperuit,
2129 3183 2190 3224 ut
2236 3174 2305 3225 de

1230 3245 1570 3313 plenitudine
1616 3247 1732 3311 ejus
1771 3248 2034 3313 accipiant
2077 3246 2301 3297 univer·-

1231 3318 1278 3369 si
1306 3318 1588 3383 :captivus
1649 3319 2077 3384 redemptionem
2098 3358 2112 3379 ,
2164 3332 2304 3383 aeger

1231 3391 1564 3442 curationem
1579 3428 1593 3450 ,
1640 3390 1811 3441 tristis
1851 3391 2294 3447 consolationem,

1233 3471 1475 3527 peccator
1518 3460 1764 3524 veniam,
1801 3461 1977 3527 justus
2031 3461 2289 3526 gratiam,

1230 3533 1471 3597 Angelus
1544 3533 1812 3592 laetitiam,
1883 3531 2122 3597 denique
2191 3538 2303 3579 tota

1232 3603 1475 3654 Trinitas
1499 3604 1744 3669 gloriam.
1765 3622 1793 3651 n
1817 3604 1883 3653 Et
1907 3603 2102 3652 iterum
2128 3618 2142 3650 ε
2169 3618 2198 3645 ι(
2217 3599 2301 3649 Fi—

1231 3674 1366 3734 lioli,
1412 3675 1527 3726 haec
1589 3684 1926 3740 peccatorum
1976 3673 2133 3731 scala,
2189 3671 2305 3722 haec

1234 3759 1353 3795 mea
1416 3745 1653 3797 maxima
1717 3744 1944 3805 fiducia,
2012 3743 2125 3792 haec
2193 3750 2305 3792 tota

1233 3816 1369 3866 ratio
1412 3816 1527 3882 spei
1559 3832 1709 3867 meae.
1737 3815 1870 3866 Dico
1892 3812 2048 3864 vobis
2074 3827 2088 3860 :
2115 3810 2171 3860 Si
2211 3811 2300 3876 pie

1232 3903 1264 3939 a
1292 3888 1452 3939 vobis
1502 3888 1711 3954 pulsata
1746 3886 1925 3944 fuerit,
1962 3883 2009 3933 si
2043 3882 2130 3948 pie
2180 3882 2308 3934 fue-

1233 3959 1303 4014 rit
1383 3959 1629 4010 invocata
1656 3996 1672 4020 ,
1767 3954 2121 4021 compatietur
2207 3969 2314 4004 vo·-
