2784 4452
317 389 421 449 236

300 517 637 575 exasperatus
671 518 753 559 est
788 517 839 559 et
879 508 1076 574 repulit
1106 523 1250 568 eum,
1290 507 1367 558 di·

300 596 426 632 cens
459 598 472 630 :
520 581 690 642 Vade,
725 582 964 642 Satana,
1004 590 1064 630 ut
1094 594 1192 630 nos
1215 578 1362 629 illius

298 651 568 701 discamus
616 652 859 717 exemplo
895 659 1101 702 nostras
1140 650 1360 717 quidem

300 720 525 787 injurias
589 721 1001 788 magnanimiter
1064 721 1358 781 sustinere,

296 795 394 845 Dei
425 805 603 845 autem
635 794 856 860 injurias
894 810 1069 861 neque
1097 810 1268 861 usque
1293 795 1360 845 ad

296 867 542 917 auditum
576 865 794 917 sufferre
812 882 826 929 3
867 866 1126 932 quoniam
1156 866 1213 917 in
1240 882 1362 933 pro-

296 937 433 1003 priis
482 937 690 1002 injuriis
733 938 849 987 esse'
894 937 1206 1004 quempiam
1258 952 1356 1003 pa-

294 1007 516 1059 tientem
541 1007 805 1059 laudabile
823 1018 920 1067 est,
942 1007 1161 1073 injurias
1178 1018 1357 1059 autem

294 1081 393 1132 Dei
417 1081 755 1132 dissimulare
775 1080 940 1131 nimis
964 1080 1192 1147 impium
1213 1090 1310 1132 est.
1325 1100 1352 1128 n

295 1151 399 1202 Ubi
466 1162 519 1202 et
582 1152 1003 1218 Hieronymus,-
1036 1170 1064 1199 «
1114 1152 1236 1202 Non
1293 1161 1355 1202 ut

291 1222 537 1289 plerique
566 1232 756 1288 putant
789 1223 973 1273 eadem
1014 1224 1251 1284 Satanas,
1294 1233 1354 1273 ut

291 1293 584 1358 Apostolus
632 1294 841 1352 Petrus,
904 1292 1167 1343 sententia
1216 1308 1352 1343 con-

294 1363 605 1426 demnatur;
669 1364 825 1413 Petro
882 1363 1027 1413 enim
1096 1362 1292 1413 dicitur
1335 1380 1350 1413 ;

301 1435 449 1486 Vade
497 1443 643 1487 retro
689 1451 795 1496 me,
844 1435 1085 1497 Satana,
1135 1436 1188 1486 id
1237 1446 1349 1497 est,

288 1520 509 1572 sequere
562 1522 649 1557 me
687 1507 781 1573 qui
838 1506 1133 1557 contrarius
1162 1522 1219 1557 es
1248 1523 1349 1557 vo-

284 1577 475 1627 luntati
504 1593 663 1642 meoe3
689 1578 778 1628 hic
797 1593 922 1628 vero
950 1578 1100 1628 audit
1132 1594 1147 1628 ε
1180 1578 1345 1640 Vade,

285 1647 527 1710 Satana,
564 1658 616 1698 et
641 1664 750 1698 non
779 1647 978 1697 dicitur
996 1647 1044 1697 ei
1066 1658 1208 1698 retro
1240 1663 1368 1707 me,·

283 1728 346 1768 ut
410 1719 759 1770 subaudiatur
805 1736 818 1768 :
864 1718 1012 1769 Vade
1059 1718 1115 1769 in
1168 1719 1346 1785 ignem

283 1797 546 1838 aeternum
606 1789 699 1854 qui
741 1799 956 1854 paratus
992 1799 1072 1839 est
1109 1789 1241 1850 tibi,
1295 1800 1347 1840 et

282 1859 507 1925 Angelis
534 1859 660 1909 tuis.
685 1860 892 1910 Deinde
916 1858 1187 1910 Dominus
1213 1861 1346 1911 sub-

281 1930 459 1996 jungit
491 1947 505 1981 z
535 1931 807 1998 Scriptum
861 1937 942 1982 est
995 1931 1161 1995 enim,
1193 1932 1344 1983 omni

279 2002 512 2063 homini,
541 2003 824 2055 Dominum
855 2003 1121 2064 omnium,
1147 2003 1346 2055 scilicet

279 2087 375 2138 per
424 2073 747 2138 potentiam,
786 2075 983 2137 Deum,
1013 2074 1217 2125 scilicet
1252 2090 1344 2141 per

279 2144 623 2204 creationem,
650 2150 810 2206 tuum,
841 2145 1042 2195 scilicet
1074 2144 1169 2213 qui
1188 2146 1344 2196 debet

279 2229 394 2265 esse
447 2224 575 2266 tuus
626 2232 721 2281 per
773 2215 978 2267 cultum
1028 2216 1307 2283 specialem
1326 2257 1340 2280 ,

278 2286 554 2348 adorabiS,
587 2287 811 2338 interius
840 2287 961 2349 fide,
995 2303 1107 2354 spe,
1132 2298 1183 2339 et
1209 2289 1342 2340 cha-

277 2356 462 2417 ritate,
501 2363 552 2407 ετ
591 2357 676 2408 illi
702 2358 807 2409 soli
837 2359 1066 2421 servieS,
1109 2359 1342 2411 exterius

274 2427 530 2478 servitute
578 2429 765 2480 latriae.
795 2449 822 2477 ³>
852 2430 921 2480 Et
961 2445 1054 2496 per
1082 2431 1202 2491 hoc,
1249 2447 1340 2483 se-

274 2502 514 2552 cundum
560 2503 952 2569 Augustinum,
1004 2522 1113 2555 non
1155 2507 1340 2557 exclu-

276 2574 421 2624 ditur
448 2573 674 2625 servitus
702 2575 881 2626 debita
920 2576 1159 2627 dominis
1196 2590 1338 2628 tem-

275 2644 571 2709 poralibus.
630 2646 712 2707 Et,
760 2647 1053 2697 secundum
1103 2649 1336 2714 Bedam,

272 2714 523 2779 jubemur
567 2715 656 2766 hic
703 2716 808 2767 soli
834 2718 949 2768 Deo
986 2719 1193 2769 servire
1219 2735 1338 2770 ser-

273 2784 442 2835 vitute
480 2786 688 2850 latriae,
739 2803 861 2855 quae
901 2789 1000 2839 soli
1041 2789 1338 2842 divinitatis

274 2856 441 2907 cultui
470 2858 708 2919 debetur,
740 2861 883 2910 unde
912 2871 965 2910 et
990 2860 1047 2910 hi
1078 2861 1172 2928 qui
1197 2862 1337 2914 hanc

272 2925 434 2976 idolis
468 2926 805 2993 impendunt,
847 2929 1153 2982 idololatroe
1188 2948 1335 2982 nun-

271 3006 564 3062 cupantur;
595 3001 685 3049 sed
715 3000 782 3049 ab
799 3001 1058 3065 Apostolo
1084 3002 1336 3068 jubemur

270 3082 366 3133 per
394 3068 706 3119 charitatem
736 3070 965 3121 invicem
993 3072 1191 3124 servire
1216 3089 1333 3125 ser-

270 3138 438 3189 vitute
466 3139 660 3203 duliae,
703 3157 824 3207 quae
871 3144 1178 3195 communis
1224 3156 1330 3210 est,

268 3210 381 3260 sive
406 3210 534 3271 Dee,
560 3211 670 3262 sive
694 3213 939 3274 homini,
979 3214 1090 3265 sive
1113 3216 1334 3268 cuilibet

266 3297 448 3334 rerum
479 3294 698 3335 naturae.
728 3285 928 3351 Itaque,
955 3297 1016 3337 ut
1043 3288 1114 3338 ait
1158 3289 1328 3352 Beda,

267 3353 451 3404 dicens
487 3354 733 3405 diabolus
770 3355 1054 3417 Salvatori,
1095 3357 1162 3422 si,
1199 3374 1333 3425 pro·

267 3423 467 3489 cidem,
499 3425 817 3477 adoraveris
867 3441 981 3489 me‚·
1010 3443 1039 3478 e
1068 3429 1330 3480 contrario

267 3495 473 3547 audivit
521 3498 668 3563 quod
717 3497 831 3563 ipse
891 3499 1062 3565 magis
1111 3501 1329 3553 adorare

266 3566 454 3618 debeat
496 3583 622 3618 eum
684 3569 856 3619 Deum
914 3580 967 3621 et
1026 3571 1327 3624 Dominum

264 3656 445 3701 suum,
490 3642 642 3708 quasi
673 3643 776 3693 sibi
805 3643 1000 3695 diceret
1031 3663 1043 3695 :
1077 3646 1198 3695 Non
1229 3662 1327 3713 ego

216 3757 223 3768 ,
263 3721 333 3774 te,
361 3713 452 3761 sed
480 3723 539 3762 tu
573 3729 660 3764 me
682 3714 861 3776 debes,
891 3725 950 3765 ut
975 3716 1169 3776 Deum,
1193 3718 1327 3767 ado-

264 3795 399 3832 rare.
421 3784 525 3833 Sed
552 3785 790 3835 adoratio
818 3785 1014 3837 diaboli
1047 3787 1325 3852 subjectio-

263 3851 351 3901 nis
379 3863 474 3915 est,
502 3870 610 3904 non
642 3855 967 3908 devotionis.

334 3938 395 3990 19
428 3926 584 3975 ORno
617 3943 994 3991 Tem-Arionis,
1039 3944 1322 3988 nouusque

261 4008 365 4041 mu
392 4009 655 4046 maenum.
686 4026 747 4036 —
777 4000 853 4049 Ex
879 4000 1182 4066 supradicto
1222 4016 1317 4051 or-

954 389 1197 440 PRIMAE
1233 388 1479 440 PARTIS
1510 390 1745 441 CAPUT
1777 389 1941 441 XXII.

1470 507 1598 558 dine
1619 508 1927 559 tentationis
1944 517 2087 573 patet
2113 508 2260 574 quod
2288 507 2540 560 diabolus

1469 577 1661 645 incipit
1685 595 1717 629 a
1749 579 2039 630 levioribus
2058 617 2072 639 ,
2116 589 2168 628 et
2201 579 2438 644 procedit
2466 580 2535 632 ad

1467 649 1672 714 gravia,
1707 650 1898 700 deinde
1926 650 1987 700 ad
2033 649 2273 716 graviora
2310 660 2363 701 et
2408 661 2532 701 tan-

1466 723 1588 773 dem
1617 723 1682 774 ad
1713 723 2047 789 gravissima.
2083 722 2285 789 Incepit
2320 724 2464 774 enim
2499 739 2531 776 a

1464 794 1749 844 tentatione
1768 794 1889 855 levi,
1914 795 2127 861 quando
2154 795 2379 844 tentavit
2402 810 2528 848 eum

1463 865 1531 913 de
1552 865 1694 930 gula,
1723 881 1845 932 quae
1873 866 2093 915 tentatio
2123 865 2253 915 levis
2282 875 2381 928 est,
2411 881 2531 916 ma-

1464 933 1608 985 xime
1655 944 1899 1001 tempore
1945 934 2132 998 famis,
2199 946 2250 986 et
2299 934 2531 986 finaliter

1464 1016 1584 1072 post
1620 1006 1750 1058 alias
1792 1007 2033 1073 pervenit
2071 1006 2137 1056 ad
2182 1006 2529 1073 gravissima,

1461 1079 1675 1143 quando
1714 1079 1939 1129 tentavit
1966 1094 2091 1128 eum
2116 1079 2182 1128 de
2208 1078 2530 1130 idololatria.

1460 1147 1602 1198 Vicit
1627 1158 1807 1198 autem
1835 1148 2080 1198 Christus
2103 1146 2244 1214 ipsas
2271 1147 2529 1199 tentatio-

1460 1235 1572 1283 nes,
1603 1220 1679 1271 eis
1706 1219 1761 1270 in
1788 1220 1902 1270 suis
1929 1220 2205 1286 principiis
2233 1219 2524 1272 obviandO.

1461 1292 1595 1343 Nam
1629 1309 1756 1343 mox
1794 1309 1919 1344 cum
1982 1293 2227 1344 diabolus
2272 1293 2528 1344 tentatio—

1459 1378 1555 1413 nes
1581 1363 1853 1423 inferebat‚
1895 1363 2144 1414 Christus
2176 1378 2265 1413 eas
2296 1364 2525 1429 repelle—

1458 1435 1564 1486 bat.
1605 1435 1694 1485 Sic
1735 1445 1788 1485 et
1828 1435 1996 1485 homo
2045 1450 2171 1484 mox
2214 1445 2274 1484 ut
2322 1435 2523 1486 diaboli

1458 1505 1774 1556 tentationes
1803 1506 2053 1565 senserit,
2086 1520 2172 1555 eas
2205 1504 2259 1554 in
2287 1521 2387 1555 suo
2415 1504 2523 1556 ini-

1455 1575 1532 1626 tio
1573 1578 1730 1627 debet
1777 1577 2049 1643 repellere.
2101 1576 2256 1635 Nam,
2288 1585 2348 1626 ut
2391 1575 2523 1627 dicit

1454 1647 1833 1714 Hieronymus
1869 1663 1885 1698 .·
1917 1665 1943 1693 «
1975 1645 2241 1696 Lubricus
2281 1655 2358 1696 est
2404 1661 2521 1697 ser-

1454 1734 1586 1784 pens
1613 1718 1897 1786 antiquus,
1928 1729 1977 1769 et
2008 1718 2108 1768 nisi
2141 1718 2310 1784 capite
2333 1728 2521 1769 tenea-

1453 1799 1575 1850 tur,
1622 1798 1767 1840 totus
1821 1789 2001 1840 statim
2047 1789 2301 1840 illabitur.
2347 1790 2522 1841 Habet

1451 1860 1595 1911 enim
1621 1877 1838 1928 serpens
1865 1860 2139 1911 infernalis
2165 1870 2321 1926 caput
2339 1898 2354 1918 ,
2383 1860 2523 1911 scili·

1451 1943 1534 1983 cet
1603 1934 1796 1983 malam
1850 1931 2294 1998 {suggestionem;
2360 1932 2522 1983 habet

1451 2020 1681 2071 corpus,
1730 2004 1932 2056 scilicet
1971 2019 2318 2068 consensum;
2357 2004 2521 2056 habet

1450 2076 1696 2137 caudam,
1739 2075 1943 2126 scilicet
1970 2075 2144 2141 operis
2172 2091 2518 2127 consumma-

1448 2147 1667 2200 tionem.
1737 2148 1837 2200 Ubi
1903 2158 2079 2198 autem
2148 2148 2298 2214 ponit
2359 2158 2520 2214 caput

1447 2221 1848 2290 suggestionis,
1896 2221 2072 2273 statim
2129 2221 2278 2288 ponit
2321 2237 2517 2288 corpus

1448 2308 1745 2344 consensus
1771 2309 1787 2357 ;
1845 2304 1896 2344 et
1946 2292 2040 2343 ubi
2106 2293 2263 2359 ponit
2319 2308 2515 2358 corpus

1446 2381 1740 2417 consensus
1762 2405 1775 2427 ,
1841 2365 2020 2416 statim
2085 2366 2237 2431 ponit
2289 2366 2513 2417 caudam

1446 2437 1650 2503 operis3
1679 2448 1732 2488 et
1760 2437 1880 2488 ideo
1906 2436 1960 2486 in
1985 2453 2084 2486 suo
2104 2438 2294 2503 capite,
2326 2437 2378 2487 id
2409 2447 2511 2502 est,

1445 2508 1500 2558 in
1532 2525 1628 2559 sua
1650 2507 1992 2575 suggestione
2019 2519 2099 2558 est
2127 2510 2508 2573 conterendus3

1445 2589 1498 2629 et
1553 2589 1680 2630 tunc
1725 2593 1914 2628 nocere
1970 2595 2079 2629 non
2132 2578 2325 2644 poterit
2344 2617 2358 2638 ,
2415 2594 2513 2629 nec

1444 2663 1710 2717 quantum
1755 2653 1820 2703 ad
1851 2668 2074 2718 corpus,
2119 2668 2214 2702 nec
2245 2661 2509 2719 quantum

1443 2724 1507 2773 ad
1539 2725 1788 2784 caudam,
1828 2724 1975 2791 quia,
2014 2734 2285 2789 amputato
2339 2723 2512 2789 capite

1443 2795 1836 2861 suggestionis,
1878 2805 1989 2845 tota
2029 2806 2108 2845 est
2133 2804 2394 2846 contracta
2426 2794 2510 2847 vis

1442 2865 1703 2931 serpentis
1732 2865 2025 2916 infernalis·
2052 2884 2079 2913 >2

1506 2953 1574 2987 20
1608 2938 1857 2989 Fuouus
1890 2954 2113 2988 necenn-
2148 2953 2422 2990 οιΑΒοιυε.
2444 2967 2508 2978 -

1448 3008 1600 3059 Tunc
1629 3019 2020 3069 consummata,
2051 3009 2105 3058 id
2134 3018 2233 3069 est,
2262 3020 2507 3075 superata

1439 3078 1591 3129 omni
1619 3079 1938 3142 tentatione,
1978 3081 2043 3129 ad
2078 3095 2242 3146 quam
2282 3081 2507 3147 explen-

1438 3149 1561 3199 dam
1617 3149 1887 3199 Dominus
1949 3160 2159 3200 venerat
2182 3188 2196 3209 ,
2255 3150 2505 3202 diabolus

1439 3221 1649 3271 Lucifer
1677 3237 1784 3271 non
1810 3221 2096 3278 inveniens,
2115 3222 2247 3289 quid
2287 3232 2465 3288 ageret
2484 3261 2501 3285 ,

1435 3293 1618 3343 audito
1655 3291 1754 3343 Dei
1807 3293 2057 3357 nomine,
2103 3293 2320 3360 reliquit
2361 3309 2498 3359 eum,

1435 3376 1599 3427 quem
1628 3371 1804 3411 tamen
1831 3378 2108 3429 nunquam
2138 3363 2339 3424 tenuit,
2371 3364 2503 3430 quia

1434 3442 1716 3499 superatus
1762 3449 1792 3483 a
1831 3434 2123 3484 tentatione
2160 3435 2414 3497 cessavit,
2448 3446 2502 3487 et

1436 3502 1651 3552 recessit
1691 3504 1757 3553 ab
1803 3518 1864 3552 eo
1915 3513 2168 3569 tanquam
2224 3504 2401 3555 victus
2449 3515 2502 3557 et

1432 3572 1712 3636 confusuS,
1756 3589 1927 3639 usque
1948 3574 2012 3624 ad
2041 3586 2286 3640 tempus;
2318 3584 2504 3641 postea

1432 3641 1575 3691 enim
1606 3658 1714 3692 non
1737 3652 1942 3693 tantum
1961 3644 2145 3693 dolose
2171 3654 2466 3695 tentaturus
2482 3682 2501 3710 ‚

1431 3717 1524 3766 sed
1547 3726 1725 3782 aperte
1753 3732 1846 3782 per
1872 3717 2086 3768 Judaeos
2115 3734 2240 3769 eum
2272 3729 2323 3769 et
2357 3718 2414 3769 in
2443 3734 2503 3772 se

1431 3798 1483 3839 et
1529 3789 1584 3839 in
1632 3790 1887 3840 membris
1935 3791 2046 3841 suis
2088 3790 2500 3859 impugnaturus

1427 3862 1667 3927 advenit,
1705 3864 1832 3930 quia
1876 3865 2340 3931 appropinquante
2362 3875 2503 3916 tem·

1428 3950 1555 3999 pore
1583 3934 1854 3985 Passionis
1880 3936 2305 4002 persecutionem
2327 3936 2374 3987 ei
2400 3952 2497 4002 per

1425 4003 1691 4070 principes
1767 4006 2101 4055 sacerdotum
2181 4005 2488 4070 suscitavit;
