2784 4452
353 295 446 347 DE
481 292 897 346 CURATIONE
925 290 1346 343 PARALYTICI
1372 291 1511 342 PER
1533 292 1828 343 TECTUM
1855 291 2123 342 DIMISSI.

135 425 199 466 ut
226 412 386 476 velit;
412 412 570 463 bonis
606 411 767 462 etiarn
800 410 1051 477 operibus
1076 409 1203 476 pin-

135 493 353 551 guescat
402 484 597 542 orati0,
651 494 907 548 augeatur
962 481 1201 540 devotio,

136 554 399 605 excitetur
447 553 659 604 dilectio
685 591 699 616 ,
768 554 1010 603 leventur
1056 566 1204 618 purae

134 640 334 676 manus
374 624 425 673 in
456 624 715 683 oratione,
759 638 891 689 quas
939 639 1045 672 non
1077 638 1206 672 san-

136 697 260 763 guis
292 696 655 746 immunditiae
685 694 987 756 maculavit,
1033 704 1206 745 tactus

135 766 358 817 illicitus
405 782 511 815 non
554 766 787 826 foedavit,
833 764 1049 816 avaritia
1097 780 1204 814 non

137 838 495 903 exasperavit3
520 838 721 888 levetur
755 848 806 887 et
839 852 930 887 cor
968 837 1087 887 sine
1126 837 1204 886 ira

138 919 192 961 et
244 908 648 973 disceptatione,
672 908 819 974 quod
845 907 1205 973 tranquillitas

141 981 365 1039 sedavit,
389 996 488 1045 pax
512 984 829 1045 composuit,
857 980 1060 1045 puritas
1082 995 1205 1028 con-

141 1050 381 1102 scientiae
406 1051 548 1101 lavit.
579 1051 681 1100 Sed
712 1050 849 1100 nihil
876 1050 1072 1100 horum
1105 1065 1203 1115 pa·-

141 1122 402 1188 ralyticus
470 1122 560 1172 ille
609 1121 803 1187 legitur
850 1120 1200 1187 praemisisse,

138 1193 238 1260 qui
268 1203 446 1243 tamen
470 1193 666 1259 legitur
695 1192 1064 1242 remissionem
1094 1207 1206 1240 om-

141 1265 298 1317 nium
350 1277 688 1332 peccatorum
748 1266 1026 1316 meruisse.
1078 1266 1204 1314 Haec

2272 306 2380 359 449

1321 418 1402 460 est
1436 419 1614 460 autem
1663 408 1948 459 ineffabilis
1999 407 2381 459 misericordiae

1319 482 1434 545 ejus
1474 479 1665 540 virtus,
1705 480 1793 530 cui
1835 479 1972 530 sicut
2003 479 2380 544 blasphemum

1319 562 1400 602 est
1432 553 1702 618 derogare,
1733 551 1805 602 ita
1833 561 1885 602 et
1912 552 2015 608 hoc
2038 550 2143 600 sibi
2173 566 2382 616 praesu-

1319 638 1464 672 mere
1491 623 1891 673 stultissimum.
1937 623 2120 672 Potest
2156 622 2383 672 cuicun-

1317 708 1425 760 que
1478 694 1611 751 vult,
1639 704 1692 744 et
1731 693 1832 743 hoc
1882 692 2061 758 ipsum
2104 691 2385 742 efficaciter

1315 765 1504 827 dicere,
1543 766 1687 832 quod
1745 765 1881 816 dixit
1923 764 2208 830 paralytico
2237 781 2250 814 :
2276 764 2383 814 Di-

1315 836 1593 885 mittuntur
1612 835 1710 886 tibi
1726 842 1950 902 peccata
1977 841 2066 885 tua
2078 852 2099 897 ,·
2127 834 2220 884 sed
2253 833 2382 900 qui—

1313 921 1526 971 cunque
1549 906 1668 957 sine
1695 922 1793 956 suo
1818 907 2017 965 labore,
2056 906 2137 956 vel
2168 905 2378 954 contri-

1314 979 1482 1039 tione,
1531 981 1611 1030 vel
1668 980 2002 1030 confessione
2027 1018 2040 1037 ,
2092 979 2176 1028 vel
2217 978 2379 1028 etiam

1312 1052 1554 1102 oratione
1580 1051 1685 1102 sibi
1720 1053 1821 1102 hoc
1845 1051 2072 1102 dicendo
2094 1059 2379 1116 exspectat,

1315 1141 1590 1190 nunquam
1620 1125 1668 1174 ei
1700 1125 2049 1176 remittuntur
2068 1135 2276 1190 peccata
2303 1140 2319 1174 ε
2348 1142 2377 1171 n

1315 1194 1431 1244 haec
1455 1197 1757 1245 AnselmuS.

1107 1459 1380 1510 ORATIO

201 1627 433 1678 Domine
461 1629 585 1678 Jesu
626 1626 858 1689 Christe,
890 1625 984 1692 qui
1014 1627 1072 1676 in
1107 1626 1360 1678 Passione
1407 1637 1497 1678 tua
1531 1627 1830 1679 naviculam
1860 1629 2032 1679 crucis
2070 1629 2377 1691 ascendisti,

142 1701 202 1752 in
229 1701 641 1750 Resurrectione
659 1700 1033 1759 transfretasti,
1064 1710 1117 1750 et
1155 1699 1209 1748 in
1240 1701 1562 1752 Ascensione
1587 1701 1638 1751 in
1664 1702 1930 1752 civitatem
1962 1713 2109 1752 tuam
2151 1702 2374 1766 venisti3

135 1789 254 1824 ecce
282 1773 447 1824 timor
474 1775 540 1823 de
576 1773 819 1838 peccatis,
844 1774 910 1824 de
940 1773 1017 1823 ira
1056 1773 1171 1833 Dei,
1202 1775 1269 1824 de
1311 1775 1546 1839 periculo
1574 1774 1998 1840 supervenientis
2028 1774 2373 1836 infirmitatiS‚

133 1855 188 1895 et
214 1845 280 1894 de
308 1845 683 1894 incertitudine
721 1845 911 1895 mortis
943 1844 1098 1894 offert
1151 1844 1249 1894 tibi
1288 1845 1528 1895 animam
1573 1847 1773 1912 peccati
1816 1847 2007 1896 morbo
2036 1846 2374 1896 dissolutam.

136 1918 236 1969 Dic
276 1918 469 1968 tacenti
517 1919 570 1969 in
614 1919 855 1984 peccatis,
902 1929 962 1969 ut
1022 1917 1250 1969 confidat
1294 1920 1360 1969 de
1405 1921 1572 1986 gratia
1613 1920 1966 1979 remissionis,
2008 1930 2251 1985 resurgat
2279 1933 2376 1985 per

137 1989 517 2040 contritionem
544 1999 596 2038 et
623 1989 1036 2052 confessionem,
1071 1990 1222 2039 tollat
1247 1991 1443 2040 lectum
1470 2007 1629 2041 suum
1666 2007 1757 2056 per
1786 1989 2220 2049 satisfactionem,
2252 2004 2370 2038 am-

137 2060 288 2110 bulet
314 2076 406 2126 per
433 2059 729 2126 profectum
757 2061 1018 2110 virtutum
1059 2060 1116 2109 in
1143 2061 1366 2111 domum
1402 2077 1554 2111 suam
1586 2072 1836 2112 aeternam
1872 2061 2257 2110 beatitudinem
2267 2075 2282 2121 5
2308 2069 2371 2109 ut

138 2134 311 2183 turbae
341 2133 582 2183 fidelium
622 2132 850 2191 videant,
876 2133 1117 2193 timeant,
1146 2142 1198 2183 et
1236 2133 1533 2199 glorificent
1565 2135 1757 2196 Deum,
1798 2134 1892 2200 qui
1940 2134 2098 2184 talem
2129 2142 2368 2199 potesta-

139 2216 248 2258 tem
276 2206 439 2268 dedit,
463 2207 528 2257 ad
554 2206 840 2259 hominum
861 2206 1167 2258 utilitatem.
1193 2207 1385 2258 Amen.

248 3954 396 4007 'VrrA
424 3957 548 4007 Jesu
579 3957 814 4020 emus-n,
839 3972 1012 4010 ‘rouus
1059 3958 1098 4009 1.
1650 3981 1653 3984 ·
2106 3975 2177 4022 2q
