2784 4452
823 286 918 341 DE
950 284 1407 339 POENITENTIA
1433 281 1811 339 FACIENDA.

178 405 447 463 cessafiae.
480 405 619 454 Nam
638 403 762 455 licet
783 405 896 455 Deo
919 402 1061 455 nihil
1081 411 1261 468 posset

178 477 467 535 subtrahi,
515 486 698 527 tamen
746 485 989 543 peccator
1033 489 1260 541 peccau-

178 549 254 600 do
278 587 295 610 ,
339 556 610 613 quantum
663 545 723 599 in
773 562 837 599 eo
885 555 1003 611 est,
1047 545 1260 599 subtra-

178 620 269 671 hit
326 619 476 684 quod
541 627 621 669 est
668 617 736 669 ad
801 617 1070 669 honorem
1118 615 1216 666 Dei
1241 630 1257 678 3

179 700 232 741 et
257 689 385 741 ideo
414 703 539 739 curn
581 687 871 740 satisfactio
901 687 973 741 sit
1008 685 1259 752 quaedam

177 759 617 825 recompensatio
641 796 656 819 ‚
711 768 919 824 oportet
968 758 1116 826 quod
1168 772 1261 822 per

178 849 307 887 eam
334 833 442 885 sibi
476 832 583 899 ipsi
606 832 872 898 poenitens
908 831 1114 898 aliquid
1137 830 1260 883 sub·

177 907 381 965 trahat,
411 904 558 970 quod
588 905 654 954 ad
684 904 949 955 honorem
971 903 1069 956 Dei
1090 903 1257 955 cedat.

177 981 303 1031 Hoc
329 989 511 1029 autem
532 994 645 1029 non
679 988 855 1044 potest
878 993 1020 1039 esse,
1052 977 1161 1029 nisi
1187 976 1260 1029 sit

176 1067 323 1119 opus
352 1051 594 1112 bonurn,
646 1060 914 1116 quantum
937 1050 1004 1103 ad
1030 1049 1129 1101 Dei
1151 1050 1261 1100 ho·-

174 1138 401 1185 norem3
456 1130 511 1173 et
538 1122 744 1187 poenale
773 1137 913 1187 opus
932 1159 948 1181 ,
995 1129 1258 1187 quantum

175 1194 245 1247 ad
271 1202 604 1259 peccatorem
642 1191 993 1257 poenitentem
1014 1229 1033 1252 ,
1060 1190 1148 1241 cui
1178 1200 1260 1243 est

176 1265 636 1318 subtrahendum.
655 1265 743 1316 Sic
771 1274 824 1317 et
846 1265 959 1315 Deo
980 1262 1259 1324 satisfacit,

177 1348 234 1391 et
263 1338 430 1389 etiam
460 1354 491 1388 a
526 1337 676 1389 vitiis
704 1346 756 1388 et
783 1336 982 1387 futuris
1005 1335 1183 1395 maliS,
1199 1335 1257 1388 in

176 1419 449 1475 quantum
485 1408 713 1474 poenale¹
742 1417 1040 1474 praeservat.
1083 1406 1257 1459 Satis-

175 1478 345 1531 factio
368 1495 496 1546 ergo
514 1481 673 1533 debet
686 1495 804 1533 esse
822 1478 964 1539 talis,
981 1493 1077 1544 per
1094 1494 1258 1544 quam

176 1549 391 1615 aliquid
419 1550 582 1601 nobis
609 1551 678 1602 ad
707 1550 972 1601 honorem
1001 1547 1098 1600 Dei
1126 1549 1260 1601 sub-

179 1621 485 1674 trahamus·
527 1622 632 1673 Sed
686 1637 798 1672 non
849 1621 1110 1673 habemus
1155 1619 1259 1671 nisi

174 1695 290 1746 tria
303 1694 462 1754 bona,
491 1695 694 1746 scilicet
722 1711 739 1746 ι
768 1694 911 1747 bona
934 1693 1148 1754 animae,
1170 1694 1261 1744 bo-

175 1782 252 1820 na
276 1766 535 1832 corporis,
559 1777 610 1817 et
630 1767 778 1819 bona
794 1766 1041 1830 fortunae,
1062 1765 1260 1819 scilicet

175 1837 330 1889 bona
375 1837 652 1889 exteriora.
711 1838 796 1891 Ex
840 1836 996 1888 bonis
1037 1837 1258 1903 quidem

176 1908 432 1968 fortunae,
456 1908 831 1961 subtrahimus
854 1907 1017 1959 nobis
1033 1907 1259 1974 aliquid,

177 1995 283 2046 per
324 1981 753 2046 eleemosynam3
788 1996 853 2034 ex
881 1981 1038 2034 bonis
1065 1996 1261 2045 corpo-

177 2052 283 2109 ris,
322 2069 415 2118 per
459 2052 755 2118 jejunium;
797 2067 861 2104 ex
892 2051 1052 2104 bonis
1080 2062 1260 2104 autem

176 2123 385 2175 animae
410 2162 424 2183 ‚
473 2139 579 2173 non
618 2132 829 2188 oportet
864 2124 1011 2190 quod
1060 2122 1261 2188 aliquid

180 2192 352 2248 nobis
379 2193 780 2259 subtrahamus,
807 2203 1070 2261 quantum
1082 2195 1153 2247 ,ad
1173 2193 1263 2245 di-

178 2265 550 2317 minutionem
593 2267 862 2324 bonorum
890 2267 1100 2327 animae,
1134 2267 1264 2333 quia

177 2353 282 2404 per
327 2353 388 2390 ea
444 2337 708 2392 efficimur
757 2341 870 2392 Deo
909 2339 1131 2405 accepti,
1169 2341 1262 2391 sed

180 2423 284 2474 per
318 2408 421 2458 hoc
450 2409 597 2474 quod
650 2407 1023 2464 submittimus
1051 2425 1129 2471 ea,
1158 2410 1264 2463 sci·-

177 2478 308 2531 licet
339 2490 447 2530 tam
476 2480 729 2542 animam,
763 2497 930 2548 quam
956 2482 1072 2547 eius
1102 2483 1261 2547 bona,

177 2552 419 2604 totaliter
447 2554 579 2614 De0,
624 2564 676 2605 et
703 2555 806 2608 hoc
839 2554 900 2605 fit
931 2570 1028 2621 per
1057 2556 1262 2611 oratio·-

179 2637 332 2675 nem.
368 2625 474 2675 Iste
530 2624 691 2677 etiam
748 2641 1009 2677 numerus
1035 2642 1262 2692 operum

178 2695 670 2752 satisfactoriorum
719 2698 932 2753 videtur
961 2715 1079 2754 esse
1110 2700 1262 2753 ordi-

180 2775 346 2818 natus
404 2777 591 2818 contra
640 2769 844 2821 radices
892 2780 1263 2835 peccatorum,

181 2852 309 2901 quae
365 2848 495 2887 sunt
564 2838 994 2905 concupiscentia
1051 2841 1225 2894 earnis
1247 2878 1263 2901 ,

181 2906 626 2971 concupiscentia
657 2909 961 2970 oculorum,
997 2920 1050 2962 et
1069 2926 1262 2976 super-

181 2977 277 3031 bia
303 2977 457 3039 vitae,
501 2979 629 3059 quia
669 2990 854 3035 contra
880 2980 1265 3063 concupiscen-

181 3046 324 3102 tiam
383 3049 571 3106 fcarnis
631 3050 908 3104 ordinatur
963 3052 1257 3119 jejunium·
1242 3090 1260 3116 ‚

183 3129 376 3171 contra
423 3122 909 3187 concupiscentiam
961 3124 1261 3186 oculorum,

185 3191 560 3257 eleemosyna3
600 3204 789 3246 contra
823 3194 1131 3261 superbiam
1176 3196 1266 3247 vi-

183 3269 276 3322 tae,
307 3261 496 3311 oratio,
516 3262 702 3328 Igitur,
732 3274 791 3316 ut
816 3266 1022 3319 dictum
1048 3274 1144 3326 est,
1176 3281 1266 3317 se-

186 3331 431 3382 cundum
453 3333 777 3399 exigentiam
811 3338 997 3402 culpae‚
1035 3336 1265 3390 faciendi

186 3412 322 3454 sunt
355 3403 426 3469 sr
422 3410 582 3456 uetus
627 3407 984 3471 poenitentiae5
1014 3410 1158 3475 quod
1189 3419 1270 3461 est

187 3481 374 3524 contra
404 3473 545 3536 illos,
581 3492 814 3542 quorum
844 3480 999 3545 culpa
1027 3490 1109 3531 est
1135 3481 1269 3532 mul-

194 3555 269 3605 ta,
305 3555 357 3595 et
392 3548 704 3611 poenitentia
736 3552 967 3602 modica.
996 3553 1149 3604 Unde
1183 3554 1270 3604 di-

187 3631 336 3684 gnos
373 3617 600 3683 fructus
636 3623 968 3687 poenitentiae
1003 3625 1153 3691 facit
1180 3626 1270 3676 ille

186 3688 309 3754 qui,
339 3692 636 3742 secundum
666 3695 889 3746 modum
920 3696 1118 3761 culpae,
1144 3695 1272 3748 facit

191 3758 556 3824 aequalitatem
586 3779 776 3828 poenae,
806 3775 867 3818 ut
893 3766 989 3831 qui
1011 3766 1133 3836 plus
1158 3782 1272 3833 peo-

186 3840 299 3891 cat,
341 3833 464 3899 plus
494 3836 782 3902 poeniteat,
823 3847 875 3888 et
904 3849 1038 3905 quot
1065 3839 1271 3892 invenit

185 3904 249 3960 in
280 3918 342 3960 se
379 3906 811 3964 oblectamenta
797 3926 854 3966 m
887 3910 1059 3977 culpa,
1098 3920 1177 3967 tot
1203 3910 1270 3967 de

2328 299 2438 350 207·

1367 417 1425 455 se
1458 399 1614 453 faciat
1663 400 1976 453 holocausta
2014 400 2071 451 in
2100 401 2440 470 poenitentia,

1365 485 1419 527 et
1447 474 1542 541 qui
1577 473 1760 527 amisit
1795 475 1969 527 Deum
2020 474 2077 527 in
2107 476 2306 540 peccati
2335 478 2435 529 de·-

1364 547 1684 608 lectatione,
1723 556 1925 613 quaerat
1965 562 2090 599 eum
2135 547 2192 599 in
2236 551 2433 614 peccati

1364 617 1764 673 abominatione
1792 655 1809 682 ,
1857 617 2195 684 recogitando
2248 635 2445 673 omnes

1363 705 1531 744 annos
1561 706 1721 752 suos,
1755 689 1817 747 in
1853 690 2217 746 amaritudine
2240 693 2444 747 animae

1363 774 1496 815 Suoe.
2395 787 2418 809 ο

1434 850 1500 900 14
1527 835 1871 895 Quium-ras
1898 850 2318 891 suist-*Aenona
2359 851 2440 887 ur

1363 921 1449 959 srr
1477 921 1801 961 sut-exerens.
1833 935 1896 949 -·
1924 907 1990 959 Et
2041 906 2162 959 ideo
2214 906 2436 970 quando

1363 976 1691 1042 condignam
1752 976 2124 1043 poenitentiam
2183 977 2432 1036 sacerdos

1363 1065 1476 1102 non
1499 1049 1748 1116 injungit,
1776 1051 1858 1105 vel
1884 1049 1929 1103 si
1959 1049 2210 1116 injungit‚
2224 1066 2334 1105 non
2350 1059 2438 1101 ta·-

1363 1135 1490 1172 men
1517 1120 1801 1186 impletur,
1846 1138 1958 1177 non
1994 1121 2288 1174 absolvitur
2316 1137 2434 1187 poe-

1362 1190 1539 1244 nitens
1562 1207 1593 1242 a
1617 1207 1771 1258 poena
1795 1193 2082 1258 condigna,
2113 1193 2206 1242 sed
2230 1207 2262 1245 a
2287 1202 2435 1245 tanta
2507 1204 2513 1211 ·

1363 1272 1622 1329 quantam
1645 1263 1736 1317 hic
1766 1263 1907 1328 facit,
1938 1279 2047 1316 non
2079 1272 2258 1316 autem
2282 1280 2314 1321 a
2344 1280 2435 1316 re·-

1362 1334 1534 1387 sidua.
1564 1335 1720 1387 Unde
1738 1336 2058 1389 Bernartius
2088 1353 2107 1386 .-
2136 1356 2161 1382 «
2193 1336 2302 1389 Nec
2334 1336 2434 1391 tibi

1363 1404 1674 1465 blandiaris,
1699 1405 1744 1459 si
1766 1405 1993 1471 graviter
2014 1405 2249 1473 peccanti
2263 1407 2435 1459 levior

1363 1492 1551 1541 prena,
1585 1477 1670 1529 vel
1703 1493 1733 1528 a
1772 1477 2148 1531 dissimulante
2175 1477 2432 1540 dictatur;

1362 1562 1489 1601 cum
1545 1546 1603 1601 in
1653 1548 1973 1614 purgatoriis
2014 1547 2233 1614 ignibus
2270 1547 2435 1613 perfi-

1362 1617 1616 1671 ciendum
1660 1618 1755 1680 sit,
1808 1619 2074 1684 quidquid
2121 1618 2210 1672 hic
2251 1619 2436 1672 minus

1361 1686 1581 1749 feceris,
1620 1688 1747 1755 quia
1786 1689 1982 1755 dignos
2011 1689 2221 1743 fructus
2249 1689 2432 1754 poeni-

1364 1759 1547 1813 tentiae
1597 1761 1786 1828 quaerit
1829 1761 2144 1824 Altissimus
2179 1778 2194 1815 z
2245 1781 2273 1809 »
2320 1761 2435 1815 haec

1363 1832 1701 1887 Ber-nardus.
1735 1833 1918 1899 ,Digna
1948 1849 2073 1887 vero
2101 1832 2433 1900 poenitentia.

1364 1919 1478 1955 non
1512 1913 1719 1959 tantum
1752 1905 1930 1959 carnis
1956 1904 2320 1964 maceratione,
2348 1903 2435 1957 vel

1363 1975 1623 2041 temporis
1651 1975 2010 2042 longitudine,
2036 1984 2299 2041 quantum
2323 1990 2434 2025 cor*

1338 2044 1449 2097 vdis
1495 2046 1814 2101 contritione
1854 2056 2262 2111 compensatum
2305 2044 2435 2110 quia

1365 2117 1509 2182 apud
1532 2118 1707 2171 Deum
1738 2134 1848 2170 non
1877 2129 1987 2169 tam
2015 2119 2154 2169 valet
2179 2131 2434 2173 mensura

1366 2188 1644 2254 temporis,
1666 2203 1832 2255 quam
1853 2187 2075 2248 doloriS,
2097 2203 2196 2240 nec
2217 2195 2430 2243 tantum

1365 2262 1692 2316 abstinentia
1718 2263 1982 2322 ciborum,
2003 2272 2267 2327 quantum
2296 2276 2437 2316 mor-

1367 2331 1585 2386 tificatio
1601 2332 1876 2388 vitiorum.
1898 2334 2114 2397 Propter
2127 2333 2271 2399 quod
2288 2347 2436 2384 men·

1366 2422 1550 2460 suram
1601 2406 1860 2471 temporis
1911 2405 1969 2458 in
2014 2406 2221 2472 agenda
2268 2404 2435 2471 poeni·

1366 2474 1551 2536 tentia,
1564 2491 1795 2530 canones
1814 2476 1872 2530 in
1900 2477 2121 2532 arbitrio
2142 2475 2435 2532 sacerdotis

1366 2548 1718 2614 intelligentis
1749 2559 1993 2604 statuunt
2014 2589 2028 2610 ‚
2073 2559 2125 2604 et
2167 2549 2438 2615 poeniten-

1366 2622 1455 2674 tiae
1488 2630 1747 2688 tempora,
1798 2623 1905 2676 fide
1933 2633 1994 2674 et
2035 2622 2440 2678 conversatione

1365 2691 1743 2758 poenitentium
1786 2693 2141 2750 abbrevianda
2163 2732 2177 2753 ‚
2211 2694 2293 2747 vel
2335 2708 2438 2749 ne-

1365 2763 1622 2829 gligentia
1632 2764 1945 2829 protelanda
1957 2763 2284 2820 existimant.
2299 2764 2440 2817 Tan-

1366 2843 1421 2883 ta
1448 2834 1609 2883 etiam
1644 2834 1895 2885 contritio
1921 2843 2095 2899 potest
2124 2850 2265 2894 esse,
2290 2834 2438 2900 quod

1367 2905 1599 2960 totaliter
1641 2906 1793 2956 tollat
1825 2915 2031 2960 reatum
2066 2921 2266 2972 poenae,
2310 2905 2440 2972 quia

1366 2978 1514 3030 Deus
1550 2980 1674 3044 plus
1701 2988 1936 3044 acceptat
1964 2979 2141 3034 cordis
2168 2980 2437 3038 effectum.

1367 3065 1531 3115 quam
1577 3049 1897 3104 exteriorem
1943 3061 2150 3112 actum,
2203 3052 2298 3105 sed
2345 3065 2440 3116 per

1368 3129 1517 3172 actus
1564 3121 1851 3174 exteriores
1871 3122 2168 3180 absolvitur
2197 3123 2364 3179 homo
2408 3136 2440 3174 a

1370 3207 1529 3258 poena
1553 3201 1605 3243 et
1634 3208 1667 3243 a
1696 3194 1875 3259 culpa3
1929 3210 2055 3262 ergo
2097 3204 2149 3249 et
2191 3193 2441 3251 similiter

1368 3281 1464 3331 per
1492 3265 1670 3320 cordis
1702 3265 1969 3328 affectum,
2015 3284 2138 3335 quae
2183 3276 2262 3321 est
2301 3281 2441 3318 con-

1367 3335 1536 3398 tritio,
1565 3336 1859 3393 absolvitur
1877 3340 1944 3392 ab
1963 3354 2042 3399 ea,
2064 3337 2191 3404 quia
2219 3336 2455 3390 intentio·

1371 3406 1714 3462 contritionis
1756 3419 1929 3474 potest
1972 3407 2171 3464 attendi
2198 3405 2437 3472 duplici-

1372 3490 1469 3536 ter.
1496 3481 1619 3534 Uno
1648 3483 1840 3543 mod0‚
1876 3498 1941 3534 ex
1969 3490 2117 3548 parte
2144 3478 2440 3540 charitatis,

1372 3568 1493 3617 quae
1543 3553 1938 3620 displicentiam
1966 3560 2172 3614 causat3
2208 3560 2261 3602 et
2300 3550 2442 3610 ideo,

1373 3623 1646 3678 mediante
1669 3623 1941 3684 charitate,
1968 3630 2203 3677 meretur
2234 3637 2340 3672 non
2362 3635 2445 3672 so-
2454 3650 2458 3652 Α

1372 3698 1489 3748 lum
1528 3698 1698 3763 culpae
1745 3697 2101 3755 amotionem,
2153 3695 2246 3745 sed
2283 3693 2445 3746 etiam

1373 3769 1441 3819 ab
1471 3768 1624 3826 omni
1662 3784 1819 3834 poena
1862 3766 2277 3818 absolutionem.
2320 3762 2442 3813 Alio

1374 3841 1566 3901 mod0,
1614 3856 1680 3892 ex
1711 3849 1865 3920 parte
1899 3838 2101 3892 doloris
2138 3835 2443 3899 sensibiliS,

1373 3926 1539 3978 quem
1575 3905 1823 3968 voluntas
1853 3910 1910 3968 in
1939 3908 2260 3968 contritione
2285 3921 2456 3966 exet-w
