2784 4452
667 278 763 330 DE
793 273 1133 329 SERMONE
1167 275 1420 328 DOMINI
1454 276 1525 326 IN
1561 273 1835 327 MONTE.

141 414 250 452 non
280 395 460 448 omnis
492 393 788 460 persecutio
814 390 1094 454 beatificat,
1116 391 1209 442 sed

140 478 352 521 tantum
375 467 466 516 illa
496 479 615 531 quae
643 462 894 529 gaudiose
920 461 1212 526 suscipitur

139 549 360 607 propter
385 535 661 601 justitiam,
703 548 826 600 quae
854 541 934 582 est
961 530 1210 582 Christus

139 609 314 661 Filius
362 605 619 672 Virginis,
675 604 794 654 ideo
837 602 1031 653 addit:
1071 615 1211 651 men-

141 680 359 741 tienteS,
405 687 457 727 et
490 680 714 741 propter
746 687 843 736 me,
880 688 976 724 seu
1008 672 1209 722 Filium

140 748 415 811 hominis;
447 746 575 813 quia
614 745 679 796 ad
715 745 820 795 hoc
846 744 992 811 quod
1031 758 1210 808 perse·

140 820 371 872 cutionis
428 816 707 868 tolerantia
758 815 974 866 beatum
1024 813 1208 872 faciat,

140 892 435 959 requiritur
479 891 626 955 ,quod
666 888 924 940 mendose
968 896 1020 938 et
1060 886 1208 948 false,

140 979 237 1014 seu
285 962 482 1027 injuste
502 998 517 1023 ,
574 974 633 1009 ac
676 968 890 1025 propter
932 956 1210 1009 Christum

140 1033 303 1085 nobis
325 1032 596 1091 inferatur,
621 1029 676 1079 in
708 1045 817 1095 quo
841 1027 1058 1080 tristitia
1085 1041 1212 1093 per-

140 1102 432 1156 secutionis
480 1110 813 1152 convertetur
848 1099 905 1150 in
930 1098 1207 1165 gaudium,

141 1175 358 1241 quando
389 1172 570 1221 reddet
595 1170 740 1220 Deus
767 1169 976 1220 Sanctis
1004 1183 1211 1217 merce-

142 1248 266 1296 dem
314 1245 556 1294 laborum
603 1257 845 1292 suorum.
875 1240 1024 1291 Alias
1062 1240 1210 1290 enim

143 1334 255 1369 non
292 1309 372 1366 est
416 1317 619 1375 beatus,
666 1314 758 1364 sed
791 1313 971 1375 miser,
1003 1327 1101 1362 nec
1130 1322 1211 1362 est

141 1389 191 1441 ei
218 1403 418 1440 merces
444 1388 589 1446 inde,
610 1386 701 1437 sed
726 1384 1078 1436 accumulatio
1101 1398 1211 1434 suae

142 1459 393 1511 miseriae.
421 1478 450 1506 »
482 1458 635 1509 Unde
676 1454 1016 1521 Augustinus
1048 1472 1067 1505 .·
1104 1472 1132 1501 α
1154 1453 1210 1504 Si

139 1529 374 1581 sustines
416 1527 544 1594 quia
594 1524 852 1592 peccasti,
904 1533 1118 1590 propter
1161 1534 1213 1574 te

139 1600 393 1659 sustines,
423 1615 531 1648 non
555 1607 772 1663 propter
799 1596 991 1646 Deum.
1021 1595 1079 1644 Si
1110 1609 1213 1645 au·-

140 1681 251 1721 tem
313 1668 576 1728 sustineS‚
637 1666 766 1734 quia
821 1666 1065 1716 mandata
1113 1665 1210 1715 Dei

138 1741 379 1801 servasti,
427 1757 548 1793 vere
594 1752 812 1809 propter
846 1741 1019 1790 Deum
1049 1739 1216 1790 susti-

137 1833 268 1878 nes,
324 1826 376 1866 et
431 1829 635 1866 merces
685 1824 859 1864 tecum
924 1823 1104 1863 manet
1154 1813 1212 1862 in

137 1898 418 1950 oeternum,
452 1901 572 1952 quae
601 1884 828 1936 sentitur
850 1884 906 1934 in
932 1885 1091 1934 corde
1116 1898 1214 1949 pa-

135 1959 424 2020 tientium,
475 1974 663 2008 eorum
712 1957 806 2023 qui
848 1957 954 2022 jam
991 1964 1216 2021 possunt

134 2035 339 2085 dicere:
355 2033 663 2084 Gloriamur
682 2030 739 2081 in
759 2030 1214 2082 tribulationibus.

137 2108 263 2160 Non
309 2107 456 2158 enim
499 2106 600 2156 ista
648 2104 850 2171 perpeti
879 2103 1213 2154 fructuosum

135 2188 249 2242 est,
292 2178 383 2229 sed
437 2176 538 2228 ista
565 2190 663 2242 pro
719 2173 917 2226 Christi
971 2173 1242 2237 nomines

133 2265 250 2301 non
288 2250 463 2299 solum
507 2261 662 2309 aequo
690 2245 895 2310 animo,
927 2246 1020 2295 sed
1050 2244 1211 2294 etiam

137 2337 263 2372 cum
287 2319 638 2370 exsultatione
664 2318 905 2368 tolerare.
924 2336 954 2364 n

206 2389 270 2441 16
300 2392 404 2441 Set>
457 2404 552 2439 nos
600 2403 762 2438 paruo
823 2403 916 2438 spe
984 2401 1215 2438 comosa-2

137 2478 394 2515 nncems
430 2477 628 2513 emor-r.
652 2489 713 2500 —
743 2461 898 2512 Unde
925 2460 1212 2520 concludit,

138 2536 469 2600 subjungens
523 2532 827 2600 praemiurn,
868 2541 921 2582 et
974 2548 1069 2599 per
1111 2532 1214 2583 hoc

135 2606 378 2658 alliciens
435 2605 501 2655 ad
559 2603 890 2669 patiendum.
943 2603 1014 2654 Ut
1064 2603 1213 2654 enim

136 2677 272 2731 dicit
315 2676 706 2743 HieronymuS,
753 2673 1036 2741 quodlibet
1074 2690 1211 2740 opus

137 2748 253 2800 leve
283 2745 397 2796 fieri
427 2746 578 2808 solet,
609 2761 733 2795 cum
772 2745 888 2810 ejus
929 2746 1213 2810 praemium

85 2875 91 2882 ,
136 2818 419 2884 cogitatur,
447 2825 499 2867 et
531 2830 624 2880 spe
670 2815 929 2865 mercedis
970 2815 1217 2882 levigatio

135 2888 199 2940 fit
231 2886 449 2938 laboris.
489 2885 748 2946 Gaudete,
790 2885 986 2951 inquit,
1016 2885 1217 2936 scilicet

138 2960 369 3013 interius
397 2960 454 3009 in
479 2959 655 3018 corde,
671 2963 723 3008 et
748 2958 1037 3020 exsultate,
1064 2958 1214 3008 scili-

137 3043 222 3085 cet
265 3032 499 3083 exterius
538 3030 592 3080 in
617 3045 857 3096 corpore,
888 3030 943 3080 id
978 3040 1059 3080 est
1086 3046 1215 3096 pro-

138 3116 258 3172 pter
327 3105 638 3169 exemplum
673 3141 688 3163 ,
758 3101 1014 3168 gaudium
1086 3102 1218 3154 foris

138 3175 427 3234 ostendite,
459 3185 568 3224 tam
613 3183 828 3239 propter
866 3174 1072 3224 bonum
1099 3174 1215 3226 vir-

136 3248 273 3300 tutis
306 3247 592 3313 patientiae,
625 3261 788 3313 quam
814 3256 1033 3312 propter
1060 3262 1212 3312 spem

138 3318 353 3386 praernii
395 3327 447 3368 et
485 3317 669 3383 gloriae
698 3334 713 3368 :
742 3317 989 3382 quoniam
1016 3328 1217 3369 merces

139 3400 341 3454 vestra,
390 3409 500 3442 non
534 3402 743 3442 tantum
781 3406 975 3457 magna
998 3402 1049 3443 et
1080 3394 1219 3444 sicut

136 3464 391 3527 aliorum,
420 3463 512 3513 sed
541 3463 774 3528 copiosa,
792 3471 1014 3528 etsupra
1026 3463 1219 3513 condi-

139 3549 316 3601 gnum
334 3543 415 3584 est
441 3533 498 3583 in
528 3532 696 3584 coelis.
726 3533 892 3583 Multa
916 3532 1063 3583 enim
1087 3549 1222 3584 mer-

138 3621 231 3657 ces
259 3615 341 3656 est
370 3605 428 3655 in
449 3605 617 3665 coeliS,
639 3604 808 3654 multa
834 3615 1050 3670 propter
1072 3605 1221 3670 justi-

140 3676 276 3729 tiam
299 3676 626 3742 patientibus
635 3676 692 3725 in
706 3675 878 3727 terris.
901 3677 1099 3727 Merces
1121 3677 1220 3728 ista

141 3765 343 3817 magna
386 3760 484 3809 est,
524 3750 693 3800 multa
719 3760 818 3811 est,
860 3750 1089 3815 pretiosa
1116 3761 1216 3810 est,

142 3820 400 3872 diuturna
428 3829 526 3871 est.
556 3820 692 3870 Tam
720 3835 915 3885 magna
939 3830 1037 3881 est,
1070 3821 1217 3886 quod

144 3909 259 3945 non
275 3901 450 3961 potest
471 3891 857 3959 comprehendi
876 3907 892 3957 ;
922 3887 1033 3944 tam
1053 3894 1222 3944 multa

2279 274 2382 339 317

1315 402 1412 451 est,
1441 391 1587 458 quod
1612 407 1723 446 non
1748 400 1920 457 potest
1938 404 2205 441 numerari
2226 405 2242 452 3
2274 401 2384 442 tam

1314 462 1544 529 pretiosa
1570 473 1669 523 est,
1704 462 1849 528 quod
1893 477 2003 510 non
2041 457 2214 525 potest
2236 462 2384 512 aesti-

1315 532 1483 596 mari3
1520 541 1630 582 tam
1672 531 1928 582 diuturna
1968 541 2067 592 est,
2099 532 2243 597 quod
2274 547 2383 583 non

1312 614 1488 671 potest
1528 603 1696 655 finiri.
1732 604 1936 654 Merces
1982 604 2085 654 ista
2121 613 2268 654 tanto
2307 615 2387 655 est

1313 677 1547 736 uberior,
1594 687 1793 743 quanto
1821 677 2014 742 gaudio
2055 686 2107 727 et
2150 678 2387 728 exsulta-

1314 748 1480 807 tione,
1533 747 1591 798 in
1632 747 2090 813 tribulationibus,
2129 747 2261 799 fides
2306 759 2388 799 est

1314 817 1573 868 devotior.
1602 818 1748 868 Deus
1773 817 1940 878 enim,
1961 834 2067 868 non
2092 829 2202 868 tam
2222 834 2387 885 quan·

1314 889 1522 940 titatem
1565 890 1811 940 laborum
1850 890 1935 940 vel
1978 889 2386 941 multitudinem

1315 975 1540 1024 operum
1588 968 1909 1020 remunerat,
1947 976 2111 1027 quam
2156 961 2388 1027 qualita-

1317 1042 1428 1082 tem
1484 1042 1537 1082 et
1592 1032 1817 1081 modum
1886 1032 2106 1093 radicis,
2162 1048 2226 1083 ex
2280 1048 2390 1099 qua

1316 1103 1566 1153 oriuntur
1619 1112 1673 1152 et
1718 1103 2030 1153 tolerantur.
2084 1103 2202 1153 Non
2239 1104 2387 1155 enim

1315 1173 1544 1224 attendit
1583 1182 1862 1239 quantum,
1907 1174 2000 1224 sed
2048 1190 2112 1224 ex
2150 1184 2385 1240 quanto;

1314 1261 1439 1295 nam
1481 1246 1753 1295 minutum
1791 1245 1968 1296 viduae
2010 1247 2241 1312 praetulit
2289 1248 2391 1298 Za-

1315 1315 1451 1366 chaei
1469 1315 1713 1365 dimidio.
1737 1315 1987 1365 Sentiunt
2005 1325 2148 1382 erge,
2178 1326 2238 1367 ut
2261 1316 2392 1367 dicit

1315 1385 1674 1451 Augustinus,
1724 1384 1880 1435 istam
1932 1387 2256 1446 mercedem,
2289 1386 2387 1453 qui

1316 1456 1551 1523 gaudent
1594 1456 1649 1506 in
1678 1456 2263 1523 bonis'spiritualibus3
2295 1458 2389 1509 sed

1316 1543 1379 1578 ex
1400 1528 1547 1578 omni
1560 1537 1706 1593 parte
1726 1526 2075 1593 perficientur,
2091 1544 2214 1578 cum
2229 1529 2389 1580 etiam

1316 1599 1545 1651 mortale
1578 1600 1679 1650 hoc
1711 1599 1945 1650 induerit
1975 1600 2389 1666 immortalitem.

1316 1673 1418 1722 Sed
1449 1686 1569 1735 nos,
1599 1669 1736 1721 heu!
1769 1670 1826 1722 in
1864 1671 2050 1721 multis
2073 1670 2391 1737 decipimur.

1319 1744 1547 1805 Quando
1600 1743 1758 1794 nobis
1808 1744 2049 1794 arrident
2107 1744 2388 1805 secularia,

1318 1819 1536 1884 quando
1562 1818 1755 1883 vulgus
1775 1817 2025 1868 laudibus
2050 1834 2150 1868 nos
2174 1819 2391 1878 attollit,

1319 1889 1617 1955 gaudemus
1636 1899 1688 1938 et
1704 1888 2052 1947 exsultamus,
2076 1904 2198 1938 cum
2220 1888 2391 1955 magis

1319 1960 1446 2010 flere
1468 1970 1519 2011 et
1545 1961 1726 2010 dolere
1753 1959 2098 2021 deberemus3
2129 1959 2254 2025 quia
2284 1974 2396 2010 ma·

1321 2030 1405 2096 gis
1435 2030 1740 2097 periculum
1769 2039 1898 2079 sunt
1927 2044 2195 2095 prospera,
2224 2046 2389 2095 quam

1319 2104 1551 2153 adversae
1567 2103 1766 2161 laudes,
1778 2116 1940 2168 quam
1955 2102 2393 2167 vituperationes.

1320 2172 1661 2222 Gaudeamus
1687 2187 1814 2238 ergo
1831 2180 1882 2221 et
1899 2172 2247 2234 exsultemuS,
2268 2187 2393 2222 cum

1318 2242 1610 2309 Apostolis,
1640 2242 1841 2309 quibus
1868 2243 2082 2292 salubre
2108 2242 2392 2308 gaudium,

1319 2323 1371 2365 et
1399 2313 1629 2365 salubris
1657 2313 1947 2364 exsultatio*
1979 2314 2395 2373 demonstratur,

1318 2402 1442 2438 cum
1487 2387 1566 2437 eis
1593 2386 1651 2436 in
1684 2385 2027 2437 contumeliis
2050 2396 2102 2438 et
2127 2384 2396 2457 'persecu-

1318 2458 1563 2509 tionibus
1603 2458 1943 2523 gaudendum
1984 2473 2100 2507 esse
2127 2468 2180 2508 et
2211 2458 2396 2509 exsul-

1318 2532 1544 2582 tandum
1581 2530 1943 2583 denuntiatur.
1995 2531 2149 2582 Unde
2189 2531 2396 2583 Hiero·

1319 2614 1518 2670 nymus
1546 2618 1562 2652 .·
1595 2620 1622 2648 «
1646 2601 1841 2652 Nescio
1866 2601 1993 2668 quis
2017 2602 2119 2651 hoc
2144 2612 2390 2652 nostrum

1320 2675 1491 2740 possit
1531 2675 1775 2741 implere,
1818 2684 1878 2725 ut
1918 2676 2174 2725 laceretur
2193 2691 2393 2741 oppro-

1318 2747 1453 2798 briis
1480 2747 1621 2799 fama
1643 2757 1840 2808 nostra,
1864 2758 1916 2798 et
1943 2763 2042 2797 nos
2065 2747 2397 2799 exsultemus

1321 2818 1379 2868 in
1407 2818 1659 2869 Domino,
1693 2814 1806 2868 Hoc
1834 2817 1929 2884 qui
1952 2833 2141 2868 vanam
2166 2829 2393 2870 sectatur

1319 2888 1565 2953 gloriam,
1615 2888 1841 2954 implere
1870 2904 1980 2938 non
2025 2897 2214 2953 potest.
2243 2888 2392 2940 Gau-

1318 2961 1444 3011 dere
1467 2961 1632 3027 igitur
1660 2968 1712 3011 et
1735 2962 1999 3011 exsultare
2025 2961 2303 3021 debemus,
2333 2972 2393 3012 ut

1322 3047 1525 3083 merces
1555 3031 1712 3082 nobis
1757 3032 1814 3082 in
1843 3032 2146 3083 coelestibus
2177 3048 2391 3099 praepa-

1322 3117 1485 3157 retur.
1508 3106 1794 3172 Eleganter
1818 3106 1875 3156 in
1904 3108 2138 3174 quodam
2163 3108 2389 3158 volumi·

1323 3196 1390 3230 ne
1436 3178 1690 3245 scriptum
1731 3179 1963 3246 legimus
1993 3198 2007 3230 :
2038 3181 2160 3231 Non
2187 3194 2395 3247 quaeras

1321 3250 1547 3316 gloriam
1568 3260 1620 3299 et
1640 3266 1749 3300 non
1768 3250 1972 3301 dolebis
1990 3252 2112 3301 curn
2129 3250 2394 3317 inglorius

1321 3320 1504 3372 fueriS.
1543 3339 1572 3368 n
1608 3320 1763 3371 Unde
1818 3331 1869 3372 et
1926 3322 2344 3388 Chrysostomus
2374 3335 2391 3371 .·

1324 3410 1351 3437 «
1378 3392 1655 3451 Quantum
1676 3392 1873 3459 aliquis
1893 3394 2099 3444 laetatur
2119 3392 2185 3441 de
2212 3389 2392 3441 laudi-

1323 3462 1426 3512 bus
1452 3462 1756 3526 hominurn,
1793 3473 1998 3514 tantum
2027 3463 2092 3511 de
2119 3461 2394 3528 vitupera-

1329 3534 1479 3585 tione
1518 3535 1779 3586 tristatur.
1831 3535 1936 3595 Qui
1991 3548 2115 3584 vero
2165 3533 2390 3598 gloriam

1323 3607 1646 3673 concupiscit
1688 3609 1743 3658 in
1789 3609 1939 3667 coe10,
1965 3605 2250 3672 opprobria
2279 3621 2389 3656 non

1321 3680 1478 3730 timet
1497 3678 1553 3729 in
1578 3680 1750 3730 terris.
1773 3699 1800 3727 »
1826 3678 1982 3730 Unde
2001 3677 2130 3727 dicit
2149 3678 2351 3728 Seneca
2371 3694 2390 3729 .-

1325 3768 1353 3797 α
1382 3751 1675 3817 Nunquam
1712 3750 1838 3800 felix
1872 3764 1946 3809 eS,
1988 3747 2033 3799 si
2074 3748 2311 3799 nondum
2341 3758 2394 3798 te

1323 3823 1481 3886 turba
1522 3822 1742 3873 deridet.
1784 3821 1839 3871 Si
1891 3820 2075 3871 beatus
2131 3835 2245 3871 esse
2285 3819 2387 3881 vis,

1323 3893 1499 3961 cogita
1525 3893 1627 3946 hoc
1651 3892 1888 3960 primum
1908 3900 2249 3944 'contemnere
2269 3906 2392 3943 con-
