2784 4452
443 299 556 350 ²24

1070 285 1309 338 PRIMAE
1347 287 1596 355 PARTIS
1627 288 1861 342 CAPUT
1893 289 2055 342 XXII.

1240 669 1577 741 CAPUT
1666 668 1874 740 xxn

834 919 940 987 De
969 918 1238 1005 jejunio
1298 929 1366 988 et
1426 919 1932 990 tentationibus
1974 921 2289 991 Domini.

966 1166 1254 1229 Matthaei
1297 1187 1431 1250 cap.
1466 1189 1534 1250 4,
1584 1180 1645 1230 et
1692 1167 1883 1231 Lucae
1930 1189 2065 1252 cap.
2114 1189 2177 1251 4.

509 1419 528 1454 1
570 1405 689 1456 Cun
723 1420 830 1455 cmi
889 1421 1113 1455 DAEMONE
1156 1421 1508 1456 ruem-runos

438 1474 706 1526 cums-rus
783 1491 1058 1526 nusi-:nrum
1141 1494 1332 1528 Erum-r
1362 1477 1381 1527 ?
1445 1506 1508 1517 -

439 1547 727 1614 Postquam
760 1549 1025 1599 Dominus
1065 1549 1226 1599 Jesus
1275 1549 1378 1600 fuit
1411 1552 1507 1601 ba-

435 1619 660 1685 ptizatus
677 1659 690 1679 ,
736 1634 1023 1686 regressus
1062 1626 1143 1670 est
1176 1635 1212 1669 a
1265 1622 1507 1673 Jordane

427 1689 622 1755 plenus
660 1691 871 1754 Spiritu
913 1691 1135 1751 Sancte,
1166 1692 1505 1756 plenitudine

435 1764 958 1828 superabundantiae,
990 1763 1056 1813 de
1091 1765 1246 1830 cujus
1263 1763 1506 1829 plenitu-

434 1834 557 1884 dine
585 1848 681 1885 nos
706 1848 886 1885 omnes
913 1834 1233 1899 accepimuS.
1264 1836 1328 1884 Et
1359 1842 1499 1899 tunc,

433 1905 487 1955 id
523 1916 604 1955 est
653 1905 1006 1956 incontinenti
1057 1921 1114 1955 ac
1161 1906 1277 1956 sine
1330 1923 1500 1969 mora,

400 1976 406 1981 “
434 1976 624 2027 ductus
653 1983 748 2039 est,
800 1986 1102 2042 spontanee,
1134 1977 1186 2026 in
1216 1978 1498 2040 desertum,

432 2063 592 2113 super
619 2049 906 2115 quemdam
931 2058 1171 2099 montem
1196 2049 1345 2099 mirae
1373 2051 1502 2101 alti-

432 2119 655 2180 tudinis,
700 2119 902 2169 dictum
936 2119 1284 2183 Quarantena‚
1299 2121 1392 2186 qui
1424 2132 1503 2172 est

432 2191 573 2243 inter
615 2192 824 2244 Jericho
867 2201 917 2243 et
953 2192 1266 2253 Jerusalem,
1296 2193 1501 2245 distans

430 2280 462 2316 a
488 2265 698 2315 Jericho
739 2266 952 2315 duobus
994 2265 1336 2325 milliaribus,
1379 2278 1432 2317 et
1471 2282 1503 2317 a

428 2337 721 2386 Jerusalem
774 2336 1056 2386 duodecim
1112 2338 1194 2387 vel
1241 2336 1395 2388 circa.
1440 2340 1498 2388 In

430 2409 684 2474 praedicto
735 2410 942 2460 deserto
1001 2411 1234 2462 latrones
1302 2412 1500 2461 morari

430 2479 690 2539 solebant,
719 2480 812 2544 qui
840 2481 987 2529 locus
1016 2490 1233 2531 vocatur
1262 2482 1498 2549 Domyn,

362 2603 363 2606 Ἴ
431 2549 577 2614 quod
610 2549 927 2615 sanguinem
961 2560 1132 2610 sonat,
1166 2562 1383 2616 propter
1430 2553 1500 2603 ef-

431 2616 701 2668 fusionem
747 2620 1028 2685 sanguinis
1075 2636 1237 2685 quam
1286 2622 1361 2671 ibi
1416 2624 1498 2674 la-

429 2701 612 2741 trones
647 2691 924 2742 faciebant.
955 2692 1262 2758 Specialiter
1281 2694 1498 2762 Domyn

429 2771 511 2811 est
551 2763 734 2822 casale,
765 2762 858 2812 ubi
901 2762 992 2812 ille
1025 2762 1120 2828 qui
1164 2763 1439 2815 descendit
1467 2782 1499 2816 a

428 2831 721 2882 Jerusalem
761 2834 820 2883 in
868 2834 1080 2884 Jericho
1111 2834 1299 2886 incidit
1327 2837 1384 2887 in
1432 2839 1500 2888 la-

431 2911 630 2963 trones,
671 2905 826 2970 quasi
867 2904 1003 2955 circa
1051 2906 1291 2956 medium
1323 2908 1381 2958 in
1414 2910 1499 2960 via

428 2990 548 3040 quae
581 2976 646 3030 de
685 2977 900 3027 Jericho
933 2978 1078 3028 ducit
1115 2979 1171 3028 in
1203 2981 1497 3032 Jerusalem

428 3060 459 3095 a
487 3056 633 3109 parte
653 3049 870 3098 australi
891 3049 1086 3099 deserti
1119 3051 1494 3116 Quarantenae3

428 3118 622 3168 deinde
660 3130 740 3170 est
780 3122 1055 3183 Bethania,
1082 3134 1132 3174 et
1167 3124 1496 3190 Bethphage,

428 3201 482 3241 et
513 3192 804 3242 Jerusalem
820 3209 834 3255 ;
861 3204 912 3243 et
932 3196 1123 3246 transit
1140 3195 1224 3247 via
1253 3196 1309 3245 in
1337 3198 1499 3249 latere

428 3265 647 3314 australi
687 3266 887 3315 montis
934 3268 1150 3319 oliveti.
1196 3269 1334 3329 Quia
1369 3285 1497 3335 ergo

426 3336 596 3386 homo
617 3337 709 3402 qui
740 3337 815 3387 ibi
841 3337 1093 3389 incidisse
1116 3341 1312 3391 dicitur
1331 3341 1387 3391 in
1414 3343 1497 3391 la-

427 3415 627 3468 trones,
662 3409 882 3474 gerebat
914 3409 1142 3475 figuram
1171 3411 1300 3461 Adae
1329 3411 1425 3478 qui
1466 3426 1498 3462 a

426 3478 766 3531 daemonibus
818 3490 898 3530 est
947 3481 1138 3543 victus,
1173 3483 1496 3533 conveniens

424 3549 530 3602 fuit
554 3562 614 3601 ut
641 3552 717 3602 ibi
751 3552 1099 3605 historialiter
1123 3563 1173 3604 et
1201 3556 1494 3605 secundum

426 3639 562 3686 rem,
594 3625 849 3676 Christus
879 3636 1151 3692 superaret
1195 3627 1493 3689 diabolum,

426 3695 522 3745 ubi
561 3695 853 3761 figuraliter
876 3706 926 3748 et
967 3699 1262 3749 secundum
1292 3699 1494 3749 simili-

425 3766 674 3817 tudinem
702 3768 948 3819 diabolus
990 3769 1183 3820 dicitur
1207 3770 1492 3820 hominem

425 3849 703 3900 superasse
762 3840 1020 3905 primum.
1094 3836 1495 3890 Unde‘dicitur

422 3906 572 3969 quod
609 3908 976 3963 Samaritanus
1030 3910 1214 3962 eadem
1265 3909 1352 3961 via
1392 3911 1491 3961 de-

1614 1408 1848 1472 scendit3
1898 1409 2027 1475 quia
2063 1424 2218 1459 carne
2260 1409 2482 1459 indutus
2506 1409 2686 1462 Filius

1614 1479 1731 1539 Dei,
1760 1479 1853 1545 qui
1896 1490 1978 1531 est
2008 1490 2186 1531 custos
2219 1479 2521 1540 hominum,
2554 1495 2684 1531 eas·-

1613 1549 1736 1598 dem
1781 1551 2101 1600 tentationes
2149 1550 2224 1600 ibi
2258 1550 2528 1601 sustinuit.
2559 1551 2685 1602 Pu-

1613 1630 1871 1686 gnaturus
1935 1621 2154 1687 quidem
2234 1620 2500 1672 Dominus
2551 1637 2686 1672 cum

1612 1693 1843 1753 diabole,
1893 1692 1946 1742 in
1999 1693 2268 1742 desertum
2325 1693 2556 1754 secessit,
2619 1705 2686 1744 ut

1613 1767 1771 1816 nobis
1800 1767 2116 1826 ostenderet,
2154 1767 2297 1832 quod
2329 1766 2422 1832 qui
2448 1766 2686 1832 perfecte

1610 1837 1840 1902 laqueos
1859 1837 2214 1886 tentationum
2238 1837 2352 1900 ejus
2374 1839 2489 1887 vult
2509 1853 2688 1903 supe-

1610 1919 1743 1967 rare,
1785 1923 1892 1957 non
1919 1908 2094 1957 solum
2129 1907 2313 1957 turbas
2341 1908 2680 1968 daemonum,

1610 1979 1703 2028 sed
1742 1979 1898 2028 etiam
1945 1979 2249 2028 societatem
2277 1979 2541 2028 malorum
2567 1977 2683 2029 ho-

1611 2050 1843 2111 minum,
1868 2050 2157 2116 aliquando
2177 2050 2398 2115 quidem
2430 2065 2681 2115 corpore,

1611 2137 1822 2188 semper
1858 2131 2035 2171 autem
2072 2130 2267 2180 mente,
2308 2120 2466 2170 debet
2504 2119 2715 2182 vitare,

1609 2203 1661 2244 et
1680 2192 1889 2259 fugere;
1916 2193 2161 2259 exemplo
2193 2191 2341 2243 illius
2369 2191 2462 2258 qui
2497 2191 2554 2241 in
2583 2207 2687 2243 re-

1609 2265 1713 2330 gali
1746 2265 1883 2323 aula,
1936 2273 1987 2313 et
2010 2262 2148 2314 inter
2181 2263 2364 2313 turbas
2394 2263 2692 2327 populares

1610 2336 1837 2401 positus,
1852 2335 2061 2384 dicebat
2089 2352 2104 2385 2
2133 2336 2277 2391 Ecce
2302 2334 2554 2399 elongavi
2578 2334 2689 2389 fu-

1607 2408 1782 2474 gient,
1832 2413 1884 2457 et
1932 2407 2107 2457 mansi
2134 2406 2186 2456 in
2216 2404 2517 2455 solitudine.
2556 2406 2687 2457 Nos

1609 2495 1735 2545 ergo
1764 2480 2007 2544 exemplo
2028 2477 2231 2529 Christi
2249 2487 2299 2526 et
2321 2478 2348 2527 J
2353 2477 2545 2526 oannis
2561 2478 2687 2543 agi·

1609 2563 1785 2602 temur
1819 2568 1850 2602 a
1900 2550 2106 2617 Spiritu
2152 2553 2375 2610 Sanct0,
2421 2566 2529 2599 non
2582 2566 2691 2615 per

1608 2625 1935 2692 hypocrisim
1977 2640 2006 2673 a
2035 2624 2285 2689 maligno
2312 2624 2369 2672 in
2399 2623 2691 2673 desertum

1608 2697 1709 2747 loci
1763 2706 1816 2746 et
1868 2695 2195 2756 solitudinis,
2241 2696 2326 2744 vel
2386 2694 2574 2743 saltem
2621 2694 2693 2744 in

1606 2769 1875 2819 desertum
1929 2768 2099 2817 nostri
2141 2765 2372 2832 pectoris
2423 2776 2475 2815 et
2538 2780 2704 2815 con-

1606 2839 2008 2906 templationiS,
2062 2848 2123 2888 ut
2167 2837 2335 2904 quieti
2367 2853 2398 2887 a
2447 2836 2696 2901 strepitu

1608 2912 1799 2962 mundi
1845 2911 2040 2962 melius
2085 2909 2197 2959 Deo
2243 2923 2509 2967 vacemuS,
2536 2916 2592 2957 et
2619 2908 2692 2957 in

1607 2996 1787 3036 mente
1827 2985 2067 3035 seculum
2129 2982 2468 3039 deserenteS‚
2515 2980 2700 3044 quasi.

1607 3071 1803 3106 manna
1844 3055 2039 3105 deserti
2089 3054 2201 3103 sola
2230 3063 2425 3102 aeterna
2480 3050 2701 3115 gaudia

1608 3127 1811 3177 esurire
1839 3126 2125 3175 discamus·
2141 3126 2350 3175 Ductus
2378 3127 2459 3171 est
2505 3120 2699 3185 igitur

1606 3199 1767 3247 Jesus
1796 3211 1830 3246 a
1871 3196 2084 3261 Spiritu
2116 3192 2342 3254 Sancte,
2403 3192 2530 3259 quia
2561 3192 2698 3242 hu-

1608 3267 1840 3316 manitas
1885 3264 2088 3315 Christi
2121 3273 2231 3315 erat
2276 3277 2540 3328 organum
2585 3261 2698 3310 di-

1604 3335 1935 3395 vinitatiS,e
1907 3345 1959 3385 et
2001 3334 2121 3384 ideo
2157 3334 2223 3383 ad
2248 3332 2432 3382 omnia
2467 3331 2707 3400 agenda

1606 3410 1920 3459 movebatur
1959 3406 2220 3459 instinctu
2260 3402 2493 3471 Spiritus
2529 3404 2706 3453 San-

1605 3480 1697 3531 cti.

1670 3567 1700 3601 2
1737 3551 1965 3611 Qumno
2005 3564 2075 3598 m·
2108 3563 2214 3598 cun
2240 3546 2507 3597 Cmusrus
2533 3555 2707 3590 ‘ttu-

1603 3639 1729 3687 TRRI
1776 3619 2006 3673 vomu-r?
2055 3647 2116 3658 -—
2170 3619 2284 3668 Hoc
2343 3632 2468 3692 ergo
2515 3621 2703 3663 motu

1604 3693 1703 3744 ivit
1748 3692 1801 3744 in
1830 3691 2101 3742 desertum
2130 3690 2328 3749 locum,
2358 3697 2415 3732 ut
2439 3681 2515 3732 ibi
2547 3681 2693 3746 spi-

1602 3766 1769 3816 ritum
1821 3765 1878 3814 in
1926 3762 2168 3813 oratione
2217 3776 2317 3837 pro
2354 3754 2513 3804 nobis
2551 3753 2703 3805 Deo

1604 3837 1743 3888 Patri
1769 3835 1996 3893 offerret,
2044 3843 2095 3884 et
2133 3843 2226 3895 per
2255 3824 2516 3892 jejunium
2546 3838 2703 3873 car-

1601 3924 1726 3959 nem
1786 3908 2121 3960 innocentem
2177 3914 2273 3967 pro
2342 3895 2501 3948 nobis
2545 3908 2710 3946 ma-
