<?xml version="1.0" encoding="UTF-8"?>
<!DOCTYPE html PUBLIC "-//W3C//DTD XHTML 1.0 Transitional//EN"
    "http://www.w3.org/TR/xhtml1/DTD/xhtml1-transitional.dtd">
<html xmlns="http://www.w3.org/1999/xhtml" xml:lang="en" lang="en">
 <head>
  <title>
</title>
<meta http-equiv="Content-Type" content="text/html;charset=utf-8" />
  <meta name='ocr-system' content='tesseract 3.04.00' />
  <meta name='ocr-capabilities' content='ocr_page ocr_carea ocr_par ocr_line ocrx_word'/>
</head>
<body>
  <div class='ocr_page' id='page_1' title='image "./vitajesuchristi00sachgoog_0452.png"; bbox 0 0 2784 4452; ppageno 0'>
   <div class='ocr_carea' id='block_1_1' title="bbox 377 296 495 361">
    <p class='ocr_par' dir='ltr' id='par_1_1' title="bbox 377 296 495 361">
     <span class='ocr_line' id='line_1_1' title="bbox 377 296 495 361; baseline -0.008 -13"><span class='ocrx_word' id='word_1_1' title='bbox 377 296 495 361; x_wconf 88' lang='lat'>436</span> 
     </span>
    </p>
   </div>
   <div class='ocr_carea' id='block_1_2' title="bbox 365 412 1445 3974">
    <p class='ocr_par' dir='ltr' id='par_1_2' title="bbox 373 412 1445 1481">
     <span class='ocr_line' id='line_1_2' title="bbox 375 412 1442 480; baseline 0 -17"><span class='ocrx_word' id='word_1_2' title='bbox 375 412 544 479; x_wconf 89' lang='lat' dir='ltr'>igitur</span> <span class='ocrx_word' id='word_1_3' title='bbox 592 421 702 464; x_wconf 84' lang='lat' dir='ltr'>tam</span> <span class='ocrx_word' id='word_1_4' title='bbox 755 413 1237 480; x_wconf 90' lang='lat' dir='ltr'>benignissimum,</span> <span class='ocrx_word' id='word_1_5' title='bbox 1277 428 1442 479; x_wconf 88' lang='lat' dir='ltr'>quam</span> 
     </span>
     <span class='ocr_line' id='line_1_3' title="bbox 375 483 1443 549; baseline 0 -16"><span class='ocrx_word' id='word_1_6' title='bbox 375 483 522 549; x_wconf 85' lang='lat' dir='ltr'>quod</span> <span class='ocrx_word' id='word_1_7' title='bbox 567 483 713 534; x_wconf 92' lang='lat' dir='ltr'>Deus</span> <span class='ocrx_word' id='word_1_8' title='bbox 749 483 806 533; x_wconf 90' lang='lat' dir='ltr'>in</span> <span class='ocrx_word' id='word_1_9' title='bbox 845 484 985 535; x_wconf 90' lang='lat' dir='ltr'>hanc</span> <span class='ocrx_word' id='word_1_10' title='bbox 1034 485 1329 536; x_wconf 89' lang='lat' dir='ltr'>naviculam</span> <span class='ocrx_word' id='word_1_11' title='bbox 1376 485 1443 533; x_wconf 89' lang='lat' dir='ltr'>de</span> 
     </span>
     <span class='ocr_line' id='line_1_4' title="bbox 376 554 1445 620; baseline 0.001 -16"><span class='ocrx_word' id='word_1_12' title='bbox 376 554 509 604; x_wconf 88' lang='lat' dir='ltr'>coelo</span> <span class='ocrx_word' id='word_1_13' title='bbox 532 554 749 605; x_wconf 90' lang='lat' dir='ltr'>veniens</span> <span class='ocrx_word' id='word_1_14' title='bbox 779 571 876 620; x_wconf 93' lang='lat' dir='ltr'>pro</span> <span class='ocrx_word' id='word_1_15' title='bbox 905 556 1112 607; x_wconf 90' lang='lat' dir='ltr'>deliciis</span> <span class='ocrx_word' id='word_1_16' title='bbox 1138 556 1298 606; x_wconf 87' lang='lat' dir='ltr'>habet</span> <span class='ocrx_word' id='word_1_17' title='bbox 1326 569 1445 606; x_wconf 77' lang='lat' dir='ltr'>esse</span> 
     </span>
     <span class='ocr_line' id='line_1_5' title="bbox 378 627 1439 693; baseline 0 -15"><span class='ocrx_word' id='word_1_18' title='bbox 378 641 495 678; x_wconf 86' lang='lat' dir='ltr'>cum</span> <span class='ocrx_word' id='word_1_19' title='bbox 522 627 669 693; x_wconf 84' lang='lat' dir='ltr'>filiis</span> <span class='ocrx_word' id='word_1_20' title='bbox 707 627 1021 679; x_wconf 76' lang='lat' dir='ltr'>hominum?</span> <span class='ocrx_word' id='word_1_21' title='bbox 1061 629 1204 688; x_wconf 89' lang='lat' dir='ltr'><strong>Quid</strong></span> <span class='ocrx_word' id='word_1_22' title='bbox 1245 628 1439 679; x_wconf 91' lang='lat' dir='ltr'>iterum</span> 
     </span>
     <span class='ocr_line' id='line_1_6' title="bbox 376 698 1442 751; baseline 0.002 -3"><span class='ocrx_word' id='word_1_23' title='bbox 376 707 487 748; x_wconf 82' lang='lat' dir='ltr'>tam</span> <span class='ocrx_word' id='word_1_24' title='bbox 527 698 1000 750; x_wconf 86' lang='lat' dir='ltr'>admirantissimae</span> <span class='ocrx_word' id='word_1_25' title='bbox 1040 700 1287 751; x_wconf 84' lang='lat' dir='ltr'>utilitatis</span> <span class='ocrx_word' id='word_1_26' title='bbox 1325 715 1442 751; x_wconf 91' lang='lat' dir='ltr'>esse</span> 
     </span>
     <span class='ocr_line' id='line_1_7' title="bbox 375 770 1443 839; baseline 0.003 -19"><span class='ocrx_word' id='word_1_27' title='bbox 375 770 590 836; x_wconf 89' lang='lat' dir='ltr'>poterit,</span> <span class='ocrx_word' id='word_1_28' title='bbox 609 787 773 838; x_wconf 89' lang='lat' dir='ltr'>quam</span> <span class='ocrx_word' id='word_1_29' title='bbox 798 773 943 839; x_wconf 90' lang='lat' dir='ltr'>quod</span> <span class='ocrx_word' id='word_1_30' title='bbox 957 773 1101 823; x_wconf 90' lang='lat' dir='ltr'>Deus</span> <span class='ocrx_word' id='word_1_31' title='bbox 1128 774 1443 838; x_wconf 89' lang='lat' dir='ltr'>conjunctus</span> 
     </span>
     <span class='ocr_line' id='line_1_8' title="bbox 376 839 1443 907; baseline 0.004 -18"><span class='ocrx_word' id='word_1_32' title='bbox 376 839 571 890; x_wconf 86' lang='lat' dir='ltr'>animae</span> <span class='ocrx_word' id='word_1_33' title='bbox 597 841 768 906; x_wconf 85' lang='lat' dir='ltr'>ipsam</span> <span class='ocrx_word' id='word_1_34' title='bbox 793 852 1071 907; x_wconf 88' lang='lat' dir='ltr'>promovet</span> <span class='ocrx_word' id='word_1_35' title='bbox 1090 843 1155 892; x_wconf 92' lang='lat' dir='ltr'>ad</span> <span class='ocrx_word' id='word_1_36' title='bbox 1180 842 1443 893; x_wconf 77' lang='lat' dir='ltr'>salutem?</span> 
     </span>
     <span class='ocr_line' id='line_1_9' title="bbox 378 909 1442 970; baseline 0.003 -9"><span class='ocrx_word' id='word_1_37' title='bbox 378 909 485 970; x_wconf 88' lang='lat' dir='ltr'>Qui</span> <span class='ocrx_word' id='word_1_38' title='bbox 510 912 837 963; x_wconf 90' lang='lat' dir='ltr'>descendens</span> <span class='ocrx_word' id='word_1_39' title='bbox 866 912 922 962; x_wconf 90' lang='lat' dir='ltr'>in</span> <span class='ocrx_word' id='word_1_40' title='bbox 942 912 1181 962; x_wconf 90' lang='lat' dir='ltr'>animam</span> <span class='ocrx_word' id='word_1_41' title='bbox 1204 914 1442 964; x_wconf 89' lang='lat' dir='ltr'>dormire</span> 
     </span>
     <span class='ocr_line' id='line_1_10' title="bbox 375 984 1443 1053; baseline 0.005 -20"><span class='ocrx_word' id='word_1_42' title='bbox 375 992 506 1034; x_wconf 90' lang='lat' dir='ltr'>tunc</span> <span class='ocrx_word' id='word_1_43' title='bbox 553 984 767 1045; x_wconf 86' lang='lat' dir='ltr'>dicitur,</span> <span class='ocrx_word' id='word_1_44' title='bbox 812 1001 935 1036; x_wconf 89' lang='lat' dir='ltr'>cum</span> <span class='ocrx_word' id='word_1_45' title='bbox 975 986 1240 1037; x_wconf 88' lang='lat' dir='ltr'>subtracta</span> <span class='ocrx_word' id='word_1_46' title='bbox 1277 988 1443 1053; x_wconf 89' lang='lat' dir='ltr'>gratia</span> 
     </span>
     <span class='ocr_line' id='line_1_11' title="bbox 375 1055 1442 1121; baseline 0.005 -16"><span class='ocrx_word' id='word_1_47' title='bbox 375 1055 663 1121; x_wconf 87' lang='lat' dir='ltr'>spirituali,</span> <span class='ocrx_word' id='word_1_48' title='bbox 702 1066 879 1107; x_wconf 91' lang='lat' dir='ltr'>motus</span> <span class='ocrx_word' id='word_1_49' title='bbox 915 1058 1222 1109; x_wconf 86' lang='lat' dir='ltr'>tentationis</span> <span class='ocrx_word' id='word_1_50' title='bbox 1255 1059 1442 1110; x_wconf 87' lang='lat' dir='ltr'>insur-</span> 
     </span>
     <span class='ocr_line' id='line_1_12' title="bbox 375 1129 1442 1195; baseline 0.006 -18"><span class='ocrx_word' id='word_1_51' title='bbox 375 1138 538 1195; x_wconf 88' lang='lat' dir='ltr'>gunt;</span> <span class='ocrx_word' id='word_1_52' title='bbox 566 1129 789 1195; x_wconf 90' lang='lat' dir='ltr'>vigilare</span> <span class='ocrx_word' id='word_1_53' title='bbox 819 1145 944 1180; x_wconf 91' lang='lat' dir='ltr'>vero</span> <span class='ocrx_word' id='word_1_54' title='bbox 974 1141 1026 1181; x_wconf 89' lang='lat' dir='ltr'>et</span> <span class='ocrx_word' id='word_1_55' title='bbox 1062 1132 1278 1183; x_wconf 89' lang='lat' dir='ltr'>excitari</span> <span class='ocrx_word' id='word_1_56' title='bbox 1315 1143 1442 1183; x_wconf 90' lang='lat' dir='ltr'>tunc</span> 
     </span>
     <span class='ocr_line' id='line_1_13' title="bbox 374 1199 1440 1269; baseline 0.005 -20"><span class='ocrx_word' id='word_1_57' title='bbox 374 1199 589 1260; x_wconf 91' lang='lat' dir='ltr'>dicitur,</span> <span class='ocrx_word' id='word_1_58' title='bbox 632 1216 754 1251; x_wconf 91' lang='lat' dir='ltr'>cum</span> <span class='ocrx_word' id='word_1_59' title='bbox 798 1202 1092 1268; x_wconf 88' lang='lat' dir='ltr'>spiritualis</span> <span class='ocrx_word' id='word_1_60' title='bbox 1128 1204 1296 1269; x_wconf 90' lang='lat' dir='ltr'>gratia</span> <span class='ocrx_word' id='word_1_61' title='bbox 1335 1205 1440 1269; x_wconf 83' lang='lat' dir='ltr'>jam</span> 
     </span>
     <span class='ocr_line' id='line_1_14' title="bbox 374 1272 1440 1339; baseline 0.003 -17"><span class='ocrx_word' id='word_1_62' title='bbox 374 1286 607 1337; x_wconf 83' lang='lat' dir='ltr'>praesens</span> <span class='ocrx_word' id='word_1_63' title='bbox 641 1272 887 1333; x_wconf 88' lang='lat' dir='ltr'>sentitur,</span> <span class='ocrx_word' id='word_1_64' title='bbox 915 1274 982 1322; x_wconf 90' lang='lat' dir='ltr'>ad</span> <span class='ocrx_word' id='word_1_65' title='bbox 1009 1274 1161 1338; x_wconf 86' lang='lat' dir='ltr'>cujus</span> <span class='ocrx_word' id='word_1_66' title='bbox 1201 1289 1440 1339; x_wconf 89' lang='lat' dir='ltr'>praesen-</span> 
     </span>
     <span class='ocr_line' id='line_1_15' title="bbox 373 1343 1440 1411; baseline 0.003 -18"><span class='ocrx_word' id='word_1_67' title='bbox 373 1343 504 1393; x_wconf 89' lang='lat' dir='ltr'>tiam</span> <span class='ocrx_word' id='word_1_68' title='bbox 572 1343 758 1394; x_wconf 90' lang='lat' dir='ltr'>omnia</span> <span class='ocrx_word' id='word_1_69' title='bbox 827 1344 1182 1395; x_wconf 87' lang='lat' dir='ltr'>tentationum</span> <span class='ocrx_word' id='word_1_70' title='bbox 1250 1362 1440 1411; x_wconf 88' lang='lat' dir='ltr'>genera</span> 
     </span>
     <span class='ocr_line' id='line_1_16' title="bbox 374 1415 774 1481; baseline 0.005 -15"><span class='ocrx_word' id='word_1_71' title='bbox 374 1415 774 1481; x_wconf 87' lang='lat' dir='ltr'>conquiescunt.</span> 
     </span>
    </p>

    <p class='ocr_par' dir='ltr' id='par_1_3' title="bbox 365 1484 1438 3974">
     <span class='ocr_line' id='line_1_17' title="bbox 436 1484 1437 1545; baseline 0.006 -10"><span class='ocrx_word' id='word_1_72' title='bbox 436 1484 470 1535; x_wconf 94' lang='lat'>8</span> <span class='ocrx_word' id='word_1_73' title='bbox 502 1486 642 1545; x_wconf 82' lang='lat' dir='ltr'>Qun&gt;</span> <span class='ocrx_word' id='word_1_74' title='bbox 671 1503 755 1538; x_wconf 83' lang='lat' dir='ltr'>sn·</span> <span class='ocrx_word' id='word_1_75' title='bbox 789 1504 843 1538; x_wconf 78' lang='lat' dir='ltr'>m</span> <span class='ocrx_word' id='word_1_76' title='bbox 880 1505 1300 1540; x_wconf 63' lang='lat' dir='ltr'>Tan-ruxomnus</span> <span class='ocrx_word' id='word_1_77' title='bbox 1340 1506 1437 1540; x_wconf 75' lang='lat' dir='ltr'>FA-</span> 
     </span>
     <span class='ocr_line' id='line_1_18' title="bbox 373 1558 1437 1626; baseline 0.003 -18"><span class='ocrx_word' id='word_1_78' title='bbox 373 1558 636 1608; x_wconf 67' lang='lat' dir='ltr'>mannum?</span> <span class='ocrx_word' id='word_1_79' title='bbox 670 1587 732 1596; x_wconf 96' lang='lat'>—</span> <span class='ocrx_word' id='word_1_80' title='bbox 760 1559 914 1610; x_wconf 89' lang='lat' dir='ltr'>Circa</span> <span class='ocrx_word' id='word_1_81' title='bbox 955 1559 1125 1621; x_wconf 87' lang='lat' dir='ltr'>istud,</span> <span class='ocrx_word' id='word_1_82' title='bbox 1164 1561 1437 1626; x_wconf 80' lang='lat' dir='ltr'>Augusti-</span> 
     </span>
     <span class='ocr_line' id='line_1_19' title="bbox 371 1628 1438 1696; baseline 0.005 -20"><span class='ocrx_word' id='word_1_83' title='bbox 371 1641 474 1676; x_wconf 80' lang='lat' dir='ltr'>nus</span> <span class='ocrx_word' id='word_1_84' title='bbox 500 1628 654 1694; x_wconf 88' lang='lat' dir='ltr'>quasi</span> <span class='ocrx_word' id='word_1_85' title='bbox 693 1629 758 1679; x_wconf 93' lang='lat' dir='ltr'>de</span> <span class='ocrx_word' id='word_1_86' title='bbox 797 1646 905 1680; x_wconf 93' lang='lat' dir='ltr'>uno</span> <span class='ocrx_word' id='word_1_87' title='bbox 934 1630 1239 1696; x_wconf 89' lang='lat' dir='ltr'>exemplum</span> <span class='ocrx_word' id='word_1_88' title='bbox 1269 1631 1438 1681; x_wconf 91' lang='lat' dir='ltr'>indu-</span> 
     </span>
     <span class='ocr_line' id='line_1_20' title="bbox 373 1698 1437 1758; baseline 0.004 -10"><span class='ocrx_word' id='word_1_89' title='bbox 373 1713 517 1758; x_wconf 78' lang='lat' dir='ltr'>cenS‚</span> <span class='ocrx_word' id='word_1_90' title='bbox 548 1698 625 1749; x_wconf 90' lang='lat' dir='ltr'>sic</span> <span class='ocrx_word' id='word_1_91' title='bbox 646 1700 720 1750; x_wconf 89' lang='lat' dir='ltr'>ait</span> <span class='ocrx_word' id='word_1_92' title='bbox 750 1716 764 1751; x_wconf 71' lang='grc' dir='ltr'><strong>ε</strong></span> <span class='ocrx_word' id='word_1_93' title='bbox 797 1719 824 1747; x_wconf 87' lang='lat'>«</span> <span class='ocrx_word' id='word_1_94' title='bbox 854 1703 1052 1752; x_wconf 89' lang='lat' dir='ltr'>Intrant</span> <span class='ocrx_word' id='word_1_95' title='bbox 1077 1702 1223 1752; x_wconf 87' lang='lat' dir='ltr'>venti</span> <span class='ocrx_word' id='word_1_96' title='bbox 1255 1702 1312 1752; x_wconf 90' lang='lat' dir='ltr'>in</span> <span class='ocrx_word' id='word_1_97' title='bbox 1347 1719 1437 1753; x_wconf 92' lang='lat' dir='ltr'>cor</span> 
     </span>
     <span class='ocr_line' id='line_1_21' title="bbox 371 1769 1437 1838; baseline 0.006 -21"><span class='ocrx_word' id='word_1_98' title='bbox 371 1776 547 1829; x_wconf 90' lang='lat' dir='ltr'>tuum,</span> <span class='ocrx_word' id='word_1_99' title='bbox 571 1769 762 1835; x_wconf 91' lang='lat' dir='ltr'>utique</span> <span class='ocrx_word' id='word_1_100' title='bbox 788 1771 883 1820; x_wconf 95' lang='lat' dir='ltr'>ubi</span> <span class='ocrx_word' id='word_1_101' title='bbox 912 1772 1146 1838; x_wconf 87' lang='lat' dir='ltr'>navigas,</span> <span class='ocrx_word' id='word_1_102' title='bbox 1171 1772 1267 1823; x_wconf 90' lang='lat' dir='ltr'>ubi</span> <span class='ocrx_word' id='word_1_103' title='bbox 1297 1773 1437 1823; x_wconf 88' lang='lat' dir='ltr'>hanc</span> 
     </span>
     <span class='ocr_line' id='line_1_22' title="bbox 370 1840 1436 1911; baseline 0.006 -21"><span class='ocrx_word' id='word_1_104' title='bbox 370 1840 537 1891; x_wconf 89' lang='lat' dir='ltr'>vitam</span> <span class='ocrx_word' id='word_1_105' title='bbox 584 1851 841 1908; x_wconf 90' lang='lat' dir='ltr'>tanquam</span> <span class='ocrx_word' id='word_1_106' title='bbox 876 1846 1231 1910; x_wconf 89' lang='lat' dir='ltr'>procellosum</span> <span class='ocrx_word' id='word_1_107' title='bbox 1262 1856 1314 1895; x_wconf 90' lang='lat' dir='ltr'>et</span> <span class='ocrx_word' id='word_1_108' title='bbox 1340 1862 1436 1911; x_wconf 92' lang='lat' dir='ltr'>pe-</span> 
     </span>
     <span class='ocr_line' id='line_1_23' title="bbox 372 1910 1436 1981; baseline 0.006 -20"><span class='ocrx_word' id='word_1_109' title='bbox 372 1910 666 1963; x_wconf 90' lang='lat' dir='ltr'>riculosum</span> <span class='ocrx_word' id='word_1_110' title='bbox 706 1915 925 1981; x_wconf 88' lang='lat' dir='ltr'>pelagus</span> <span class='ocrx_word' id='word_1_111' title='bbox 964 1916 1186 1980; x_wconf 89' lang='lat' dir='ltr'>transis;</span> <span class='ocrx_word' id='word_1_112' title='bbox 1232 1916 1436 1967; x_wconf 90' lang='lat' dir='ltr'>intrant</span> 
     </span>
     <span class='ocr_line' id='line_1_24' title="bbox 371 1986 1435 2051; baseline 0.007 -16"><span class='ocrx_word' id='word_1_113' title='bbox 371 1986 537 2048; x_wconf 84' lang='lat' dir='ltr'>venti,</span> <span class='ocrx_word' id='word_1_114' title='bbox 579 1997 795 2038; x_wconf 88' lang='lat' dir='ltr'>movent</span> <span class='ocrx_word' id='word_1_115' title='bbox 836 1988 1046 2051; x_wconf 90' lang='lat' dir='ltr'>fluctus,</span> <span class='ocrx_word' id='word_1_116' title='bbox 1085 1991 1304 2044; x_wconf 87' lang='lat' dir='ltr'>turbant</span> <span class='ocrx_word' id='word_1_117' title='bbox 1332 2007 1435 2042; x_wconf 89' lang='lat' dir='ltr'>na·-</span> 
     </span>
     <span class='ocr_line' id='line_1_25' title="bbox 370 2059 1436 2118; baseline 0.006 -9"><span class='ocrx_word' id='word_1_118' title='bbox 370 2074 512 2110; x_wconf 88' lang='lat' dir='ltr'>vem.</span> <span class='ocrx_word' id='word_1_119' title='bbox 553 2059 658 2118; x_wconf 91' lang='lat' dir='ltr'>Qui</span> <span class='ocrx_word' id='word_1_120' title='bbox 689 2070 818 2111; x_wconf 90' lang='lat' dir='ltr'>sunt</span> <span class='ocrx_word' id='word_1_121' title='bbox 857 2063 1031 2113; x_wconf 85' lang='lat' dir='ltr'>venti?</span> <span class='ocrx_word' id='word_1_122' title='bbox 1056 2063 1272 2114; x_wconf 88' lang='lat' dir='ltr'>Audisti</span> <span class='ocrx_word' id='word_1_123' title='bbox 1300 2080 1436 2115; x_wconf 90' lang='lat' dir='ltr'>con-</span> 
     </span>
     <span class='ocr_line' id='line_1_26' title="bbox 368 2131 1436 2197; baseline 0.004 -14"><span class='ocrx_word' id='word_1_124' title='bbox 368 2131 583 2192; x_wconf 78' lang='lat' dir='ltr'>vitium,</span> <span class='ocrx_word' id='word_1_125' title='bbox 619 2132 884 2197; x_wconf 89' lang='lat' dir='ltr'>irasceris;</span> <span class='ocrx_word' id='word_1_126' title='bbox 920 2135 1211 2186; x_wconf 86' lang='lat' dir='ltr'>convitium</span> <span class='ocrx_word' id='word_1_127' title='bbox 1242 2148 1436 2188; x_wconf 87' lang='lat' dir='ltr'>ventus</span> 
     </span>
     <span class='ocr_line' id='line_1_27' title="bbox 369 2202 1434 2273; baseline 0.007 -21"><span class='ocrx_word' id='word_1_128' title='bbox 369 2210 468 2263; x_wconf 83' lang='lat' dir='ltr'>est,</span> <span class='ocrx_word' id='word_1_129' title='bbox 495 2202 768 2255; x_wconf 90' lang='lat' dir='ltr'>iracundia</span> <span class='ocrx_word' id='word_1_130' title='bbox 787 2203 980 2257; x_wconf 88' lang='lat' dir='ltr'>fluctus</span> <span class='ocrx_word' id='word_1_131' title='bbox 999 2215 1080 2257; x_wconf 91' lang='lat' dir='ltr'>est</span> <span class='ocrx_word' id='word_1_132' title='bbox 1100 2207 1434 2273; x_wconf 76' lang='lat' dir='ltr'>periclitaris·</span> 
     </span>
     <span class='ocr_line' id='line_1_28' title="bbox 368 2273 1436 2344; baseline 0.007 -22"><span class='ocrx_word' id='word_1_133' title='bbox 368 2273 625 2339; x_wconf 89' lang='lat' dir='ltr'>Disponis</span> <span class='ocrx_word' id='word_1_134' title='bbox 652 2276 992 2341; x_wconf 90' lang='lat' dir='ltr'>respondere,</span> <span class='ocrx_word' id='word_1_135' title='bbox 1032 2277 1277 2344; x_wconf 91' lang='lat' dir='ltr'>disponis</span> <span class='ocrx_word' id='word_1_136' title='bbox 1313 2295 1436 2329; x_wconf 90' lang='lat' dir='ltr'>ma-</span> 
     </span>
     <span class='ocr_line' id='line_1_29' title="bbox 366 2346 1432 2416; baseline 0.007 -21"><span class='ocrx_word' id='word_1_137' title='bbox 366 2346 624 2396; x_wconf 87' lang='lat' dir='ltr'>ledictum</span> <span class='ocrx_word' id='word_1_138' title='bbox 685 2349 968 2399; x_wconf 90' lang='lat' dir='ltr'>maledicto</span> <span class='ocrx_word' id='word_1_139' title='bbox 1022 2350 1270 2411; x_wconf 88' lang='lat' dir='ltr'>reddere,</span> <span class='ocrx_word' id='word_1_140' title='bbox 1326 2351 1432 2416; x_wconf 82' lang='lat' dir='ltr'>jam</span> 
     </span>
     <span class='ocr_line' id='line_1_30' title="bbox 368 2416 1435 2487; baseline 0.008 -22"><span class='ocrx_word' id='word_1_141' title='bbox 368 2416 523 2467; x_wconf 85' lang='lat' dir='ltr'>navis</span> <span class='ocrx_word' id='word_1_142' title='bbox 551 2417 879 2484; x_wconf 82' lang='lat' dir='ltr'>propinquat</span> <span class='ocrx_word' id='word_1_143' title='bbox 908 2420 1186 2487; x_wconf 90' lang='lat' dir='ltr'>naufragio</span> <span class='ocrx_word' id='word_1_144' title='bbox 1205 2436 1220 2485; x_wconf 89' lang='grc'><strong>;</strong></span> <span class='ocrx_word' id='word_1_145' title='bbox 1239 2424 1435 2473; x_wconf 87' lang='lat' dir='ltr'>excitas</span> 
     </span>
     <span class='ocr_line' id='line_1_31' title="bbox 368 2486 1433 2552; baseline 0.007 -16"><span class='ocrx_word' id='word_1_146' title='bbox 368 2486 647 2538; x_wconf 88' lang='lat' dir='ltr'>Christum</span> <span class='ocrx_word' id='word_1_147' title='bbox 693 2489 1080 2552; x_wconf 90' lang='lat' dir='ltr'>dormientem,</span> <span class='ocrx_word' id='word_1_148' title='bbox 1124 2492 1245 2543; x_wconf 95' lang='lat' dir='ltr'>ideo</span> <span class='ocrx_word' id='word_1_149' title='bbox 1289 2494 1433 2544; x_wconf 88' lang='lat' dir='ltr'>enim</span> 
     </span>
     <span class='ocr_line' id='line_1_32' title="bbox 366 2560 1435 2629; baseline 0.007 -19"><span class='ocrx_word' id='word_1_150' title='bbox 366 2560 592 2625; x_wconf 88' lang='lat' dir='ltr'>fluctus;</span> <span class='ocrx_word' id='word_1_151' title='bbox 637 2573 688 2613; x_wconf 88' lang='lat' dir='ltr'>et</span> <span class='ocrx_word' id='word_1_152' title='bbox 728 2564 868 2614; x_wconf 90' lang='lat' dir='ltr'>mala</span> <span class='ocrx_word' id='word_1_153' title='bbox 895 2580 991 2629; x_wconf 93' lang='lat' dir='ltr'>pro</span> <span class='ocrx_word' id='word_1_154' title='bbox 1021 2565 1178 2616; x_wconf 91' lang='lat' dir='ltr'>malis</span> <span class='ocrx_word' id='word_1_155' title='bbox 1217 2567 1435 2618; x_wconf 85' lang='lat' dir='ltr'>reddere</span> 
     </span>
     <span class='ocr_line' id='line_1_33' title="bbox 367 2633 1432 2699; baseline 0.007 -18"><span class='ocrx_word' id='word_1_156' title='bbox 367 2646 651 2697; x_wconf 84' lang='lat' dir='ltr'>praeparas,</span> <span class='ocrx_word' id='word_1_157' title='bbox 681 2633 811 2699; x_wconf 88' lang='lat' dir='ltr'>quia</span> <span class='ocrx_word' id='word_1_158' title='bbox 850 2634 1103 2686; x_wconf 91' lang='lat' dir='ltr'>Christus</span> <span class='ocrx_word' id='word_1_159' title='bbox 1138 2637 1339 2688; x_wconf 91' lang='lat' dir='ltr'>dormit</span> <span class='ocrx_word' id='word_1_160' title='bbox 1375 2637 1432 2687; x_wconf 92' lang='lat' dir='ltr'>in</span> 
     </span>
     <span class='ocr_line' id='line_1_34' title="bbox 367 2702 1435 2760; baseline 0.007 -8"><span class='ocrx_word' id='word_1_161' title='bbox 367 2702 510 2754; x_wconf 78' lang='lat' dir='ltr'>navi.</span> <span class='ocrx_word' id='word_1_162' title='bbox 550 2705 609 2754; x_wconf 91' lang='lat' dir='ltr'>In</span> <span class='ocrx_word' id='word_1_163' title='bbox 645 2706 805 2756; x_wconf 89' lang='lat' dir='ltr'>corde</span> <span class='ocrx_word' id='word_1_164' title='bbox 861 2707 1007 2757; x_wconf 90' lang='lat' dir='ltr'>enim</span> <span class='ocrx_word' id='word_1_165' title='bbox 1057 2717 1152 2758; x_wconf 89' lang='lat' dir='ltr'>tuo</span> <span class='ocrx_word' id='word_1_166' title='bbox 1204 2724 1435 2760; x_wconf 91' lang='lat' dir='ltr'>somnus</span> 
     </span>
     <span class='ocr_line' id='line_1_35' title="bbox 368 2773 1435 2841; baseline 0.006 -16"><span class='ocrx_word' id='word_1_167' title='bbox 368 2773 592 2833; x_wconf 85' lang='lat' dir='ltr'>Christi,</span> <span class='ocrx_word' id='word_1_168' title='bbox 620 2775 822 2828; x_wconf 90' lang='lat' dir='ltr'>oblivio</span> <span class='ocrx_word' id='word_1_169' title='bbox 860 2777 1011 2841; x_wconf 91' lang='lat' dir='ltr'>fidei;</span> <span class='ocrx_word' id='word_1_170' title='bbox 1042 2793 1168 2828; x_wconf 89' lang='lat' dir='ltr'>nam</span> <span class='ocrx_word' id='word_1_171' title='bbox 1205 2780 1250 2829; x_wconf 93' lang='lat' dir='ltr'>si</span> <span class='ocrx_word' id='word_1_172' title='bbox 1291 2781 1435 2831; x_wconf 86' lang='lat' dir='ltr'>exci-</span> 
     </span>
     <span class='ocr_line' id='line_1_36' title="bbox 365 2844 1432 2913; baseline 0.007 -19"><span class='ocrx_word' id='word_1_173' title='bbox 365 2853 449 2895; x_wconf 86' lang='lat' dir='ltr'>tes</span> <span class='ocrx_word' id='word_1_174' title='bbox 480 2844 788 2911; x_wconf 91' lang='lat' dir='ltr'>Christum,</span> <span class='ocrx_word' id='word_1_175' title='bbox 821 2847 876 2898; x_wconf 90' lang='lat' dir='ltr'>id</span> <span class='ocrx_word' id='word_1_176' title='bbox 906 2858 987 2898; x_wconf 89' lang='lat' dir='ltr'>est</span> <span class='ocrx_word' id='word_1_177' title='bbox 1019 2850 1219 2900; x_wconf 90' lang='lat' dir='ltr'>recolas</span> <span class='ocrx_word' id='word_1_178' title='bbox 1243 2849 1432 2913; x_wconf 89' lang='lat' dir='ltr'>fidem,</span> 
     </span>
     <span class='ocr_line' id='line_1_37' title="bbox 367 2914 1436 2987; baseline 0.008 -24"><span class='ocrx_word' id='word_1_179' title='bbox 367 2914 501 2980; x_wconf 92' lang='lat' dir='ltr'>quid</span> <span class='ocrx_word' id='word_1_180' title='bbox 550 2914 651 2965; x_wconf 91' lang='lat' dir='ltr'>tibi</span> <span class='ocrx_word' id='word_1_181' title='bbox 712 2918 842 2969; x_wconf 91' lang='lat' dir='ltr'>dicit</span> <span class='ocrx_word' id='word_1_182' title='bbox 896 2928 1153 2985; x_wconf 89' lang='lat' dir='ltr'>tanquam</span> <span class='ocrx_word' id='word_1_183' title='bbox 1210 2919 1436 2987; x_wconf 87' lang='lat' dir='ltr'>vigilans</span> 
     </span>
     <span class='ocr_line' id='line_1_38' title="bbox 369 2984 1435 3056; baseline 0.005 -19"><span class='ocrx_word' id='word_1_184' title='bbox 369 2984 619 3037; x_wconf 89' lang='lat' dir='ltr'>Christus</span> <span class='ocrx_word' id='word_1_185' title='bbox 647 2986 706 3037; x_wconf 90' lang='lat' dir='ltr'>in</span> <span class='ocrx_word' id='word_1_186' title='bbox 734 2989 894 3040; x_wconf 89' lang='lat' dir='ltr'>corde</span> <span class='ocrx_word' id='word_1_187' title='bbox 925 2988 1053 3039; x_wconf 85' lang='lat' dir='ltr'>tuo?</span> <span class='ocrx_word' id='word_1_188' title='bbox 1083 2990 1195 3056; x_wconf 87' lang='lat' dir='ltr'>Ego</span> <span class='ocrx_word' id='word_1_189' title='bbox 1222 2991 1435 3052; x_wconf 88' lang='lat' dir='ltr'>audivi,</span> 
     </span>
     <span class='ocr_line' id='line_1_39' title="bbox 369 3056 1434 3126; baseline 0.005 -20"><span class='ocrx_word' id='word_1_190' title='bbox 369 3056 704 3106; x_wconf 84' lang='lat' dir='ltr'>daemonium</span> <span class='ocrx_word' id='word_1_191' title='bbox 732 3058 918 3120; x_wconf 89' lang='lat' dir='ltr'>habes,</span> <span class='ocrx_word' id='word_1_192' title='bbox 948 3068 1001 3110; x_wconf 90' lang='lat' dir='ltr'>et</span> <span class='ocrx_word' id='word_1_193' title='bbox 1030 3074 1127 3125; x_wconf 92' lang='lat' dir='ltr'>pro</span> <span class='ocrx_word' id='word_1_194' title='bbox 1156 3059 1235 3110; x_wconf 92' lang='lat' dir='ltr'>eis</span> <span class='ocrx_word' id='word_1_195' title='bbox 1267 3062 1434 3126; x_wconf 85' lang='lat' dir='ltr'>oravi,</span> 
     </span>
     <span class='ocr_line' id='line_1_40' title="bbox 368 3126 1437 3196; baseline 0.004 -18"><span class='ocrx_word' id='word_1_196' title='bbox 368 3126 520 3178; x_wconf 85' lang='lat' dir='ltr'>audit</span> <span class='ocrx_word' id='word_1_197' title='bbox 577 3128 843 3180; x_wconf 90' lang='lat' dir='ltr'>Dominus</span> <span class='ocrx_word' id='word_1_198' title='bbox 894 3139 947 3180; x_wconf 90' lang='lat' dir='ltr'>et</span> <span class='ocrx_word' id='word_1_199' title='bbox 993 3130 1222 3196; x_wconf 86' lang='lat' dir='ltr'>patitur,</span> <span class='ocrx_word' id='word_1_200' title='bbox 1288 3133 1437 3183; x_wconf 86' lang='lat' dir='ltr'>audit</span> 
     </span>
     <span class='ocr_line' id='line_1_41' title="bbox 369 3200 1434 3269; baseline 0.005 -18"><span class='ocrx_word' id='word_1_201' title='bbox 369 3215 556 3251; x_wconf 82' lang='lat' dir='ltr'>servus</span> <span class='ocrx_word' id='word_1_202' title='bbox 583 3210 634 3251; x_wconf 90' lang='lat' dir='ltr'>et</span> <span class='ocrx_word' id='word_1_203' title='bbox 663 3200 1003 3269; x_wconf 58' lang='lat' dir='ltr'>indignatum</span> <span class='ocrx_word' id='word_1_204' title='bbox 1030 3204 1123 3253; x_wconf 89' lang='lat' dir='ltr'>sed</span> <span class='ocrx_word' id='word_1_205' title='bbox 1142 3204 1434 3256; x_wconf 88' lang='lat' dir='ltr'>vindictam</span> 
     </span>
     <span class='ocr_line' id='line_1_42' title="bbox 368 3269 1438 3340; baseline 0.005 -19"><span class='ocrx_word' id='word_1_206' title='bbox 368 3269 453 3321; x_wconf 89' lang='lat' dir='ltr'>vis</span> <span class='ocrx_word' id='word_1_207' title='bbox 475 3287 490 3321; x_wconf 73' lang='lat' dir='ltr'><em>z</em></span> <span class='ocrx_word' id='word_1_208' title='bbox 511 3271 643 3337; x_wconf 91' lang='lat' dir='ltr'>quid</span> <span class='ocrx_word' id='word_1_209' title='bbox 671 3271 854 3323; x_wconf 87' lang='lat' dir='ltr'>enim?</span> <span class='ocrx_word' id='word_1_210' title='bbox 884 3274 997 3340; x_wconf 89' lang='lat' dir='ltr'>Ego</span> <span class='ocrx_word' id='word_1_211' title='bbox 1030 3274 1137 3338; x_wconf 87' lang='lat' dir='ltr'>jam</span> <span class='ocrx_word' id='word_1_212' title='bbox 1171 3289 1293 3325; x_wconf 90' lang='lat' dir='ltr'>sum</span> <span class='ocrx_word' id='word_1_213' title='bbox 1326 3276 1438 3326; x_wconf 90' lang='lat' dir='ltr'>vin-</span> 
     </span>
     <span class='ocr_line' id='line_1_43' title="bbox 367 3340 1438 3410; baseline 0.005 -19"><span class='ocrx_word' id='word_1_214' title='bbox 367 3340 575 3391; x_wconf 89' lang='lat' dir='ltr'>dicatus</span> <span class='ocrx_word' id='word_1_215' title='bbox 609 3357 732 3392; x_wconf 91' lang='lat' dir='ltr'>cum</span> <span class='ocrx_word' id='word_1_216' title='bbox 760 3342 860 3393; x_wconf 92' lang='lat' dir='ltr'>tibi</span> <span class='ocrx_word' id='word_1_217' title='bbox 889 3342 1002 3394; x_wconf 86' lang='lat' dir='ltr'>haec</span> <span class='ocrx_word' id='word_1_218' title='bbox 1028 3343 1272 3410; x_wconf 89' lang='lat' dir='ltr'>loquitur</span> <span class='ocrx_word' id='word_1_219' title='bbox 1305 3344 1438 3396; x_wconf 89' lang='lat' dir='ltr'>fides</span> 
     </span>
     <span class='ocr_line' id='line_1_44' title="bbox 367 3411 1437 3479; baseline 0.006 -18"><span class='ocrx_word' id='word_1_220' title='bbox 367 3420 480 3472; x_wconf 86' lang='lat' dir='ltr'>tua,</span> <span class='ocrx_word' id='word_1_221' title='bbox 511 3412 666 3477; x_wconf 91' lang='lat' dir='ltr'>quasi</span> <span class='ocrx_word' id='word_1_222' title='bbox 707 3411 935 3479; x_wconf 89' lang='lat' dir='ltr'>imperat</span> <span class='ocrx_word' id='word_1_223' title='bbox 967 3414 1152 3466; x_wconf 68' lang='lat' dir='ltr'>{ventis</span> <span class='ocrx_word' id='word_1_224' title='bbox 1178 3423 1230 3464; x_wconf 93' lang='lat' dir='ltr'>et</span> <span class='ocrx_word' id='word_1_225' title='bbox 1256 3414 1437 3466; x_wconf 90' lang='lat' dir='ltr'>flucti-</span> 
     </span>
     <span class='ocr_line' id='line_1_45' title="bbox 370 3482 1436 3549; baseline 0.006 -18"><span class='ocrx_word' id='word_1_226' title='bbox 370 3482 494 3542; x_wconf 86' lang='lat' dir='ltr'>bus,</span> <span class='ocrx_word' id='word_1_227' title='bbox 525 3490 578 3531; x_wconf 92' lang='lat' dir='ltr'>et</span> <span class='ocrx_word' id='word_1_228' title='bbox 581 3482 657 3546; x_wconf 82' lang='lat' dir='ltr'>fit</span> <span class='ocrx_word' id='word_1_229' title='bbox 686 3483 1053 3549; x_wconf 80' lang='lat' dir='ltr'>tranquillitas</span> <span class='ocrx_word' id='word_1_230' title='bbox 1076 3501 1094 3534; x_wconf 83' lang='lat'>.-</span> <span class='ocrx_word' id='word_1_231' title='bbox 1115 3503 1143 3531; x_wconf 79' lang='grc'>»</span> <span class='ocrx_word' id='word_1_232' title='bbox 1173 3484 1285 3536; x_wconf 89' lang='lat' dir='ltr'>haec</span> <span class='ocrx_word' id='word_1_233' title='bbox 1315 3488 1436 3537; x_wconf 85' lang='lat' dir='ltr'>Au-</span> 
     </span>
     <span class='ocr_line' id='line_1_46' title="bbox 367 3552 1437 3624; baseline 0.007 -22"><span class='ocrx_word' id='word_1_234' title='bbox 367 3552 640 3620; x_wconf 78' lang='lat' dir='ltr'>gustinus.</span> <span class='ocrx_word' id='word_1_235' title='bbox 666 3554 738 3604; x_wconf 89' lang='lat' dir='ltr'>Et</span> <span class='ocrx_word' id='word_1_236' title='bbox 778 3555 1029 3607; x_wconf 90' lang='lat' dir='ltr'>similiter</span> <span class='ocrx_word' id='word_1_237' title='bbox 1066 3557 1132 3607; x_wconf 93' lang='lat' dir='ltr'>de</span> <span class='ocrx_word' id='word_1_238' title='bbox 1168 3556 1290 3608; x_wconf 89' lang='lat' dir='ltr'>aliis</span> <span class='ocrx_word' id='word_1_239' title='bbox 1315 3574 1437 3624; x_wconf 84' lang='lat' dir='ltr'>quae</span> 
     </span>
     <span class='ocr_line' id='line_1_47' title="bbox 369 3625 1438 3693; baseline 0.005 -20"><span class='ocrx_word' id='word_1_240' title='bbox 369 3638 473 3674; x_wconf 84' lang='lat' dir='ltr'>nos</span> <span class='ocrx_word' id='word_1_241' title='bbox 503 3632 711 3675; x_wconf 90' lang='lat' dir='ltr'>tentant</span> <span class='ocrx_word' id='word_1_242' title='bbox 736 3626 820 3676; x_wconf 84' lang='lat' dir='ltr'>vel</span> <span class='ocrx_word' id='word_1_243' title='bbox 847 3625 1138 3688; x_wconf 89' lang='lat' dir='ltr'>tribulant,</span> <span class='ocrx_word' id='word_1_244' title='bbox 1172 3626 1438 3693; x_wconf 84' lang='lat' dir='ltr'>intelligas</span> 
     </span>
     <span class='ocr_line' id='line_1_48' title="bbox 371 3695 1436 3764; baseline 0.003 -18"><span class='ocrx_word' id='word_1_245' title='bbox 371 3710 472 3746; x_wconf 84' lang='lat' dir='ltr'>suo</span> <span class='ocrx_word' id='word_1_246' title='bbox 510 3695 692 3755; x_wconf 81' lang='lat' dir='ltr'>mode,</span> <span class='ocrx_word' id='word_1_247' title='bbox 713 3705 772 3746; x_wconf 93' lang='lat' dir='ltr'>ut</span> <span class='ocrx_word' id='word_1_248' title='bbox 801 3712 865 3747; x_wconf 85' lang='lat' dir='ltr'>ex</span> <span class='ocrx_word' id='word_1_249' title='bbox 891 3698 1039 3749; x_wconf 90' lang='lat' dir='ltr'>omni</span> <span class='ocrx_word' id='word_1_250' title='bbox 1068 3706 1217 3764; x_wconf 87' lang='lat' dir='ltr'>parte</span> <span class='ocrx_word' id='word_1_251' title='bbox 1249 3700 1436 3750; x_wconf 87' lang='lat' dir='ltr'>exclu-</span> 
     </span>
     <span class='ocr_line' id='line_1_49' title="bbox 370 3763 1437 3838; baseline 0.007 -25"><span class='ocrx_word' id='word_1_252' title='bbox 370 3763 527 3815; x_wconf 88' lang='lat' dir='ltr'>datur</span> <span class='ocrx_word' id='word_1_253' title='bbox 586 3766 724 3816; x_wconf 90' lang='lat' dir='ltr'>mala</span> <span class='ocrx_word' id='word_1_254' title='bbox 785 3767 1050 3833; x_wconf 82' lang='lat' dir='ltr'>conditi03</span> <span class='ocrx_word' id='word_1_255' title='bbox 1114 3767 1244 3835; x_wconf 89' lang='lat' dir='ltr'>quia</span> <span class='ocrx_word' id='word_1_256' title='bbox 1294 3767 1437 3838; x_wconf 57' lang='lat' dir='ltr'>sicut</span> 
     </span>
     <span class='ocr_line' id='line_1_50' title="bbox 371 3834 1432 3890; baseline 0.008 -8"><span class='ocrx_word' id='word_1_257' title='bbox 371 3834 649 3884; x_wconf 86' lang='lat' dir='ltr'>modicum</span> <span class='ocrx_word' id='word_1_258' title='bbox 673 3834 915 3887; x_wconf 87' lang='lat' dir='ltr'>foramen</span> <span class='ocrx_word' id='word_1_259' title='bbox 957 3838 1191 3890; x_wconf 82' lang='lat' dir='ltr'>existens</span> <span class='ocrx_word' id='word_1_260' title='bbox 1222 3838 1281 3889; x_wconf 89' lang='lat' dir='ltr'>in</span> <span class='ocrx_word' id='word_1_261' title='bbox 1313 3839 1432 3890; x_wconf 83' lang='lat' dir='ltr'>navi</span> 
     </span>
     <span class='ocr_line' id='line_1_51' title="bbox 371 3903 1435 3974; baseline 0.01 -22"><span class='ocrx_word' id='word_1_262' title='bbox 371 3903 527 3967; x_wconf 89' lang='lat' dir='ltr'>ponit</span> <span class='ocrx_word' id='word_1_263' title='bbox 549 3919 667 3956; x_wconf 83' lang='lat' dir='ltr'>eam</span> <span class='ocrx_word' id='word_1_264' title='bbox 689 3906 746 3957; x_wconf 91' lang='lat' dir='ltr'>in</span> <span class='ocrx_word' id='word_1_265' title='bbox 773 3907 1028 3974; x_wconf 87' lang='lat' dir='ltr'>pericu10,</span> <span class='ocrx_word' id='word_1_266' title='bbox 1054 3908 1160 3961; x_wconf 91' lang='lat' dir='ltr'>nisi</span> <span class='ocrx_word' id='word_1_267' title='bbox 1183 3911 1435 3963; x_wconf 85' lang='lat' dir='ltr'>obstrua-</span> 
     </span>
    </p>
   </div>
   <div class='ocr_carea' id='block_1_3' title="bbox 1005 299 2006 353">
    <p class='ocr_par' dir='ltr' id='par_1_4' title="bbox 1005 299 2006 353">
     <span class='ocr_line' id='line_1_52' title="bbox 1005 299 2006 353; baseline 0.005 -5"><span class='ocrx_word' id='word_1_268' title='bbox 1005 299 1246 349; x_wconf 83' lang='lat' dir='ltr'>PRIMAE</span> <span class='ocrx_word' id='word_1_269' title='bbox 1275 299 1525 350; x_wconf 85' lang='lat' dir='ltr'><strong>PARTIS</strong></span> <span class='ocrx_word' id='word_1_270' title='bbox 1552 299 1790 351; x_wconf 89' lang='lat' dir='ltr'>CAPUT</span> <span class='ocrx_word' id='word_1_271' title='bbox 1820 302 2006 353; x_wconf 86' lang='lat' dir='ltr'><strong>XLVI.</strong></span> 
     </span>
    </p>
   </div>
   <div class='ocr_carea' id='block_1_4' title="bbox 1537 415 2623 3964">
    <p class='ocr_par' dir='ltr' id='par_1_5' title="bbox 1537 415 2623 3964">
     <span class='ocr_line' id='line_1_53' title="bbox 1550 415 2610 484; baseline 0.009 -21"><span class='ocrx_word' id='word_1_272' title='bbox 1550 422 1659 477; x_wconf 90' lang='lat' dir='ltr'>tur,</span> <span class='ocrx_word' id='word_1_273' title='bbox 1689 415 1766 466; x_wconf 91' lang='lat' dir='ltr'>sic</span> <span class='ocrx_word' id='word_1_274' title='bbox 1789 417 1970 467; x_wconf 91' lang='lat' dir='ltr'>anima</span> <span class='ocrx_word' id='word_1_275' title='bbox 1997 426 2078 467; x_wconf 91' lang='lat' dir='ltr'>est</span> <span class='ocrx_word' id='word_1_276' title='bbox 2105 417 2163 467; x_wconf 89' lang='lat' dir='ltr'>in</span> <span class='ocrx_word' id='word_1_277' title='bbox 2191 419 2427 484; x_wconf 89' lang='lat' dir='ltr'>periculo</span> <span class='ocrx_word' id='word_1_278' title='bbox 2459 422 2610 473; x_wconf 88' lang='lat' dir='ltr'>dam-</span> 
     </span>
     <span class='ocr_line' id='line_1_54' title="bbox 1549 484 2610 552; baseline 0.009 -19"><span class='ocrx_word' id='word_1_279' title='bbox 1549 484 1784 536; x_wconf 90' lang='lat' dir='ltr'>nationis</span> <span class='ocrx_word' id='word_1_280' title='bbox 1812 497 2027 552; x_wconf 91' lang='lat' dir='ltr'>propter</span> <span class='ocrx_word' id='word_1_281' title='bbox 2053 503 2218 537; x_wconf 91' lang='lat' dir='ltr'>unam</span> <span class='ocrx_word' id='word_1_282' title='bbox 2254 490 2454 540; x_wconf 89' lang='lat' dir='ltr'>malam</span> <span class='ocrx_word' id='word_1_283' title='bbox 2483 508 2610 543; x_wconf 93' lang='lat' dir='ltr'>con-</span> 
     </span>
     <span class='ocr_line' id='line_1_55' title="bbox 1548 554 2609 621; baseline 0.008 -17"><span class='ocrx_word' id='word_1_284' title='bbox 1548 554 1831 617; x_wconf 90' lang='lat' dir='ltr'>ditionem,</span> <span class='ocrx_word' id='word_1_285' title='bbox 1882 557 1988 608; x_wconf 91' lang='lat' dir='ltr'>nisi</span> <span class='ocrx_word' id='word_1_286' title='bbox 2043 559 2382 621; x_wconf 83' lang='lat' dir='ltr'>excludatur,</span> <span class='ocrx_word' id='word_1_287' title='bbox 2412 571 2466 611; x_wconf 90' lang='lat' dir='ltr'>et</span> <span class='ocrx_word' id='word_1_288' title='bbox 2494 562 2609 613; x_wconf 91' lang='lat' dir='ltr'>ideo</span> 
     </span>
     <span class='ocr_line' id='line_1_56' title="bbox 1547 624 2609 683; baseline 0.008 -8"><span class='ocrx_word' id='word_1_289' title='bbox 1547 624 1745 676; x_wconf 90' lang='lat' dir='ltr'>dicitur</span> <span class='ocrx_word' id='word_1_290' title='bbox 1776 626 1833 677; x_wconf 91' lang='lat' dir='ltr'>in</span> <span class='ocrx_word' id='word_1_291' title='bbox 1872 628 2173 679; x_wconf 88' lang='lat' dir='ltr'>Proverbiis</span> <span class='ocrx_word' id='word_1_292' title='bbox 2203 645 2216 678; x_wconf 71' lang='grc' dir='ltr'>ε</span> <span class='ocrx_word' id='word_1_293' title='bbox 2249 630 2406 680; x_wconf 88' lang='lat' dir='ltr'>Omni</span> <span class='ocrx_word' id='word_1_294' title='bbox 2428 639 2609 683; x_wconf 80' lang='lat' dir='ltr'>custo-</span> 
     </span>
     <span class='ocr_line' id='line_1_57' title="bbox 1548 697 2607 764; baseline 0.007 -17"><span class='ocrx_word' id='word_1_295' title='bbox 1548 697 1643 747; x_wconf 83' lang='lat' dir='ltr'>dia</span> <span class='ocrx_word' id='word_1_296' title='bbox 1689 713 1846 749; x_wconf 81' lang='lat' dir='ltr'>serva</span> <span class='ocrx_word' id='word_1_297' title='bbox 1889 713 1982 751; x_wconf 87' lang='lat' dir='ltr'>cor</span> <span class='ocrx_word' id='word_1_298' title='bbox 2023 705 2188 764; x_wconf 82' lang='lat' dir='ltr'>tuum,</span> <span class='ocrx_word' id='word_1_299' title='bbox 2235 711 2288 751; x_wconf 90' lang='lat' dir='ltr'>et</span> <span class='ocrx_word' id='word_1_300' title='bbox 2327 700 2382 750; x_wconf 91' lang='lat' dir='ltr'>in</span> <span class='ocrx_word' id='word_1_301' title='bbox 2428 703 2607 754; x_wconf 89' lang='lat' dir='ltr'>Eccle-</span> 
     </span>
     <span class='ocr_line' id='line_1_58' title="bbox 1548 770 2611 839; baseline 0.006 -19"><span class='ocrx_word' id='word_1_302' title='bbox 1548 770 1760 821; x_wconf 88' lang='lat' dir='ltr'>siastico</span> <span class='ocrx_word' id='word_1_303' title='bbox 1787 788 1801 822; x_wconf 76' lang='lat' dir='ltr'>z</span> <span class='ocrx_word' id='word_1_304' title='bbox 1825 772 1956 839; x_wconf 85' lang='lat' dir='ltr'>Sepi</span> <span class='ocrx_word' id='word_1_305' title='bbox 1980 787 2142 822; x_wconf 83' lang='lat' dir='ltr'>aures</span> <span class='ocrx_word' id='word_1_306' title='bbox 2177 778 2298 822; x_wconf 83' lang='lat' dir='ltr'>tuas</span> <span class='ocrx_word' id='word_1_307' title='bbox 2326 775 2502 839; x_wconf 77' lang='lat' dir='ltr'>spinis</span> <span class='ocrx_word' id='word_1_308' title='bbox 2520 814 2531 834; x_wconf 90' lang='lat'>,</span> <span class='ocrx_word' id='word_1_309' title='bbox 2561 783 2611 826; x_wconf 85' lang='lat' dir='ltr'>et</span> 
     </span>
     <span class='ocr_line' id='line_1_59' title="bbox 1548 842 2606 907; baseline 0.004 -15"><span class='ocrx_word' id='word_1_310' title='bbox 1548 842 1634 892; x_wconf 86' lang='lat' dir='ltr'>ori</span> <span class='ocrx_word' id='word_1_311' title='bbox 1661 842 1841 907; x_wconf 81' lang='lat' dir='ltr'>facito</span> <span class='ocrx_word' id='word_1_312' title='bbox 1883 842 2042 904; x_wconf 77' lang='lat' dir='ltr'>ostia,</span> <span class='ocrx_word' id='word_1_313' title='bbox 2087 848 2140 892; x_wconf 83' lang='lat' dir='ltr'>et</span> <span class='ocrx_word' id='word_1_314' title='bbox 2178 857 2331 893; x_wconf 77' lang='lat' dir='ltr'>seras</span> <span class='ocrx_word' id='word_1_315' title='bbox 2366 846 2606 896; x_wconf 81' lang='lat' dir='ltr'>auribus.</span> 
     </span>
     <span class='ocr_line' id='line_1_60' title="bbox 1549 913 2608 981; baseline 0.006 -18"><span class='ocrx_word' id='word_1_316' title='bbox 1549 913 1717 980; x_wconf 88' lang='lat' dir='ltr'>Igitur</span> <span class='ocrx_word' id='word_1_317' title='bbox 1742 915 1959 981; x_wconf 90' lang='lat' dir='ltr'>quando</span> <span class='ocrx_word' id='word_1_318' title='bbox 1993 915 2318 966; x_wconf 89' lang='lat' dir='ltr'>tribulamur</span> <span class='ocrx_word' id='word_1_319' title='bbox 2354 927 2407 967; x_wconf 90' lang='lat' dir='ltr'>et</span> <span class='ocrx_word' id='word_1_320' title='bbox 2445 928 2608 969; x_wconf 87' lang='lat' dir='ltr'>tenta-</span> 
     </span>
     <span class='ocr_line' id='line_1_61' title="bbox 1548 986 2609 1039; baseline 0.004 -4"><span class='ocrx_word' id='word_1_321' title='bbox 1548 1001 1671 1035; x_wconf 93' lang='lat' dir='ltr'>mur</span> <span class='ocrx_word' id='word_1_322' title='bbox 1718 986 1978 1036; x_wconf 89' lang='lat' dir='ltr'>debemus</span> <span class='ocrx_word' id='word_1_323' title='bbox 2019 1001 2134 1036; x_wconf 86' lang='lat' dir='ltr'>esse</span> <span class='ocrx_word' id='word_1_324' title='bbox 2193 997 2495 1038; x_wconf 84' lang='lat' dir='ltr'>constantes</span> <span class='ocrx_word' id='word_1_325' title='bbox 2554 989 2609 1039; x_wconf 90' lang='lat' dir='ltr'>in</span> 
     </span>
     <span class='ocr_line' id='line_1_62' title="bbox 1545 1058 2612 1125; baseline 0.003 -17"><span class='ocrx_word' id='word_1_326' title='bbox 1545 1058 1674 1119; x_wconf 90' lang='lat' dir='ltr'>fide,</span> <span class='ocrx_word' id='word_1_327' title='bbox 1703 1067 1757 1109; x_wconf 89' lang='lat' dir='ltr'>et</span> <span class='ocrx_word' id='word_1_328' title='bbox 1804 1058 1943 1109; x_wconf 90' lang='lat' dir='ltr'>nihil</span> <span class='ocrx_word' id='word_1_329' title='bbox 1985 1058 2265 1118; x_wconf 89' lang='lat' dir='ltr'>haesitare,</span> <span class='ocrx_word' id='word_1_330' title='bbox 2311 1058 2441 1125; x_wconf 90' lang='lat' dir='ltr'>quia</span> <span class='ocrx_word' id='word_1_331' title='bbox 2492 1061 2612 1111; x_wconf 87' lang='lat' dir='ltr'>licet</span> 
     </span>
     <span class='ocr_line' id='line_1_63' title="bbox 1545 1129 2611 1183; baseline 0.002 -3"><span class='ocrx_word' id='word_1_332' title='bbox 1545 1130 1684 1181; x_wconf 91' lang='lat' dir='ltr'>circa</span> <span class='ocrx_word' id='word_1_333' title='bbox 1727 1146 1826 1181; x_wconf 91' lang='lat' dir='ltr'>nos</span> <span class='ocrx_word' id='word_1_334' title='bbox 1868 1136 1920 1181; x_wconf 89' lang='lat' dir='ltr'>et</span> <span class='ocrx_word' id='word_1_335' title='bbox 1953 1129 2086 1181; x_wconf 89' lang='lat' dir='ltr'>facta</span> <span class='ocrx_word' id='word_1_336' title='bbox 2124 1141 2306 1181; x_wconf 92' lang='lat' dir='ltr'>nostra</span> <span class='ocrx_word' id='word_1_337' title='bbox 2344 1131 2611 1183; x_wconf 88' lang='lat' dir='ltr'>Dominus</span> 
     </span>
     <span class='ocr_line' id='line_1_64' title="bbox 1544 1200 2610 1266; baseline 0.002 -14"><span class='ocrx_word' id='word_1_338' title='bbox 1544 1201 1786 1253; x_wconf 88' lang='lat' dir='ltr'>videatur</span> <span class='ocrx_word' id='word_1_339' title='bbox 1821 1200 2078 1262; x_wconf 91' lang='lat' dir='ltr'>dormire,</span> <span class='ocrx_word' id='word_1_340' title='bbox 2116 1200 2230 1266; x_wconf 88' lang='lat' dir='ltr'>ipse</span> <span class='ocrx_word' id='word_1_341' title='bbox 2270 1212 2452 1255; x_wconf 85' lang='lat' dir='ltr'>tamen</span> <span class='ocrx_word' id='word_1_342' title='bbox 2479 1204 2610 1254; x_wconf 90' lang='lat' dir='ltr'>dili-</span> 
     </span>
     <span class='ocr_line' id='line_1_65' title="bbox 1546 1271 2611 1338; baseline 0.001 -15"><span class='ocrx_word' id='word_1_343' title='bbox 1546 1271 1896 1338; x_wconf 90' lang='lat' dir='ltr'>gentissimus</span> <span class='ocrx_word' id='word_1_344' title='bbox 1972 1281 2052 1321; x_wconf 87' lang='lat' dir='ltr'>est</span> <span class='ocrx_word' id='word_1_345' title='bbox 2123 1286 2283 1336; x_wconf 90' lang='lat' dir='ltr'>super</span> <span class='ocrx_word' id='word_1_346' title='bbox 2365 1274 2611 1324; x_wconf 88' lang='lat' dir='ltr'>custodia</span> 
     </span>
     <span class='ocr_line' id='line_1_66' title="bbox 1547 1341 2609 1408; baseline 0.002 -16"><span class='ocrx_word' id='word_1_347' title='bbox 1547 1352 1727 1392; x_wconf 91' lang='lat' dir='ltr'>nostra</span> <span class='ocrx_word' id='word_1_348' title='bbox 1767 1341 2027 1408; x_wconf 88' lang='lat' dir='ltr'>quotidie,</span> <span class='ocrx_word' id='word_1_349' title='bbox 2069 1341 2165 1406; x_wconf 93' lang='lat' dir='ltr'>qui</span> <span class='ocrx_word' id='word_1_350' title='bbox 2217 1341 2315 1391; x_wconf 91' lang='lat' dir='ltr'>etsi</span> <span class='ocrx_word' id='word_1_351' title='bbox 2365 1342 2473 1406; x_wconf 87' lang='lat' dir='ltr'>jam</span> <span class='ocrx_word' id='word_1_352' title='bbox 2518 1345 2609 1394; x_wconf 88' lang='lat' dir='ltr'>sui</span> 
     </span>
     <span class='ocr_line' id='line_1_67' title="bbox 1544 1412 2610 1477; baseline 0.002 -15"><span class='ocrx_word' id='word_1_353' title='bbox 1544 1412 1783 1477; x_wconf 91' lang='lat' dir='ltr'>corporis</span> <span class='ocrx_word' id='word_1_354' title='bbox 1829 1428 2021 1462; x_wconf 90' lang='lat' dir='ltr'>somno</span> <span class='ocrx_word' id='word_1_355' title='bbox 2068 1428 2178 1462; x_wconf 91' lang='lat' dir='ltr'>non</span> <span class='ocrx_word' id='word_1_356' title='bbox 2224 1412 2476 1474; x_wconf 89' lang='lat' dir='ltr'>dormiat,</span> <span class='ocrx_word' id='word_1_357' title='bbox 2519 1429 2610 1464; x_wconf 90' lang='lat' dir='ltr'>ca-</span> 
     </span>
     <span class='ocr_line' id='line_1_68' title="bbox 1542 1484 2614 1551; baseline 0.002 -16"><span class='ocrx_word' id='word_1_358' title='bbox 1542 1500 1762 1536; x_wconf 89' lang='lat' dir='ltr'>veamus</span> <span class='ocrx_word' id='word_1_359' title='bbox 1804 1494 1982 1535; x_wconf 90' lang='lat' dir='ltr'>tamen</span> <span class='ocrx_word' id='word_1_360' title='bbox 2035 1500 2103 1535; x_wconf 93' lang='lat' dir='ltr'>ne</span> <span class='ocrx_word' id='word_1_361' title='bbox 2149 1484 2320 1534; x_wconf 90' lang='lat' dir='ltr'>nostri</span> <span class='ocrx_word' id='word_1_362' title='bbox 2372 1487 2614 1551; x_wconf 90' lang='lat' dir='ltr'>corporis</span> 
     </span>
     <span class='ocr_line' id='line_1_69' title="bbox 1543 1555 2609 1621; baseline 0.001 -14"><span class='ocrx_word' id='word_1_363' title='bbox 1543 1572 1737 1607; x_wconf 91' lang='lat' dir='ltr'>somno</span> <span class='ocrx_word' id='word_1_364' title='bbox 1771 1556 1931 1606; x_wconf 91' lang='lat' dir='ltr'>nobis</span> <span class='ocrx_word' id='word_1_365' title='bbox 1981 1555 2215 1606; x_wconf 91' lang='lat' dir='ltr'>dormiat</span> <span class='ocrx_word' id='word_1_366' title='bbox 2265 1565 2318 1605; x_wconf 93' lang='lat' dir='ltr'>et</span> <span class='ocrx_word' id='word_1_367' title='bbox 2353 1556 2609 1621; x_wconf 88' lang='lat' dir='ltr'>quiescat.</span> 
     </span>
     <span class='ocr_line' id='line_1_70' title="bbox 1543 1627 2608 1693; baseline 0 -14"><span class='ocrx_word' id='word_1_368' title='bbox 1543 1627 1755 1679; x_wconf 87' lang='lat' dir='ltr'>Dormit</span> <span class='ocrx_word' id='word_1_369' title='bbox 1797 1629 1944 1679; x_wconf 89' lang='lat' dir='ltr'>enim</span> <span class='ocrx_word' id='word_1_370' title='bbox 1978 1629 2196 1693; x_wconf 89' lang='lat' dir='ltr'>quando</span> <span class='ocrx_word' id='word_1_371' title='bbox 2235 1628 2303 1677; x_wconf 91' lang='lat' dir='ltr'>ab</span> <span class='ocrx_word' id='word_1_372' title='bbox 2343 1628 2608 1679; x_wconf 90' lang='lat' dir='ltr'>orationi-</span> 
     </span>
     <span class='ocr_line' id='line_1_71' title="bbox 1544 1697 2610 1763; baseline 0.002 -16"><span class='ocrx_word' id='word_1_373' title='bbox 1544 1698 1646 1749; x_wconf 94' lang='lat' dir='ltr'>bus</span> <span class='ocrx_word' id='word_1_374' title='bbox 1693 1708 1747 1748; x_wconf 90' lang='lat' dir='ltr'>et</span> <span class='ocrx_word' id='word_1_375' title='bbox 1796 1697 1955 1748; x_wconf 91' lang='lat' dir='ltr'>bonis</span> <span class='ocrx_word' id='word_1_376' title='bbox 1996 1697 2251 1763; x_wconf 89' lang='lat' dir='ltr'>operibus</span> <span class='ocrx_word' id='word_1_377' title='bbox 2302 1712 2610 1757; x_wconf 77' lang='lat' dir='ltr'>cessamuS,</span> 
     </span>
     <span class='ocr_line' id='line_1_72' title="bbox 1541 1767 2610 1818; baseline 0 0"><span class='ocrx_word' id='word_1_378' title='bbox 1541 1777 1595 1818; x_wconf 94' lang='lat' dir='ltr'>et</span> <span class='ocrx_word' id='word_1_379' title='bbox 1643 1767 1981 1818; x_wconf 89' lang='lat' dir='ltr'>suscitandus</span> <span class='ocrx_word' id='word_1_380' title='bbox 2038 1777 2167 1817; x_wconf 90' lang='lat' dir='ltr'>tunc</span> <span class='ocrx_word' id='word_1_381' title='bbox 2212 1776 2292 1816; x_wconf 89' lang='lat' dir='ltr'>est</span> <span class='ocrx_word' id='word_1_382' title='bbox 2344 1767 2400 1816; x_wconf 91' lang='lat' dir='ltr'>in</span> <span class='ocrx_word' id='word_1_383' title='bbox 2450 1767 2610 1818; x_wconf 90' lang='lat' dir='ltr'>nobis</span> 
     </span>
     <span class='ocr_line' id='line_1_73' title="bbox 1541 1837 2612 1904; baseline 0 -15"><span class='ocrx_word' id='word_1_384' title='bbox 1541 1839 1744 1890; x_wconf 91' lang='lat' dir='ltr'>crebris</span> <span class='ocrx_word' id='word_1_385' title='bbox 1777 1849 1829 1889; x_wconf 89' lang='lat' dir='ltr'>et</span> <span class='ocrx_word' id='word_1_386' title='bbox 1859 1838 2067 1889; x_wconf 91' lang='lat' dir='ltr'>devotis</span> <span class='ocrx_word' id='word_1_387' title='bbox 2098 1837 2365 1903; x_wconf 90' lang='lat' dir='ltr'>precibus,</span> <span class='ocrx_word' id='word_1_388' title='bbox 2405 1847 2458 1888; x_wconf 92' lang='lat' dir='ltr'>et</span> <span class='ocrx_word' id='word_1_389' title='bbox 2496 1839 2612 1904; x_wconf 90' lang='lat' dir='ltr'>ipse</span> 
     </span>
     <span class='ocr_line' id='line_1_74' title="bbox 1542 1910 2611 1977; baseline -0.001 -15"><span class='ocrx_word' id='word_1_390' title='bbox 1542 1911 1665 1962; x_wconf 86' lang='lat' dir='ltr'>facit</span> <span class='ocrx_word' id='word_1_391' title='bbox 1697 1922 1826 1962; x_wconf 91' lang='lat' dir='ltr'>tunc</span> <span class='ocrx_word' id='word_1_392' title='bbox 1860 1910 2321 1977; x_wconf 86' lang='lat' dir='ltr'>tranquillitatem,</span> <span class='ocrx_word' id='word_1_393' title='bbox 2356 1910 2486 1976; x_wconf 91' lang='lat' dir='ltr'>quia</span> <span class='ocrx_word' id='word_1_394' title='bbox 2504 1911 2611 1976; x_wconf 89' lang='lat' dir='ltr'>fa-</span> 
     </span>
     <span class='ocr_line' id='line_1_75' title="bbox 1541 1981 2610 2046; baseline -0.002 -12"><span class='ocrx_word' id='word_1_395' title='bbox 1541 1982 1614 2034; x_wconf 85' lang='lat' dir='ltr'>cit</span> <span class='ocrx_word' id='word_1_396' title='bbox 1653 1996 1772 2033; x_wconf 85' lang='lat' dir='ltr'>cum</span> <span class='ocrx_word' id='word_1_397' title='bbox 1804 1981 2088 2032; x_wconf 83' lang='lat' dir='ltr'>tentatione</span> <span class='ocrx_word' id='word_1_398' title='bbox 2127 1986 2479 2046; x_wconf 76' lang='lat' dir='ltr'>proventum5</span> <span class='ocrx_word' id='word_1_399' title='bbox 2515 1983 2610 2032; x_wconf 89' lang='lat' dir='ltr'>sed</span> 
     </span>
     <span class='ocr_line' id='line_1_76' title="bbox 1541 2051 2611 2120; baseline -0.002 -16"><span class='ocrx_word' id='word_1_400' title='bbox 1541 2053 1672 2105; x_wconf 87' lang='lat' dir='ltr'>fatui</span> <span class='ocrx_word' id='word_1_401' title='bbox 1729 2054 1909 2120; x_wconf 90' lang='lat' dir='ltr'>ipsum</span> <span class='ocrx_word' id='word_1_402' title='bbox 1957 2052 2130 2118; x_wconf 90' lang='lat' dir='ltr'>magis</span> <span class='ocrx_word' id='word_1_403' title='bbox 2171 2051 2479 2102; x_wconf 87' lang='lat' dir='ltr'>obdormire</span> <span class='ocrx_word' id='word_1_404' title='bbox 2524 2053 2611 2102; x_wconf 88' lang='lat' dir='ltr'>fa-</span> 
     </span>
     <span class='ocr_line' id='line_1_77' title="bbox 1539 2122 2612 2188; baseline -0.004 -12"><span class='ocrx_word' id='word_1_405' title='bbox 1539 2125 1707 2185; x_wconf 90' lang='lat' dir='ltr'>ciunt,</span> <span class='ocrx_word' id='word_1_406' title='bbox 1753 2125 1809 2176; x_wconf 91' lang='lat' dir='ltr'>in</span> <span class='ocrx_word' id='word_1_407' title='bbox 1845 2124 1948 2174; x_wconf 90' lang='lat' dir='ltr'>hoc</span> <span class='ocrx_word' id='word_1_408' title='bbox 1992 2122 2195 2174; x_wconf 89' lang='lat' dir='ltr'>scilicet</span> <span class='ocrx_word' id='word_1_409' title='bbox 2243 2123 2389 2187; x_wconf 89' lang='lat' dir='ltr'>quod</span> <span class='ocrx_word' id='word_1_410' title='bbox 2434 2122 2612 2188; x_wconf 89' lang='lat' dir='ltr'>magis</span> 
     </span>
     <span class='ocr_line' id='line_1_78' title="bbox 1539 2192 2611 2259; baseline -0.003 -12"><span class='ocrx_word' id='word_1_411' title='bbox 1539 2197 1605 2247; x_wconf 89' lang='lat' dir='ltr'>ad</span> <span class='ocrx_word' id='word_1_412' title='bbox 1642 2195 1945 2246; x_wconf 89' lang='lat' dir='ltr'>humanum</span> <span class='ocrx_word' id='word_1_413' title='bbox 1982 2192 2290 2253; x_wconf 90' lang='lat' dir='ltr'>consilium,</span> <span class='ocrx_word' id='word_1_414' title='bbox 2326 2207 2490 2259; x_wconf 90' lang='lat' dir='ltr'>quam</span> <span class='ocrx_word' id='word_1_415' title='bbox 2543 2195 2611 2244; x_wconf 92' lang='lat' dir='ltr'>ad</span> 
     </span>
     <span class='ocr_line' id='line_1_79' title="bbox 1537 2265 2612 2332; baseline -0.004 -13"><span class='ocrx_word' id='word_1_416' title='bbox 1537 2268 1781 2319; x_wconf 91' lang='lat' dir='ltr'>divinum</span> <span class='ocrx_word' id='word_1_417' title='bbox 1801 2266 2140 2332; x_wconf 88' lang='lat' dir='ltr'>confugiunt.</span> <span class='ocrx_word' id='word_1_418' title='bbox 2161 2265 2312 2316; x_wconf 87' lang='lat' dir='ltr'>Unde</span> <span class='ocrx_word' id='word_1_419' title='bbox 2330 2267 2612 2330; x_wconf 82' lang='lat' dir='ltr'>Augusti-</span> 
     </span>
     <span class='ocr_line' id='line_1_80' title="bbox 1538 2339 2607 2404; baseline -0.007 -10"><span class='ocrx_word' id='word_1_420' title='bbox 1538 2357 1640 2394; x_wconf 81' lang='lat' dir='ltr'>nus</span> <span class='ocrx_word' id='word_1_421' title='bbox 1662 2360 1681 2393; x_wconf 82' lang='lat'>.-</span> <span class='ocrx_word' id='word_1_422' title='bbox 1702 2360 1729 2389; x_wconf 88' lang='lat'>«</span> <span class='ocrx_word' id='word_1_423' title='bbox 1748 2340 1900 2392; x_wconf 86' lang='lat' dir='ltr'>Nihil</span> <span class='ocrx_word' id='word_1_424' title='bbox 1938 2350 2047 2390; x_wconf 87' lang='lat' dir='ltr'>tam</span> <span class='ocrx_word' id='word_1_425' title='bbox 2085 2339 2318 2389; x_wconf 83' lang='lat' dir='ltr'>maxime</span> <span class='ocrx_word' id='word_1_426' title='bbox 2349 2339 2607 2404; x_wconf 88' lang='lat' dir='ltr'>suggeri-</span> 
     </span>
     <span class='ocr_line' id='line_1_81' title="bbox 1538 2407 2612 2464; baseline -0.004 -1"><span class='ocrx_word' id='word_1_427' title='bbox 1538 2423 1628 2464; x_wconf 90' lang='lat' dir='ltr'>tur</span> <span class='ocrx_word' id='word_1_428' title='bbox 1670 2412 1912 2462; x_wconf 89' lang='lat' dir='ltr'>humano</span> <span class='ocrx_word' id='word_1_429' title='bbox 1958 2410 2104 2461; x_wconf 91' lang='lat' dir='ltr'>cordi</span> <span class='ocrx_word' id='word_1_430' title='bbox 2146 2409 2214 2459; x_wconf 89' lang='lat' dir='ltr'>ab</span> <span class='ocrx_word' id='word_1_431' title='bbox 2255 2407 2612 2459; x_wconf 90' lang='lat' dir='ltr'>invisibiliter</span> 
     </span>
     <span class='ocr_line' id='line_1_82' title="bbox 1539 2477 2612 2558; baseline -0.005 -24"><span class='ocrx_word' id='word_1_432' title='bbox 1539 2482 1974 2549; x_wconf 84' lang='lat' dir='ltr'>expugnantibus</span> <span class='ocrx_word' id='word_1_433' title='bbox 2013 2478 2268 2542; x_wconf 83' lang='lat' dir='ltr'>inimicis,</span> <span class='ocrx_word' id='word_1_434' title='bbox 2305 2477 2413 2528; x_wconf 90' lang='lat' dir='ltr'>nisi</span> <span class='ocrx_word' id='word_1_435' title='bbox 2455 2480 2612 2558; x_wconf 77' lang='lat' dir='ltr'>quod</span> 
     </span>
     <span class='ocr_line' id='line_1_83' title="bbox 1539 2552 2613 2616; baseline -0.006 -13"><span class='ocrx_word' id='word_1_436' title='bbox 1539 2553 1682 2603; x_wconf 89' lang='lat' dir='ltr'>Deus</span> <span class='ocrx_word' id='word_1_437' title='bbox 1711 2568 1820 2603; x_wconf 91' lang='lat' dir='ltr'>non</span> <span class='ocrx_word' id='word_1_438' title='bbox 1850 2562 1930 2602; x_wconf 89' lang='lat' dir='ltr'>est</span> <span class='ocrx_word' id='word_1_439' title='bbox 1960 2552 2196 2616; x_wconf 88' lang='lat' dir='ltr'>adjutor;</span> <span class='ocrx_word' id='word_1_440' title='bbox 2232 2556 2291 2598; x_wconf 91' lang='lat' dir='ltr'>ut</span> <span class='ocrx_word' id='word_1_441' title='bbox 2318 2562 2613 2613; x_wconf 79' lang='lat' dir='ltr'>requiren-</span> 
     </span>
     <span class='ocr_line' id='line_1_84' title="bbox 1538 2619 2615 2689; baseline -0.005 -13"><span class='ocrx_word' id='word_1_442' title='bbox 1538 2636 1622 2677; x_wconf 90' lang='lat' dir='ltr'>tes</span> <span class='ocrx_word' id='word_1_443' title='bbox 1646 2625 1750 2675; x_wconf 83' lang='lat' dir='ltr'>alia</span> <span class='ocrx_word' id='word_1_444' title='bbox 1783 2623 2044 2689; x_wconf 88' lang='lat' dir='ltr'>adjutoria</span> <span class='ocrx_word' id='word_1_445' title='bbox 2076 2620 2416 2672; x_wconf 87' lang='lat' dir='ltr'>inveniamur</span> <span class='ocrx_word' id='word_1_446' title='bbox 2449 2619 2615 2671; x_wconf 89' lang='lat' dir='ltr'>inva-</span> 
     </span>
     <span class='ocr_line' id='line_1_85' title="bbox 1539 2691 2613 2759; baseline -0.009 -11"><span class='ocrx_word' id='word_1_447' title='bbox 1539 2698 1655 2759; x_wconf 89' lang='lat' dir='ltr'>lidi,</span> <span class='ocrx_word' id='word_1_448' title='bbox 1676 2708 1728 2748; x_wconf 88' lang='lat' dir='ltr'>et</span> <span class='ocrx_word' id='word_1_449' title='bbox 1745 2697 1813 2747; x_wconf 89' lang='lat' dir='ltr'>ab</span> <span class='ocrx_word' id='word_1_450' title='bbox 1833 2694 2072 2745; x_wconf 89' lang='lat' dir='ltr'>inimicis</span> <span class='ocrx_word' id='word_1_451' title='bbox 2092 2692 2227 2758; x_wconf 89' lang='lat' dir='ltr'>ipsis</span> <span class='ocrx_word' id='word_1_452' title='bbox 2246 2691 2528 2756; x_wconf 87' lang='lat' dir='ltr'>capiamur</span> <span class='ocrx_word' id='word_1_453' title='bbox 2549 2710 2563 2742; x_wconf 89' lang='lat'>:</span> <span class='ocrx_word' id='word_1_454' title='bbox 2583 2712 2613 2738; x_wconf 73' lang='grc' dir='ltr'>ι)</span> 
     </span>
     <span class='ocr_line' id='line_1_86' title="bbox 1540 2763 2615 2833; baseline -0.009 -13"><span class='ocrx_word' id='word_1_455' title='bbox 1540 2769 1654 2819; x_wconf 88' lang='lat' dir='ltr'>haec</span> <span class='ocrx_word' id='word_1_456' title='bbox 1703 2766 2064 2833; x_wconf 81' lang='lat' dir='ltr'>Augustinus.</span> <span class='ocrx_word' id='word_1_457' title='bbox 2112 2764 2312 2814; x_wconf 90' lang='lat' dir='ltr'>Volens</span> <span class='ocrx_word' id='word_1_458' title='bbox 2360 2777 2491 2828; x_wconf 89' lang='lat' dir='ltr'>ergo</span> <span class='ocrx_word' id='word_1_459' title='bbox 2540 2763 2615 2811; x_wconf 88' lang='lat' dir='ltr'>ad</span> 
     </span>
     <span class='ocr_line' id='line_1_87' title="bbox 1540 2833 2615 2896; baseline -0.008 -6"><span class='ocrx_word' id='word_1_460' title='bbox 1540 2838 1849 2890; x_wconf 88' lang='lat' dir='ltr'>servitutem</span> <span class='ocrx_word' id='word_1_461' title='bbox 1878 2836 1975 2886; x_wconf 91' lang='lat' dir='ltr'>Dei</span> <span class='ocrx_word' id='word_1_462' title='bbox 2010 2833 2274 2896; x_wconf 90' lang='lat' dir='ltr'>accedere,</span> <span class='ocrx_word' id='word_1_463' title='bbox 2308 2833 2615 2883; x_wconf 86' lang='lat' dir='ltr'>secundum</span> 
     </span>
     <span class='ocr_line' id='line_1_88' title="bbox 1539 2903 2616 2973; baseline -0.007 -12"><span class='ocrx_word' id='word_1_464' title='bbox 1539 2909 1829 2961; x_wconf 89' lang='lat' dir='ltr'>consilium</span> <span class='ocrx_word' id='word_1_465' title='bbox 1887 2903 2185 2973; x_wconf 74' lang='lat' dir='ltr'>Sapi‚entis</span> <span class='ocrx_word' id='word_1_466' title='bbox 2234 2911 2495 2968; x_wconf 77' lang='lat' dir='ltr'>praeparet</span> <span class='ocrx_word' id='word_1_467' title='bbox 2554 2918 2616 2953; x_wconf 89' lang='lat' dir='ltr'>se</span> 
     </span>
     <span class='ocr_line' id='line_1_89' title="bbox 1540 2973 2615 3035; baseline -0.009 -2"><span class='ocrx_word' id='word_1_468' title='bbox 1540 2982 1604 3034; x_wconf 90' lang='lat' dir='ltr'>ad</span> <span class='ocrx_word' id='word_1_469' title='bbox 1654 2978 1975 3031; x_wconf 89' lang='lat' dir='ltr'>tentationes</span> <span class='ocrx_word' id='word_1_470' title='bbox 2028 2975 2401 3035; x_wconf 75' lang='lat' dir='ltr'>imminentes,</span> <span class='ocrx_word' id='word_1_471' title='bbox 2464 2973 2615 3023; x_wconf 90' lang='lat' dir='ltr'>Cum</span> 
     </span>
     <span class='ocr_line' id='line_1_90' title="bbox 1540 3044 2615 3118; baseline -0.008 -14"><span class='ocrx_word' id='word_1_472' title='bbox 1540 3054 1688 3105; x_wconf 89' lang='lat' dir='ltr'>enim</span> <span class='ocrx_word' id='word_1_473' title='bbox 1747 3051 1872 3118; x_wconf 92' lang='lat' dir='ltr'>quis</span> <span class='ocrx_word' id='word_1_474' title='bbox 1928 3066 1958 3100; x_wconf 87' lang='lat' dir='ltr'>a</span> <span class='ocrx_word' id='word_1_475' title='bbox 2001 3048 2150 3099; x_wconf 82' lang='lat' dir='ltr'>vitiis</span> <span class='ocrx_word' id='word_1_476' title='bbox 2185 3056 2237 3097; x_wconf 89' lang='lat' dir='ltr'>et</span> <span class='ocrx_word' id='word_1_477' title='bbox 2273 3044 2504 3111; x_wconf 91' lang='lat' dir='ltr'>peccatis</span> <span class='ocrx_word' id='word_1_478' title='bbox 2550 3060 2615 3095; x_wconf 88' lang='lat' dir='ltr'>se</span> 
     </span>
     <span class='ocr_line' id='line_1_91' title="bbox 1539 3117 2617 3179; baseline -0.012 -1"><span class='ocrx_word' id='word_1_479' title='bbox 1539 3125 1851 3178; x_wconf 89' lang='lat' dir='ltr'>subtrahere</span> <span class='ocrx_word' id='word_1_480' title='bbox 1881 3120 2127 3179; x_wconf 89' lang='lat' dir='ltr'>voluerit,</span> <span class='ocrx_word' id='word_1_481' title='bbox 2156 3128 2217 3169; x_wconf 90' lang='lat' dir='ltr'>ut</span> <span class='ocrx_word' id='word_1_482' title='bbox 2243 3117 2344 3168; x_wconf 91' lang='lat' dir='ltr'>soli</span> <span class='ocrx_word' id='word_1_483' title='bbox 2369 3117 2485 3167; x_wconf 90' lang='lat' dir='ltr'>Deo</span> <span class='ocrx_word' id='word_1_484' title='bbox 2511 3132 2617 3167; x_wconf 89' lang='lat' dir='ltr'>va-</span> 
     </span>
     <span class='ocr_line' id='line_1_92' title="bbox 1540 3187 2617 3260; baseline -0.013 -11"><span class='ocrx_word' id='word_1_485' title='bbox 1540 3213 1676 3260; x_wconf 91' lang='lat' dir='ltr'>care,</span> <span class='ocrx_word' id='word_1_486' title='bbox 1706 3196 1760 3246; x_wconf 90' lang='lat' dir='ltr'>id</span> <span class='ocrx_word' id='word_1_487' title='bbox 1791 3205 1871 3246; x_wconf 93' lang='lat' dir='ltr'>est</span> <span class='ocrx_word' id='word_1_488' title='bbox 1900 3192 2174 3245; x_wconf 90' lang='lat' dir='ltr'>intendere</span> <span class='ocrx_word' id='word_1_489' title='bbox 2212 3187 2415 3255; x_wconf 89' lang='lat' dir='ltr'>possit;</span> <span class='ocrx_word' id='word_1_490' title='bbox 2449 3204 2617 3237; x_wconf 90' lang='lat' dir='ltr'>com-</span> 
     </span>
     <span class='ocr_line' id='line_1_93' title="bbox 1542 3260 2617 3332; baseline -0.012 -13"><span class='ocrx_word' id='word_1_491' title='bbox 1542 3267 1712 3320; x_wconf 90' lang='lat' dir='ltr'>motio</span> <span class='ocrx_word' id='word_1_492' title='bbox 1741 3281 1936 3332; x_wconf 85' lang='lat' dir='ltr'>magna</span> <span class='ocrx_word' id='word_1_493' title='bbox 1965 3263 2026 3314; x_wconf 91' lang='lat' dir='ltr'>fit</span> <span class='ocrx_word' id='word_1_494' title='bbox 2059 3262 2113 3312; x_wconf 88' lang='lat' dir='ltr'>in</span> <span class='ocrx_word' id='word_1_495' title='bbox 2145 3260 2281 3311; x_wconf 88' lang='lat' dir='ltr'>mari</span> <span class='ocrx_word' id='word_1_496' title='bbox 2311 3274 2408 3309; x_wconf 90' lang='lat' dir='ltr'>seu</span> <span class='ocrx_word' id='word_1_497' title='bbox 2437 3274 2617 3308; x_wconf 91' lang='lat' dir='ltr'>mun-</span> 
     </span>
     <span class='ocr_line' id='line_1_94' title="bbox 1539 3330 2618 3403; baseline -0.011 -12"><span class='ocrx_word' id='word_1_498' title='bbox 1539 3341 1629 3402; x_wconf 90' lang='lat' dir='ltr'>do,</span> <span class='ocrx_word' id='word_1_499' title='bbox 1690 3339 1746 3390; x_wconf 93' lang='lat' dir='ltr'>id</span> <span class='ocrx_word' id='word_1_500' title='bbox 1794 3347 1876 3389; x_wconf 91' lang='lat' dir='ltr'>est</span> <span class='ocrx_word' id='word_1_501' title='bbox 1931 3334 2227 3403; x_wconf 88' lang='lat' dir='ltr'>persecutio</span> <span class='ocrx_word' id='word_1_502' title='bbox 2284 3330 2579 3396; x_wconf 84' lang='lat' dir='ltr'>multiplex</span> <span class='ocrx_word' id='word_1_503' title='bbox 2603 3369 2618 3389; x_wconf 91' lang='lat'>,</span> 
     </span>
     <span class='ocr_line' id='line_1_95' title="bbox 1539 3403 2613 3478; baseline -0.012 -13"><span class='ocrx_word' id='word_1_504' title='bbox 1539 3414 1692 3478; x_wconf 89' lang='lat' dir='ltr'>cujus</span> <span class='ocrx_word' id='word_1_505' title='bbox 1749 3426 1907 3462; x_wconf 87' lang='lat' dir='ltr'>causa</span> <span class='ocrx_word' id='word_1_506' title='bbox 1955 3418 2038 3460; x_wconf 89' lang='lat' dir='ltr'>est</span> <span class='ocrx_word' id='word_1_507' title='bbox 2081 3406 2296 3473; x_wconf 84' lang='lat' dir='ltr'>triplex,</span> <span class='ocrx_word' id='word_1_508' title='bbox 2351 3403 2563 3453; x_wconf 89' lang='lat' dir='ltr'>scilicet</span> <span class='ocrx_word' id='word_1_509' title='bbox 2596 3420 2613 3452; x_wconf 88' lang='lat'>:</span> 
     </span>
     <span class='ocr_line' id='line_1_96' title="bbox 1539 3475 2619 3551; baseline -0.011 -15"><span class='ocrx_word' id='word_1_510' title='bbox 1539 3484 1804 3551; x_wconf 90' lang='lat' dir='ltr'>impulsus</span> <span class='ocrx_word' id='word_1_511' title='bbox 1825 3490 2130 3541; x_wconf 89' lang='lat' dir='ltr'>ventorum,</span> <span class='ocrx_word' id='word_1_512' title='bbox 2154 3478 2259 3528; x_wconf 88' lang='lat' dir='ltr'>hoc</span> <span class='ocrx_word' id='word_1_513' title='bbox 2281 3486 2362 3527; x_wconf 90' lang='lat' dir='ltr'>est</span> <span class='ocrx_word' id='word_1_514' title='bbox 2381 3475 2619 3526; x_wconf 90' lang='lat' dir='ltr'>tentatio</span> 
     </span>
     <span class='ocr_line' id='line_1_97' title="bbox 1539 3545 2620 3618; baseline -0.012 -11"><span class='ocrx_word' id='word_1_515' title='bbox 1539 3571 1571 3607; x_wconf 88' lang='lat' dir='ltr'>a</span> <span class='ocrx_word' id='word_1_516' title='bbox 1597 3555 1838 3618; x_wconf 86' lang='lat' dir='ltr'>diabolo;</span> <span class='ocrx_word' id='word_1_517' title='bbox 1873 3550 2113 3604; x_wconf 89' lang='lat' dir='ltr'>turbatio</span> <span class='ocrx_word' id='word_1_518' title='bbox 2154 3548 2337 3607; x_wconf 78' lang='lat' dir='ltr'>mariS,</span> <span class='ocrx_word' id='word_1_519' title='bbox 2378 3545 2488 3595; x_wconf 88' lang='lat' dir='ltr'>hoc</span> <span class='ocrx_word' id='word_1_520' title='bbox 2529 3555 2620 3595; x_wconf 90' lang='lat' dir='ltr'>est</span> 
     </span>
     <span class='ocr_line' id='line_1_98' title="bbox 1540 3617 2620 3686; baseline -0.012 -9"><span class='ocrx_word' id='word_1_521' title='bbox 1540 3627 1760 3677; x_wconf 89' lang='lat' dir='ltr'>tentatio</span> <span class='ocrx_word' id='word_1_522' title='bbox 1796 3641 1828 3676; x_wconf 83' lang='lat' dir='ltr'>a</span> <span class='ocrx_word' id='word_1_523' title='bbox 1866 3624 2096 3686; x_wconf 89' lang='lat' dir='ltr'>mundo;</span> <span class='ocrx_word' id='word_1_524' title='bbox 2140 3617 2435 3673; x_wconf 89' lang='lat' dir='ltr'>commotio</span> <span class='ocrx_word' id='word_1_525' title='bbox 2465 3626 2620 3667; x_wconf 89' lang='lat' dir='ltr'>tem-</span> 
     </span>
     <span class='ocr_line' id='line_1_99' title="bbox 1543 3692 2618 3768; baseline -0.014 -16"><span class='ocrx_word' id='word_1_526' title='bbox 1543 3699 1762 3766; x_wconf 86' lang='lat' dir='ltr'>pestatis</span> <span class='ocrx_word' id='word_1_527' title='bbox 1783 3737 1799 3762; x_wconf 90' lang='lat'>,</span> <span class='ocrx_word' id='word_1_528' title='bbox 1836 3698 1941 3749; x_wconf 93' lang='lat' dir='ltr'>hoc</span> <span class='ocrx_word' id='word_1_529' title='bbox 1978 3707 2058 3748; x_wconf 91' lang='lat' dir='ltr'>est</span> <span class='ocrx_word' id='word_1_530' title='bbox 2094 3692 2318 3745; x_wconf 88' lang='lat' dir='ltr'>tentatio</span> <span class='ocrx_word' id='word_1_531' title='bbox 2351 3705 2386 3741; x_wconf 89' lang='lat' dir='ltr'>a</span> <span class='ocrx_word' id='word_1_532' title='bbox 2414 3704 2618 3768; x_wconf 34' lang='lat' dir='ltr'>carnee,</span> 
     </span>
     <span class='ocr_line' id='line_1_100' title="bbox 1542 3767 2623 3840; baseline -0.015 -17"><span class='ocrx_word' id='word_1_533' title='bbox 1542 3785 1678 3837; x_wconf 90' lang='lat' dir='ltr'>quas</span> <span class='ocrx_word' id='word_1_534' title='bbox 1736 3767 2058 3821; x_wconf 90' lang='lat' dir='ltr'>tentationes</span> <span class='ocrx_word' id='word_1_535' title='bbox 2108 3773 2300 3818; x_wconf 64' lang='lat' dir='ltr'>,contra</span> <span class='ocrx_word' id='word_1_536' title='bbox 2342 3776 2399 3811; x_wconf 88' lang='lat' dir='ltr'>se</span> <span class='ocrx_word' id='word_1_537' title='bbox 2447 3767 2623 3840; x_wconf 61' lang='lat' dir='ltr'>sentit</span> 
     </span>
     <span class='ocr_line' id='line_1_101' title="bbox 1541 3834 2621 3911; baseline -0.015 -18"><span class='ocrx_word' id='word_1_538' title='bbox 1541 3840 1835 3907; x_wconf 89' lang='lat' dir='ltr'>insurgere.</span> <span class='ocrx_word' id='word_1_539' title='bbox 1868 3837 2102 3890; x_wconf 82' lang='lat' dir='ltr'>Procella</span> <span class='ocrx_word' id='word_1_540' title='bbox 2124 3834 2271 3886; x_wconf 89' lang='lat' dir='ltr'>enim</span> <span class='ocrx_word' id='word_1_541' title='bbox 2292 3839 2621 3911; x_wconf 71' lang='lat' dir='ltr'>tentationis</span> 
     </span>
     <span class='ocr_line' id='line_1_102' title="bbox 1543 3905 2620 3964; baseline -0.017 0"><span class='ocrx_word' id='word_1_542' title='bbox 1543 3926 1607 3964; x_wconf 88' lang='lat' dir='ltr'>ex</span> <span class='ocrx_word' id='word_1_543' title='bbox 1635 3909 1836 3963; x_wconf 84' lang='lat' dir='ltr'>invidia</span> <span class='ocrx_word' id='word_1_544' title='bbox 1875 3906 2076 3960; x_wconf 90' lang='lat' dir='ltr'>diaboli</span> <span class='ocrx_word' id='word_1_545' title='bbox 2108 3913 2328 3957; x_wconf 89' lang='lat' dir='ltr'>conatus</span> <span class='ocrx_word' id='word_1_546' title='bbox 2349 3915 2452 3952; x_wconf 80' lang='lat' dir='ltr'>viri</span> <span class='ocrx_word' id='word_1_547' title='bbox 2482 3905 2620 3964; x_wconf 63' lang='lat' dir='ltr'>‚usti</span> 
     </span>
    </p>
   </div>
  </div>
 </body>
</html>
