2784 4452
329 452 399 502 24
1019 437 1256 487 PRIMAE
1293 438 1539 489 PARTIS
1573 439 1806 490 CAPUT
1839 438 1902 488 11.

331 572 456 606 cum
484 554 651 605 trium
677 565 814 605 esset
839 570 1105 604 annorum
1141 556 1391 620 portaba-

329 638 419 678 tur
448 628 511 677 ad
539 629 822 693 templum,
854 638 905 676 et
935 642 964 676 a
994 628 1306 692 parentibus
1335 629 1392 678 in

328 699 532 764 templo
574 700 767 759 oblata,
825 697 963 747 intra
1013 709 1162 764 septa
1207 699 1392 766 templi

331 784 456 819 cum
489 768 611 818 aliis
664 767 967 834 virginibus
1035 769 1285 819 collocata
1333 779 1395 819 ut

331 840 535 890 litteras
576 840 816 899 disceret,
864 849 916 889 et
955 840 1191 890 Domino
1237 841 1396 891 servi·

333 922 429 972 ret,
483 912 793 977 ibidemque
845 927 1017 978 usque
1070 913 1135 962 ad
1187 928 1391 964 annum

330 996 421 1032 xxv
450 982 761 1049 permansit.
809 983 910 1032 Sed
940 984 1224 1034 accelerato
1253 984 1309 1035 in
1334 1000 1394 1035 ea

329 1053 529 1104 divinae
584 1053 808 1103 rationis
872 1070 993 1114 usu,
1041 1056 1259 1121 quando
1310 1072 1395 1123 pa—

331 1122 512 1174 rentes
553 1138 669 1173 eam
710 1123 766 1173 in
809 1126 1010 1190 templo
1047 1124 1390 1186 dimiserunt,

331 1194 398 1245 e'x
426 1203 553 1243 tunc
593 1194 778 1244 statuit
807 1194 863 1245 in
889 1196 1045 1245 corde
1081 1211 1180 1245 suo
1218 1197 1389 1246 Deum

331 1264 529 1315 habere
566 1264 622 1315 in
656 1266 881 1327 Patrem,
935 1276 987 1316 et
1028 1266 1152 1317 fecit
1193 1283 1250 1318 se
1290 1269 1394 1318 do-

330 1332 435 1385 ceri
470 1336 568 1386 Dei
600 1337 825 1403 Legem3
871 1353 930 1388 ac
968 1337 1155 1388 devote
1184 1349 1236 1390 et
1281 1338 1394 1390 fre-

333 1415 564 1472 quenter
619 1408 884 1473 cogitabat
931 1407 1063 1474 quid
1105 1420 1285 1475 posset
1324 1409 1396 1459 fa·

329 1474 447 1527 c'ere
491 1478 603 1529 Deo
644 1490 875 1546 gratum,
905 1490 964 1531 ut
1017 1481 1121 1531 sibi
1167 1482 1394 1548 gratiam

328 1560 482 1598 suam
507 1549 632 1599 dare
672 1550 1000 1617 dignaretur.
1033 1553 1245 1604 Petebat
1269 1569 1395 1604 vero

329 1616 613 1669 affectuose
680 1636 711 1670 a
754 1622 865 1671 Deo
929 1623 1154 1688 gratiam
1201 1623 1392 1674 obser-

329 1690 491 1740 vandi
533 1694 783 1743 mandata
814 1704 865 1744 et
916 1707 1175 1762 praecepta
1215 1697 1392 1763 LegiS,

329 1770 383 1810 et
407 1771 466 1812 ut
483 1761 676 1814 faceret
707 1781 823 1816 eam
854 1781 1032 1817 amare
1059 1767 1243 1819 omnia
1271 1785 1392 1835 quae

332 1834 448 1900 ipse
470 1847 630 1898 amat,
656 1849 707 1889 et
731 1839 879 1890 odire
907 1841 1092 1891 omnia
1123 1858 1244 1908 quae
1280 1842 1395 1908 ipse

330 1908 462 1960 odit.
506 1911 722 1963 Petebat
748 1930 967 1980 quoque
1005 1931 1194 1966 omnes
1220 1915 1394 1967 virtu-

331 1991 440 2040 teS,
495 1997 588 2046 per
637 1999 770 2050 quas
822 1985 1119 2037 efficeretur
1162 1987 1394 2052 gratiosa

330 2056 455 2101 ante
483 2064 827 2118 conspectum
866 2072 1057 2120 suum;
1108 2066 1160 2107 et
1197 2057 1394 2108 melius

334 2133 394 2169 ac
433 2120 627 2171 melius
657 2122 713 2173 in
748 2124 843 2174 Dei
878 2141 1037 2191 opere
1065 2125 1389 2191 proficiebat.

333 2190 500 2244 Omni
545 2203 786 2261 tempore
822 2197 1262 2265 contemplationi
1301 2208 1392 2250 aut

327 2267 578 2329 orationi,
620 2281 712 2320 aut
763 2271 997 2333 lectioni,
1056 2282 1147 2323 aut
1198 2288 1391 2340 opera-

329 2333 466 2404 tioni
509 2357 566 2391 se
610 2342 799 2405 dabat;
844 2359 940 2408 pro
982 2345 1152 2394 salute
1179 2344 1391 2410 generis

327 2410 553 2462 humani
584 2411 701 2461 sine
744 2412 1147 2464 intermissione
1187 2414 1389 2474 orabat,

329 2477 628 2547 Scripturas
657 2485 723 2533 de
764 2485 995 2535 adventu
1034 2485 1238 2536 Christi
1277 2485 1389 2535 fre-

329 2563 557 2619 quenter
619 2554 855 2619 legebat,
912 2565 964 2605 et
1018 2555 1285 2622 quidquid
1332 2555 1389 2606 in

326 2624 616 2690 Scripturis
658 2625 723 2674 de
765 2626 1134 2678 Incarnatione
1168 2626 1263 2676 Dei
1299 2626 1389 2676 in-

330 2695 593 2754 veniebat,
628 2695 730 2745 hoc
763 2696 1052 2746 osculando
1085 2707 1137 2746 et
1181 2698 1390 2763 ample-

327 2765 505 2815 xando
534 2765 759 2815 dulciter
800 2766 1079 2831 relegebat.
1117 2767 1159 2816 F
1164 2765 1304 2816 iebat
1332 2776 1391 2817 ut

331 2835 391 2885 in
419 2833 623 2902 vigiliis
654 2834 985 2886 inveniretur
1017 2835 1182 2902 prior,
1212 2836 1269 2886 in
1300 2852 1389 2887 sa-

329 2903 533 2970 pientia
553 2904 650 2955 Dei
673 2905 950 2966 eruditior,
982 2905 1038 2956 in
1084 2906 1390 2957 humilitate

332 2975 612 3035 humilior,
657 2975 714 3025 in
743 2975 1074 3026 carminibus
1122 2976 1390 3028 Davidicis

329 3048 640 3114 elegantior,
685 3047 740 3098 in
780 3049 1034 3099 charitate
1085 3048 1388 3115 gratiosior,

330 3118 389 3168 in
420 3119 648 3184 puritate
687 3120 887 3185 purior,
920 3118 976 3169 in
1006 3120 1156 3170 omni
1195 3120 1391 3171 virtute

330 3191 634 3258 perfectior;
684 3204 794 3244 erat
842 3194 989 3244 enim
1038 3204 1288 3245 constans
1339 3205 1391 3245 et

326 3263 643 3340 immobiliS,
701 3275 753 3315 et
798 3264 1040 3332 quotidie
1086 3264 1143 3314 in
1196 3264 1390 3315 melius

326 3333 608 3388 transibat.
655 3336 805 3386 Hanc
847 3336 1159 3386 irascentem
1208 3336 1391 3385 nullus

326 3409 463 3474 vidit
487 3410 569 3460 vel
590 3409 810 3461 audivit.
842 3410 1040 3460 Omnis
1070 3425 1248 3460 sermo
1276 3410 1391 3474 ejus

326 3477 402 3532 ita
427 3489 538 3530 erat
571 3479 739 3545 gratia
781 3480 989 3545 plenuS‚
1021 3489 1081 3529 ut
1110 3477 1167 3529 in
1207 3477 1394 3543 lingua

328 3549 444 3614 ejus
499 3561 873 3616 agnosceretur
938 3550 1100 3600 DeuS.
1157 3548 1224 3599 Et
1281 3557 1391 3598 erat

325 3621 556 3672 sollicita
597 3622 732 3672 circa
773 3621 943 3672 socias
980 3635 1122 3681 suaS,
1181 3634 1249 3669 ne
1286 3618 1391 3669 ali-

330 3704 441 3757 qua
468 3705 532 3741 ex
560 3691 637 3741 eis
677 3692 734 3741 in
782 3691 892 3740 ullo
933 3704 1182 3741 sermone
1218 3687 1392 3758 offen-

330 3759 508 3823 deret3
564 3776 632 3811 ne
691 3761 872 3827 aliqua
925 3760 982 3809 in
1040 3757 1154 3808 risu
1207 3773 1389 3809 vocem

331 3842 488 3880 suam
520 3833 797 3894 exaltaret3
831 3845 898 3879 ne
925 3828 1106 3894 aliqua
1133 3826 1394 3892 injuriosa

334 3900 418 3954 vel
448 3902 676 3966 superba
704 3903 840 3952 circa
873 3915 1053 3967 parem
1097 3914 1250 3950 suam
1290 3899 1395 3950 exi·

334 3978 512 4044 steret,
542 3987 610 4021 ne
640 3972 696 4022 in
728 3971 911 4037 aliquo
948 3980 1237 4038 peccarent.
1266 3970 1394 4021 Sine

337 4040 742 4093 intermissione
804 4035 1146 4094 benedicebat
1212 4041 1394 4093 Domi-

1498 573 1649 618 num,
1685 568 1736 608 et
1763 572 1829 607 ne
1872 557 2008 608 forte
2055 557 2112 607 in
2142 558 2430 609 salvatione
2465 573 2568 610 sua

1496 643 1526 677 a
1576 627 1826 678 laudibus
1890 627 2109 678 Domini
2162 630 2454 689 tolleretur,
2513 628 2563 679 si

1496 697 1620 764 quis
1661 713 1778 748 eam
1822 697 2101 758 salutabat,
2134 697 2248 764 ipsa
2286 714 2382 764 pro
2428 713 2566 749 resa-

1496 769 1757 819 lutatione
1806 770 1921 819 Deo
1970 768 2207 834 gratias,
2267 769 2564 834 responde-

1499 838 1617 901 bat;
1658 838 1843 904 sicque
1872 837 2112 903 primum
2138 838 2206 887 ab
2236 837 2351 903 ipsa
2378 837 2563 899 exivit,

1497 922 1556 963 ut
1584 913 1714 963 dum
1745 912 1996 962 homines
2027 912 2196 961 sancti
2240 913 2562 973 salutantur,

1496 988 1611 1037 Deo
1634 987 1853 1053 gratias
1885 986 2082 1035 dicant.

1567 1073 1628 1107 1o
1682 1059 1877 1108 Vowu
1952 1072 2309 1107 vutomxrans
2400 1071 2567 1108 1³qu

1499 1144 1733 1178 mur-tir.
1756 1157 1815 1165 —
1847 1129 1965 1193 Ipsa
1999 1126 2160 1177 etiam
2218 1126 2389 1193 prima
2436 1141 2564 1176 om-

1500 1197 1653 1249 nium
1681 1199 1746 1249 de
1777 1199 2032 1249 servanda
2073 1198 2401 1264 virginitate,
2457 1197 2570 1249 nisi

1496 1273 1639 1322 Deus
1667 1272 1819 1322 aliter
1846 1272 2135 1331 ordinaret,
2175 1282 2361 1321 votum
2400 1270 2569 1333 vovit,

1496 1342 1643 1408 quod
1673 1343 1819 1392 nulla
1847 1341 1914 1392 ab
1944 1341 2103 1391 initio
2143 1341 2326 1401 seculi,
2364 1355 2429 1390 ex
2457 1355 2571 1407 quo

1497 1415 1587 1465 hic
1613 1414 1783 1465 factus
1823 1418 1914 1465 'est
1947 1415 2200 1474 munduS,
2250 1415 2363 1463 Deo
2401 1412 2571 1463 obtu-

1497 1484 1576 1535 lit.
1621 1482 1757 1535 Tam
1792 1485 2099 1552 prudenter,
2124 1493 2234 1533 tam
2265 1482 2571 1543 humiliter,

1497 1566 1606 1605 tam
1636 1556 1820 1606 devote
1873 1571 1929 1605 se
1980 1555 2226 1614 habebat,
2271 1554 2416 1620 quod
2459 1554 2573 1605 vita

1497 1626 1669 1692 ipsius
1725 1627 2032 1692 exemplum
2098 1624 2312 1675 vivendi
2360 1624 2572 1676 cunctis

1498 1699 1799 1765 praebebat.‘
1830 1699 1984 1749 Unde
2049 1698 2115 1748 de
2176 1697 2285 1747 vita
2332 1698 2445 1763 ejus
2488 1695 2571 1748 sic

1496 1770 1686 1821 scribit
1700 1771 2019 1822 Ambrosius
2048 1789 2066 1821 .·
2095 1789 2123 1816 (ι
2143 1770 2223 1820 Sit
2254 1770 2412 1820 nobis
2438 1780 2567 1821 tan-

1495 1858 1660 1908 quam
1725 1842 1782 1893 in
1844 1841 2081 1908 imagine
2121 1842 2401 1913 ⁰descripta
2453 1840 2565 1893 vita

1496 1913 1696 1973 Mariae,
1735 1929 1798 1963 ex
1841 1929 1947 1979 qua
1993 1913 2138 1963 velut
2163 1928 2192 1962 e
2221 1914 2436 1978 speculo
2469 1927 2563 1963 re-

1494 1984 1662 2050 fulget
1690 1985 1895 2051 species
1944 1984 2244 2043 charitatiS‚
2299 1994 2350 2034 et
2390 1983 2567 2036 forma

1493 2056 1726 2108 virtutis,
1808 2056 1974 2123 Virgo
2055 2066 2165 2106 erat
2227 2070 2447 2122 corpore
2510 2066 2568 2106 et

1495 2136 1690 2187 mente,
1737 2124 1894 2176 corde
1925 2126 2170 2186 humilis,
2215 2125 2395 2175 verbis
2437 2139 2566 2192 gra-

1492 2195 1592 2257 vis,
1619 2196 1801 2247 animo
1827 2197 2081 2263 prudenS,
2109 2195 2366 2263 loquendi
2416 2195 2568 2261 peri·
2605 2212 2612 2215 ·

1493 2268 1631 2330 tior,
1690 2270 1900 2335 legendi
1959 2268 2282 2329 studiosior,
2342 2283 2451 2317 non
2507 2265 2567 2318 in

1494 2340 1696 2390 incerto
1747 2341 2094 2400 divitiarum,
2145 2341 2236 2391 sed
2291 2339 2346 2390 in
2408 2353 2567 2405 prece

1494 2410 1743 2476 pauperis
1803 2427 1952 2477 spem
2014 2426 2307 2477 reponenS,
2359 2409 2571 2461 intenta

1494 2482 1684 2547 operi,
1764 2481 2060 2533 verecunda
2141 2495 2425 2544 sermone;
2486 2494 2568 2531 ar·

1495 2552 1699 2603 bitrum
1738 2552 1937 2602 mentis
1980 2568 2087 2602 non
2128 2551 2408 2605 hominem
2467 2551 2564 2601 sed

1492 2624 1665 2675 Deum
1722 2640 1959 2692 quaerere
1986 2663 2000 2684 ,
2057 2625 2269 2673 nullum
2327 2623 2521 2673 laedere
2550 2661 2565 2684 ,

1493 2696 1749 2745 omnibus
1804 2695 1936 2744 bene
2008 2695 2157 2761 ,velle
2183 2733 2196 2754 ,
2266 2692 2567 2757 majoribus

1490 2780 1796 2833 assurgere,
1845 2763 2145 2830 aequalibus
2185 2780 2295 2814 non
2340 2762 2559 2813 invide-

1492 2852 1573 2897 re,
1644 2838 1948 2902 jactantiam
2018 2835 2230 2902 fugere,
2298 2835 2567 2885 rationem

1493 2910 1666 2976 sequi,
1697 2924 1876 2959 amare
1901 2908 2176 2958 virtutem.
2213 2906 2443 2966 Quando
2471 2905 2568 2957 illa

1491 2980 1573 3029 ve'l
1632 2989 1765 3029 nutu
1813 2979 1952 3029 laesit
2002 2976 2278 3043 parentes?
2330 2974 2566 3035 Quando

1491 3050 1750 3102 fastidivit
1822 3045 2117 3100 humilem?
2194 3048 2421 3108 Quando
2483 3045 2565 3096 ir-

1492 3122 1613 3173 risit
1660 3122 1927 3172 debilem?
1977 3120 2204 3180 Quando
2245 3117 2432 3169 vitavit
2482 3116 2568 3167 in-

1491 3191 1682 3256 opem?
1749 3189 1900 3239 Nihil
1969 3199 2182 3239 torvum
2234 3188 2289 3237 in
2347 3185 2521 3236 oculis
2550 3224 2566 3248 ,

1494 3262 1634 3311 nihil
1664 3275 1856 3327 procax
1890 3260 1945 3309 in
1981 3259 2178 3318 verbis,
2227 3256 2368 3307 nihil
2403 3256 2562 3306 inve-

1494 3330 1788 3381 recundum
1823 3329 1879 3379 in
1920 3338 2057 3379 actu.
2100 3329 2219 3377 Non
2250 3336 2432 3393 gestus
2460 3324 2568 3376 fra-

1494 3401 1658 3461 ctior,
1693 3416 1802 3449 non
1857 3400 2099 3450 incessus
2153 3397 2397 3457 solutior,
2446 3411 2562 3447 non

1492 3487 1595 3521 vox
1619 3469 1959 3537 petulantior,
1985 3478 2045 3518 ut
2080 3469 2195 3533 ipsa
2221 3466 2423 3532 species
2448 3480 2566 3515 cor-

1495 3541 1641 3607 poris
1671 3540 2018 3591 simulacrum
2046 3538 2205 3588 fuerit
2241 3536 2459 3597 mentiS,
2505 3544 2563 3586 et

1493 3611 1666 3661 forma
1717 3610 2016 3677 probitatiS.
2068 3608 2216 3659 Talis
2265 3607 2412 3657 enim
2464 3606 2573 3658 fuit

1495 3680 1678 3742 Maria,
1703 3691 1764 3731 ut
1798 3682 1911 3747 ejus
1956 3680 2113 3731 unica
2158 3679 2268 3728 vita
2315 3676 2571 3727 omnium

1493 3750 1779 3816 disciplina
1810 3750 1897 3801 sit.
1946 3750 2000 3800 Si
2053 3748 2216 3814 igitur
2251 3757 2396 3798 actor
2452 3762 2570 3797 non

1493 3820 1756 3887 displicet,
1782 3836 1919 3887 opus
1943 3819 2231 3886 probemus
2275 3834 2289 3867 :
2337 3827 2401 3866 ut
2434 3816 2566 3883 qui-

1495 3910 1727 3961 cumque
1788 3894 1893 3945 sibi
1966 3901 2180 3957 exoptat
2244 3889 2568 3956 praemium,

1496 3966 1736 4017 imitetur
1759 3965 2063 4030 exemplum
2092 3980 2105 4013 :
2133 3983 2159 4010 »
2187 3964 2300 4013 haec
2332 3961 2568 4011 Ambro-

1495 4041 1627 4092 sius·
1644 4040 1799 4093 Unde
1821 4047 1873 4091 et
1902 4038 2185 4090 Anselmus
2207 4055 2223 4087 .·
2250 4055 2276 4083 α
2294 4036 2430 4086 Nota
2451 4033 2566 4101 igi-
