2784 4452
908 331 1005 383 DE
1036 330 1337 384 EPIPHAN
1343 331 1415 384 1A
1445 330 1723 382 DOMINI.
2347 329 2443 380 105

198 449 433 514 majores
458 486 472 506 ,
533 457 585 497 et
649 446 706 497 in
759 445 1026 513 regalibus
1077 447 1270 498 officiis

194 519 544 578 assistentes',
590 518 670 567 illi
721 534 844 569 cum
894 534 1018 584 rege
1061 518 1263 569 turbati

193 600 346 641 sunt.
378 589 457 639 Et
485 602 833 655 congregans
858 603 1040 640 omnes
1051 589 1266 654 princi-

186 676 292 728 pes
340 660 683 710 sacerdotum
725 664 775 710 et
813 660 1024 710 scribas
1053 660 1262 726 populi,

192 732 473 797 sapientes
511 731 842 791 Judaeorum,
890 730 1265 782 sciscitabatur

190 804 263 854 ab
282 803 365 854 eis
387 802 478 853 ubi
507 801 759 852 Christus
777 808 1103 852 nasceretur.
1127 801 1267 862 Quia

190 874 347 925 enim
400 874 615 924 volebat
674 872 958 924 Christum
1012 873 1230 938 perdere
1249 912 1262 932 ,

193 945 317 994 ideo
389 944 600 994 studuit
658 944 725 993 de
790 944 908 994 loco
970 943 1265 994 nativitatis

194 1015 402 1066 Christi
428 1015 717 1081 diligenter
746 1013 1021 1080 inquirere
1057 1013 1125 1065 ab
1155 1015 1266 1065 illis

193 1087 288 1152 qui
334 1086 641 1151 Scripturas
686 1085 1080 1152 Prophetarum
1123 1102 1264 1152 prae-

193 1159 366 1210 dictas
405 1159 474 1209 de
506 1159 728 1210 Christo
766 1169 1043 1220 noverant,
1072 1170 1125 1210 et
1166 1176 1264 1226 ge·-

195 1234 471 1300 nealogias
543 1233 928 1285 descendentes
997 1249 1028 1285 a
1096 1234 1265 1286 David

192 1303 453 1354 sciebant.
492 1304 567 1353 At
607 1303 692 1352 illi
723 1302 981 1354 dixerunt
1016 1305 1083 1367 ei,
1115 1304 1263 1371 quod

193 1372 244 1421 iu
271 1371 584 1422 Bethlehem
610 1371 788 1433 Judae,
820 1371 876 1421 id
900 1382 1000 1433 est,
1019 1389 1142 1439 quae
1163 1372 1265 1422 sita

191 1452 269 1492 est
312 1442 557 1494 in-terra
603 1442 758 1502 Juda,
813 1453 973 1507 prout
1013 1443 1266 1494 scribitur

192 1512 246 1562 in
272 1513 523 1562 Michaea.
545 1511 853 1562 Secundum
880 1514 1262 1580 Augustinum‚

192 1582 362 1633 Judaei
384 1583 443 1632 in
466 1583 568 1632 hoc
588 1581 744 1644 facte,
775 1599 885 1649 quo
913 1585 1105 1635 docent
1131 1585 1266 1636 alios

192 1655 373 1704 locum
398 1653 715 1713 nativitatis,
729 1664 782 1704 et
809 1665 989 1706 tamen
1019 1655 1124 1721 ipsi
1153 1672 1261 1706 non

190 1724 411 1784 vadunt,
443 1724 654 1775 similes
682 1734 811 1775 sunt
852 1724 1263 1777 fabricatoribus

188 1810 322 1846 arcae
369 1797 504 1858 Noe,
548 1797 646 1862 qui
681 1796 805 1846 aliis
843 1796 938 1847 ubi
985 1798 1262 1848 evaderent

189 1867 577 1932 praestiterunt‚
622 1877 674 1918 et
705 1866 809 1933 ipsi
846 1868 1053 1918 diluvio
1082 1869 1261 1934 perie-

186 1950 332 1989 runt.
371 1938 591 1988 Similes
631 1939 792 1989 etiam
817 1949 947 1989 sunt
988 1940 1261 2005 lapidibus

186 2009 530 2070 milliarium,
557 2010 653 2076 qui
683 2010 805 2061 aliis
831 2010 975 2061 viam
1006 2011 1260 2072 indicant,

187 2095 281 2129 nec
309 2080 416 2145 ipsi
452 2096 547 2145 per
570 2096 689 2131 eam
717 2080 1016 2132 ambulant.
1044 2082 1122 2132 De
1145 2081 1261 2147 qui-

185 2150 284 2200 bus
315 2149 484 2200 etiam
511 2150 643 2200 dicit
665 2151 870 2202 ibidem
896 2151 1257 2217 AugustinuS,

183 2221 332 2286 quod
377 2231 597 2272 ostenso
637 2221 760 2273 aliis
793 2221 918 2274 vitae
960 2221 1107 2273 fonte
1153 2222 1258 2289 ipsi

183 2301 311 2342 sunt
357 2292 561 2342 mortui
605 2292 855 2343 siccitate.
911 2294 1010 2344 Per
1059 2293 1261 2345 scribas

183 2373 366 2412 autem
395 2373 449 2413 et
487 2363 789 2413 sacerdotes
817 2363 914 2429 qui
946 2364 1126 2414 locum
1157 2380 1259 2414 na-

182 2434 412 2485 tivitatis
434 2433 642 2486 Christi
671 2450 736 2485 ex
766 2435 1049 2501 prophetia
1077 2434 1256 2486 decla-

184 2516 455 2567 taverunt,
486 2517 538 2557 et
555 2516 733 2558 tamen
764 2507 945 2572 ipsum
974 2508 1257 2559 Christum

183 2594 292 2628 non
331 2579 710 2639 adoraverunt,
740 2578 833 2629 sed
864 2579 1039 2645 magis
1071 2596 1258 2646 perse-

181 2648 288 2698 cuti
324 2658 475 2709 sunt,
507 2649 792 2714 signantur
819 2647 1064 2700 doctores
1097 2651 1254 2701 bonae

173 2718 462 2779 doctrinae,
493 2720 586 2769 sed
616 2720 771 2769 malae
798 2718 943 2780 vitae,
964 2721 1064 2796 qui
1089 2736 1253 2787 quem

174 2790 476 2854 praedicant
541 2807 667 2841 sana
737 2790 1008 2853 doctrina,
1066 2809 1250 2859 perse-

181 2871 428 2926 quuntur
457 2862 597 2912 mala
626 2862 754 2913 vita.

270 2925 304 2974 8
359 2926 659 2975 SmuLArio
711 2924 972 2975 Hznoms.
1003 2953 1065 2964 —
1101 2925 1255 2977 Tunc

180 2994 450 3057 Herodes,
505 2996 644 3047 clam
687 3007 739 3048 et
788 2997 994 3047 occulte
1047 2998 1252 3047 vocatis

179 3067 241 3116 ad
279 3082 340 3117 se
376 3066 594 3133 Magis,
626 3067 817 3118 didicit
841 3066 913 3117 ab
934 3067 1015 3118 eis
1047 3073 1253 3133 tempus

180 3137 352 3197 stellae
394 3151 516 3203 quae
560 3137 817 3204 apparuit
872 3137 971 3189 eis.
1023 3138 1253 3203 Cognito

180 3207 324 3257 enim
354 3209 472 3258 loco
496 3208 791 3259 nativitatis
824 3207 1028 3259 Christi
1057 3223 1123 3258 ex
1148 3210 1250 3259 Ju-

180 3277 422 3329 daeorum
449 3278 740 3344 responsis,
763 3278 937 3329 voluit
956 3278 1092 3329 scire
1119 3289 1250 3329 tem-

182 3367 279 3417 pus
318 3352 618 3403 nativitatis
660 3353 728 3403 ab
779 3352 915 3418 ipsis
950 3352 1140 3420 Magis,
1189 3364 1248 3404 ut

180 3423 220 3473 si
251 3424 321 3473 ad
366 3424 548 3490 ipsum
587 3424 842 3485 redirent,
883 3439 948 3474 ex
986 3425 1247 3491 temporis

180 3506 228 3546 et
260 3496 364 3547 loci
411 3496 719 3563 cognitione
761 3506 943 3563 posset
965 3498 1247 3549 Christum

182 3565 480 3617 interficere
507 3584 522 3617 ε
554 3577 605 3617 et
623 3583 747 3617 cum
767 3576 908 3618 esset
929 3567 1250 3634 alienigena,

178 3653 287 3688 non
333 3637 636 3688 confidebat
681 3638 749 3688 de
781 3637 1002 3698 Judaeis,
1035 3649 1089 3689 et
1127 3638 1248 3689 ideo

177 3711 347 3765 voluit
362 3711 655 3761 consilium
677 3727 838 3762 suum
858 3712 1020 3762 latere
1041 3728 1150 3764 eos.
1171 3713 1250 3763 Et

173 3784 387 3834 mittens
415 3783 541 3834 illos
565 3783 620 3834 iu
644 3784 945 3834 Bethlehem
971 3785 1139 3848 dixit,
1161 3786 1252 3836 do-

174 3854 302 3919 lose,
335 3864 388 3905 et
415 3870 509 3904 eos
536 3855 724 3905 volens
763 3855 1005 3921 decipere
1034 3873 1048 3907 ι
1085 3857 1168 3908 Ite
1198 3863 1250 3908 et

173 3924 511 3992 interrogate
533 3925 824 3991 diligenter
847 3926 914 3976 de
932 3926 1131 3988 Puer0,
1163 3942 1251 3977 na-

1375 457 1451 507 t0,
1508 452 1561 498 et
1610 460 1730 498 cum
1783 446 2091 498 inveneritis
2149 446 2449 497 renuntiate

1373 518 1521 581 mihi,
1542 524 1598 569 ut
1619 525 1671 571 et
1684 533 1788 585 ego
1814 518 2027 570 veniens
2048 518 2270 569 adorem
2291 533 2407 569 eum
2424 535 2443 580 ‚-

1374 589 1605 654 spondet
1646 589 1842 640 falsum
1867 588 2192 655 obsequium
2222 599 2284 640 ut
2310 588 2445 640 faci-

1372 660 1482 711 lius
1513 676 1606 712 eos
1631 660 1891 727 decipiat,
1919 671 1972 711 et
2002 660 2067 711 ad
2110 659 2441 711 redeundum

1373 748 1471 798 per
1522 732 1702 798 ipsum
1752 732 1987 783 inducat.
2039 732 2192 782 Falsa
2241 732 2443 798 quippe

1373 801 1478 852 fuit
1489 803 1720 855 Herodis
1752 803 2063 869 promissi0,
2089 802 2236 868 quia,
2262 818 2445 853 secun-

1371 874 1504 924 dum
1560 875 2041 943 chrysostomum,
2094 874 2438 924 devotionem

1372 944 1733 1009 promittebat,
1751 945 1844 995 sed
1872 945 2112 1011 gladium
2135 944 2355 995 acuebat
2380 957 2431 994 et

1373 1014 1638 1065 malitiam
1668 1015 1845 1066 cordis
1878 1015 1963 1066 sui
1984 1015 2310 1066 humilitatis
2343 1031 2444 1065 co-

1372 1085 1485 1135 lore
1512 1085 1852 1151 depingebat.
1882 1086 2032 1145 Talis
2050 1096 2133 1137 est
2159 1095 2442 1136 consuetu-

1371 1156 1442 1205 do
1483 1155 1731 1205 omnium
1779 1156 2158 1224 malignorum,
2217 1157 2434 1222 quando

1372 1225 1613 1291 aliquem
1643 1225 1700 1276 in
1735 1227 1942 1277 occulto
1997 1227 2215 1293 gravius
2242 1226 2436 1276 laedere

1368 1297 1577 1357 volunt,
1621 1296 1986 1349 humilitatem
2028 1298 2106 1348 illi
2145 1309 2198 1349 et
2243 1298 2437 1348 amici-

1371 1365 1504 1416 tiam
1545 1365 1774 1433 fingunt.
1806 1369 1871 1418 Et
1912 1368 2209 1420 secundum
2253 1368 2442 1419 Raba-

1370 1452 1514 1499 num,
1580 1435 1739 1488 finxit
1806 1440 2066 1499 Herodes,
2120 1449 2229 1490 tam
2288 1441 2440 1490 vultu

1370 1524 1537 1575 quam
1567 1510 1748 1561 verbis
1781 1527 1840 1561 se
1874 1512 2096 1562 adorare
2126 1528 2253 1563 eum
2280 1513 2439 1571 velle,

1370 1596 1535 1646 quem
1579 1580 1764 1632 invida
1820 1582 2143 1649 cogitatione
2187 1584 2442 1634 tractabat

1370 1654 1633 1725 occidere,
1663 1664 1716 1706 et
1757 1655 1878 1716 hoc,
1920 1666 1980 1706 ut
2011 1657 2096 1706 vel
2137 1657 2202 1706 ad
2256 1656 2437 1721 ipsum

1368 1727 1512 1793 Magi
1542 1728 1772 1779 alacrius
1800 1729 2054 1789 redirent,
2081 1741 2134 1781 et
2161 1745 2229 1780 ne
2247 1730 2440 1789 Judaei,

1368 1815 1607 1865 quorum
1660 1817 1754 1853 rex
1815 1813 1928 1853 erat
1977 1801 2213 1861 futuruS,
2264 1802 2333 1852 ab
2375 1817 2438 1851 eo

1368 1870 1551 1935 ipsum
1592 1871 1983 1923 absconderent
2013 1889 2027 1923 z
2060 1874 2212 1938 cujus
2248 1888 2438 1938 perso-

1368 1955 1497 1989 nam
1538 1956 1729 1992 omnes
1760 1943 2058 2009 hypocritae
2097 1952 2301 2002 tenent,
2341 1942 2437 2008 qui

1364 2010 1500 2061 dum
1529 2010 1648 2063 ficte
1686 2014 1860 2065 Deum
1889 2024 2161 2080 quaerunt,
2196 2014 2440 2064 invenire

1366 2080 1525 2131 illum
1555 2098 1838 2149 nunquam
1873 2095 2169 2135 merentur.
2199 2085 2271 2135 Et
2300 2085 2438 2134 sicut

1367 2152 1610 2203 Herodes
1637 2155 1741 2204 sub
1765 2155 1941 2220 specie
1964 2155 2246 2221 religionis
2265 2155 2438 2205 voluit

1367 2221 1612 2273 occidere
1657 2223 1959 2285 Christum,
2002 2224 2080 2275 sic
2121 2225 2436 2291 hypocritae,

1368 2302 1637 2357 quantum
1675 2292 1732 2342 in
1765 2294 1844 2344 eis
1881 2303 1980 2354 est,
2009 2294 2262 2345 occidunt
2290 2310 2435 2356 eum,

1366 2361 1672 2413 secundum
1708 2362 1843 2413 illud
1876 2363 2122 2428 Apostoli
2152 2381 2168 2414 ε
2191 2365 2431 2415 Rursum

1364 2435 1751 2501 crucifigentes
1800 2436 1853 2486 in
1891 2436 2192 2502 semetipsis
2233 2437 2438 2488 Filium

1361 2506 1485 2557 Dei.
1526 2508 1685 2569 Nam,
1741 2508 2039 2558 secundum
2089 2508 2436 2575 Gregorium,

1363 2579 1619 2632 simulata
1671 2581 1927 2632 sanctitas
1972 2591 2054 2632 est
2088 2583 2287 2648 duplex
2328 2583 2439 2633 ini-

1361 2649 1567 2715 quitas;
1585 2661 1636 2701 et
1652 2651 1948 2702 secundum
1970 2652 2437 2720 Chrysostomum,

1361 2721 1564 2772 Herodi
1594 2722 1803 2773 similes
1846 2738 1963 2787 esse
1996 2722 2310 2788 probantur,
2341 2725 2437 2790 qui

1361 2807 1509 2843 sacra
1551 2792 1940 2843 communione
1994 2795 2237 2860 mysterii
2285 2795 2436 2844 indi-

1359 2878 1463 2927 gne
1512 2864 1827 2914 abutuntur.
1874 2864 2112 2914 Adorare
2147 2865 2350 2930 quippe
2378 2881 2437 2915 se

1361 2932 1597 2999 fingunt,
1627 2944 1679 2984 et
1716 2949 1864 2995 eum,
1911 2944 2174 3000 quantum
2205 2935 2261 2985 in
2299 2936 2435 3001 ipsis

1359 3017 1458 3066 est,
1486 3006 1828 3067 interimunt,
1856 3007 2005 3071 juxta
2031 3005 2165 3056 illud
2186 3008 2425 3071 Aposto-

1360 3076 1397 3125 li
1431 3093 1445 3126 :
1477 3075 1587 3137 Qui
1624 3076 1763 3126 enim
1795 3076 2082 3126 manducat
2105 3082 2157 3126 et
2179 3076 2310 3127 bibit
2344 3078 2431 3127 in-

1358 3147 1539 3213 digne,
1577 3160 1705 3196 reus
1727 3146 1831 3197 erit
1854 3147 2101 3212 corporis
2137 3152 2189 3197 et
2213 3148 2434 3213 sangui·

1360 3217 1446 3267 nis
1473 3217 1712 3268 Domini.

1423 3303 1456 3354 9
1491 3288 1717 3355 Stena:
1770 3303 2149 3341 REAPPARITIO.
2186 3316 2249 3326 —
2297 3289 2432 3339 Cum

1357 3366 1535 3411 autem
1573 3359 1717 3426 Magi
1758 3361 2038 3412 audissent
2074 3377 2278 3429 regem,
2316 3362 2430 3411 He-

1355 3430 1578 3491 rodem,
1649 3430 1793 3482 nihil
1863 3433 1991 3483 mali
2060 3434 2428 3498 suspicanteS,

1357 3501 1605 3552 abierunt
1629 3502 1953 3564 recedentes,
1971 3504 2171 3554 scilicet
2193 3505 2261 3554 de
2285 3505 2432 3554 Jeru-

1357 3573 1545 3632 salem,
1584 3581 1644 3621 ut
1684 3571 1823 3623 irent
1858 3588 2046 3624 versus
2075 3572 2426 3631 Bethlehem,

1357 3644 1530 3696 edocti
1573 3645 1641 3695 de
1681 3645 1785 3696 hoc
1826 3662 1920 3711 per
1952 3646 2308 3712 prophetiam.
2349 3646 2429 3696 Et

1356 3732 1482 3767 cum
1547 3718 1843 3769 Jerusalem
1905 3718 2104 3784 egressi
2174 3717 2424 3778 fuissent,

1356 3801 1476 3838 ecce
1499 3788 1659 3838 stella
1688 3804 1849 3854 quam
1870 3787 2117 3838 viderant
2140 3788 2193 3838 in
2228 3788 2422 3838 Orien·

1357 3864 1435 3920 te,
1496 3874 1619 3924 quae
1678 3858 2043 3925 disparuerat,
2098 3858 2291 3909 iterum
2343 3859 2422 3909 eis

1355 3929 1622 3995 apparuit,
1648 3929 1779 3995 quia
1819 3928 2085 3980 auxilium
2122 3930 2422 3982 deserentes
