2784 4452
304 389 410 452 234

300 519 428 559 vero
463 502 640 553 deficit
686 502 920 553 humana
959 501 1095 553 ratio
1148 510 1201 551 et
1233 515 1375 566 pro-

300 575 550 634 videntia,
600 584 653 625 et
687 575 855 624 horno
896 589 1004 623 non
1032 573 1192 624 habet
1214 571 1360 622 aliud

300 646 446 713 quod
469 644 642 705 faciat,
672 655 799 694 tunc
832 659 1016 695 secure
1038 645 1103 694 ad
1130 642 1229 693 Dei
1256 658 1377 708 90--

296 718 522 768 tentiam
547 732 604 768 se
649 725 939 780 convertat,
969 725 1020 765 et
1046 731 1158 766 suae
1184 713 1379 780 provi--

298 791 492 843 dentiae
548 790 880 852 committat,
919 805 1026 839 non
1067 789 1322 839 tentando
1348 825 1363 846 ,

300 863 394 916 sed
422 864 609 913 devote
638 861 956 926 confitendo,
987 862 1115 928 quia
1142 861 1219 911 sic
1258 875 1367 911 non

300 943 382 985 est
409 933 632 984 dicenda
655 933 894 982 tentatio,

373 1003 433 1055 15
471 1005 575 1054 Pan
600 1019 922 1053 mnam-mu
953 1017 1246 1053 vmctunus
1273 1016 1367 1050 nsr

300 1091 580 1126 nranorus.
614 1103 675 1112 —
709 1075 812 1124 Sed
835 1074 962 1141 quia
993 1073 1243 1125 Christus
1271 1073 1369 1122 ad-

300 1145 409 1197 huc
438 1146 666 1196 habebat
686 1145 817 1211 quid
850 1144 1058 1206 faceret,
1086 1145 1212 1211 quia
1239 1143 1368 1193 boni

302 1228 457 1271 erant
482 1217 559 1267 ibi
580 1219 801 1284 ›graduS,
818 1233 911 1283 per
938 1233 1076 1284 quos
1097 1218 1163 1266 de
1185 1217 1372 1282 pinna-

303 1290 431 1342 culo
463 1291 782 1351 descendere
823 1300 1026 1355 poterat
1047 1329 1061 1350 ,
1109 1289 1229 1339 ideo
1265 1288 1373 1339 dia-

304 1361 430 1412 bolo
475 1360 552 1410 sic
609 1361 984 1426 respondebat.
1043 1360 1145 1410 Ubi
1184 1359 1373 1427 Chry·

303 1439 570 1484 sostomzes
616 1449 634 1482 .·
698 1453 721 1478 ιι
777 1432 929 1500 Nihil
979 1443 1177 1493 motus,
1232 1431 1370 1481 nihil

304 1502 632 1568 indignatus,
682 1503 775 1552 sed
819 1518 942 1552 cum
989 1503 1160 1554 multa
1196 1503 1379 1551 mode·

303 1574 406 1626 stia
457 1575 851 1641 Scripturarum
908 1574 955 1624 ei
1013 1589 1198 1625 rursus
1245 1589 1374 1623 voce

305 1646 609 1713 respondet,
641 1661 739 1695 nos
775 1645 965 1710 utique
996 1646 1213 1708 docens,
1245 1643 1374 1710 quia

304 1717 581 1768 diabolum
610 1733 703 1783 per
741 1718 1051 1783 patientiam
1095 1727 1257 1783 atque
1282 1727 1370 1767 to-

302 1788 601 1849 lerantiam,
634 1805 742 1840 non
773 1805 868 1855 per
896 1789 1066 1855 sig-na,
1102 1788 1366 1853 superari3

303 1858 553 1925 nihilque
597 1860 662 1910 ad
703 1859 1114 1910 ostentationem
1169 1857 1368 1917 nostri,

303 1939 468 1996 atque
490 1931 553 1980 ad
583 1946 819 1981 amorem
846 1930 1015 1980 facere
1030 1928 1327 1995 gloriando.
1341 1940 1383 1976 »Ξ

305 2000 372 2050 Et
399 1999 625 2050 iterum:
645 2001 876 2067 «Aspice
903 2011 1081 2051 autern
1097 1999 1379 2065 quomodo*

307 2085 420 2120 non
447 2071 691 2121 turbatus
726 2080 804 2121 est
842 2069 1134 2129 Dominus,
1163 2068 1277 2119 imo
1303 2069 1378 2119 de

306 2144 599 2210 Scripturis
655 2144 961 2194 humillime
1011 2158 1133 2193 cum
1177 2141 1370 2209 ‘miquo

303 2215 594 2284 disceptat,
644 2229 697 2269 et
747 2215 1095 2267 conformeris
1150 2214 1368 2267 Christo

306 2304 405 2353 pro
474 2304 649 2356 posse.
707 2288 868 2338 Novit
920 2288 1167 2338 diabolus
1222 2303 1386 2340 arma*

303 2361 525 2421 Christi,
557 2361 758 2428 quibus
791 2360 1092 2412 succubuit.
1126 2361 1201 2411 Ex
1227 2376 1371 2411 man-

302 2434 588 2486 suetudine
615 2449 740 2484 eum
771 2434 940 2500 cepit,
971 2449 1035 2483 ex
1063 2434 1370 2483 humilitate

299 2503 527 2566 devicit3
588 2513 648 2553 tu
697 2518 920 2569 quoque
982 2518 1105 2553 cum
1167 2502 1369 2554 videris

304 2577 584 2627 hominem
649 2576 894 2626 effectum
952 2577 1230 2628 diabolum
1250 2615 1264 2641 ,
1318 2586 1371 2627 et

306 2649 404 2700 tibi
431 2650 761 2713 obviantem,
797 2666 860 2701 eo
902 2651 1064 2701 modo
1099 2650 1368 2702 devincas,

302 2719 507 2770 Doceas
545 2719 783 2771 animam
825 2731 973 2771 tuam
1003 2719 1265 2780 formare,
1310 2735 1376 2778 os

304 2793 600 2844 concedens
647 2794 727 2844 ori
771 2793 994 2844 Christi.
1031 2792 1180 2843 Sicut
1219 2792 1371 2844 enirn

305 2880 429 2915 cum
467 2866 1015 2916 Romanus-forsitan
1050 2866 1248 2916 residet
1279 2866 1369 2931 ju-

305 2934 424 2995 dex,
452 2951 564 2985 non
595 2937 840 2987 exaudiet
867 2951 1187 3003 responsum
1209 2936 1373 3002 igno-

304 3007 475 3058 rantis
492 3024 554 3059 eo
578 3010 740 3059 modo
760 3010 926 3076 loqui,
953 3009 1028 3060 sic
1049 3020 1104 3060 et
1125 3010 1377 3064 Christus

305 3081 411 3133 nisi
437 3097 536 3134 suo
554 3082 715 3132 modo
738 3084 972 3149 loquaris
999 3100 1108 3134 non
1129 3082 1375 3134 exaudiet

306 3162 376 3213 te,
407 3168 504 3204 nec
531 3153 741 3203 vocabit
780 3164 830 3204 te
861 3172 874 3203 z
907 3174 935 3201 n
961 3155 1075 3206 haec
1107 3155 1374 3223 Chryses-

307 3230 498 3280 tomus.
536 3223 846 3274 Moraliter:
878 3226 1077 3275 Multos
1125 3225 1383 3278 diabolus

306 3295 477 3346 elevat
501 3295 558 3345 in
594 3295 763 3345 altum
782 3334 796 3355 ,
826 3305 887 3345 ut
919 3295 1127 3346 facilius
1151 3297 1221 3346 ad·
1246 3310 1372 3361 gra-

308 3365 511 3416 viorem
539 3365 715 3416 trahat
753 3381 963 3425 casum,
1006 3366 1144 3416 sicut
1184 3365 1372 3417 cornix

306 3454 504 3490 nucem
532 3440 699 3489 elevat
738 3449 801 3488 ut
834 3440 901 3489 ab
933 3441 1041 3489 alto
1074 3438 1371 3505 deficiendo

304 3509 544 3577 frangat3
575 3510 653 3561 sic
682 3520 735 3561 et
770 3510 919 3577 pugil
951 3510 1156 3561 socium
1186 3526 1219 3562 a
1234 3520 1372 3563 terra

300 3581 549 3635 sublevat
580 3593 643 3633 ut
669 3592 998 3647 prosternat,
1035 3582 1193 3632 multi
1220 3582 1368 3633 enirn

304 3655 576 3710 ducuntur
622 3655 680 3706 in
726 3656 895 3706 altum
931 3654 1283 3721 praelationis,
1317 3665 1385 3706 et,

304 3724 626 3789 dejiciuntur
655 3726 752 3787 ibi,
783 3726 879 3793 qui
909 3726 966 3778 in
994 3727 1135 3777 valle
1165 3726 1370 3792 simpli-

304 3796 381 3846 cis
409 3806 579 3848 status
607 3797 818 3849 fuerant
845 3798 1036 3851 securi.
1069 3800 1130 3849 In
1158 3798 1365 3850 monti-

307 3867 409 3917 bus
451 3870 597 3919 enim
635 3870 836 3921 Gelboe
874 3870 1176 3920 ceciderunt
1204 3868 1368 3921 fortes

306 3936 483 3988 Israel.
539 3940 722 4001 Unde,
767 3941 1061 3992 secundum
1096 3941 1366 4006 Augusti-

306 4022 447 4070 num,
479 4021 682 4074 quanto
714 4012 838 4077 quis
858 4012 914 4062 in
939 4012 1058 4062 Ioco
1078 4009 1363 4078 superiori,

944 384 1182 436 PRtuAE
1216 382 1472 434 PARTls
1496 381 1729 436 CAPUT
1761 382 1925 434 XXII.

1433 510 1620 557 ,tanto
1661 500 1718 550 in
1761 499 2000 566 periculo
2039 499 2227 564 majori
2274 509 2532 552 versatur.

1437 626 1438 629 Ἴ
1470 571 1552 630 Et,
1584 571 1878 621 seeundum
1908 570 2373 638 chrysostomum,
2388 585 2529 636 praeb

1469 645 1609 694 latos
1627 642 1894 694 subversit
1915 643 2101 706 elatio;
2135 643 2254 693 ideo
2284 644 2348 694 ad
2372 645 2531 694 talem

1436 730 1441 735 ·
1468 716 1655 766 locum⁴
1670 715 1939 765 Dominus
1962 731 2019 765 se
2046 714 2247 765 assumi
2269 715 2536 781 permisit,

1471 801 1569 837 nec
1596 795 1770 836 tamen
1801 785 1875 835 ibi
1908 785 2122 835 diabolo
2148 785 2438 849 consensit,
2473 795 2535 836 ut

1437 920 1442 925 Ι
1473 860 1527 909 in
1563 859 1759 910 talibus
1795 858 1929 910 locis
1972 859 2160 925 positi,
2193 859 2410 910 diabolo
2443 875 2533 910 re-

1439 934 1747 996 2sisterent3
1808 949 1970 998 supra
2016 933 2304 999 pinnacula
2345 933 2531 998 templi

1437 1007 1640 1061 ,etiam
1676 1007 1922 1057 diabolus
1981 1007 2262 1056 hominem
2316 1006 2505 1057 statuit

1473 1097 1583 1148 quo
1606 1096 1663 1131 se
1690 1080 1877 1130 ceteris
1905 1081 2184 1131 meliorem
2204 1079 2453 1142 aestimet,
2486 1089 2540 1130 et

1474 1166 1570 1216 per
1594 1150 1783 1202 falsam
1812 1150 2176 1202 humilitatem
2199 1150 2452 1201 deorsum
2480 1165 2541 1200 se

1474 1222 1668 1280 mittat,

1544 1291 1606 1343 16
1638 1295 1845 1344 Tanna
1873 1309 2135 1343 ‘ram-arro
2164 1293 2268 1343 Dm
2309 1309 2378 1343 nr:
2405 1308 2542 1342 Ava-

1475 1380 1641 1415 Rrrm.
1665 1394 1725 1406 -·
1746 1366 1824 1415 Ex
1879 1374 2010 1415 tunc
2048 1379 2204 1429 erg0‚
2247 1364 2545 1415 secundum

1441 1436 1841 1498 ⁴Ber-netrdum,
1895 1435 2023 1502 quia
2070 1435 2339 1485 Dominus
2394 1433 2535 1485 nihii

1475 1510 1710 1560 ostendit
1759 1509 2085 1568 divinitatiS,
2120 1508 2407 1559 arbitratus
2457 1507 2553 1557 ho-

1476 1581 1574 1631 stis
1589 1597 1713 1631 eum
1732 1596 1850 1632 esse
1869 1580 2167 1635 hominem,
2183 1578 2405 1629 tentavit
2423 1594 2550 1628 eum

1476 1651 1635 1702 tertio
1685 1661 1749 1701 ut
1789 1651 2091 1701 hominem.
2146 1649 2353 1700 Exinde
2400 1647 2548 1698 enim

1474 1738 1758 1774 assumens
1804 1738 1929 1773 eum
1952 1762 1966 1783 ,
2015 1720 2304 1788 reportavit
2337 1735 2454 1771 eum
2488 1718 2548 1769 in

1475 1800 1698 1844 montem
1744 1793 1903 1844 valde
1957 1793 2259 1853 excelsum,
2302 1790 2541 1842 secundo

1473 1863 1728 1915 milliario
1763 1879 1794 1914 a
1835 1865 2177 1923 Quarantena
2204 1877 2391 1913 versus
2427 1861 2538 1913 Ga-

1471 1935 1696 1999 lilaeam,
1734 1945 1795 1985 ut
1840 1935 2041 1985 scilicet
2080 1934 2229 1984 locus
2270 1943 2530 1999 congruat

1472 2006 1753 2057 tentationi
1784 2024 1798 2056 :
1828 2006 1969 2057 sicut
2007 2005 2156 2055 enim
2189 2005 2246 2055 in
2291 2004 2505 2055 deserto

1472 2078 1566 2130 ubi
1616 2088 1700 2130 est
1744 2078 1945 2130 esuries
1968 2117 1981 2139 ‚
2026 2077 2245 2129 tentavit
2291 2092 2414 2128 eum
2467 2075 2537 2128 de

1473 2152 1626 2217 gula;
1660 2166 1821 2219 supra
1845 2150 2214 2218 pinnaculum,
2243 2148 2339 2198 ubi
2364 2147 2546 2198 cathe-

1472 2225 1566 2275 dra
1602 2235 1683 2276 est
1726 2224 2006 2275 doctorum
2025 2262 2039 2287 ,
2082 2223 2148 2273 de
2174 2238 2311 2273 vana
2338 2221 2539 2288 gloria3

1470 2296 1547 2346 sic
1604 2296 1658 2345 in
1716 2305 1942 2354 monte‚.
1977 2294 2071 2344 ubi
2120 2293 2374 2344 videntur
2423 2292 2538 2342 haec

1473 2366 1788 2432 temporalia
1809 2404 1823 2429 ,
1872 2374 2044 2416 tentat
2093 2364 2159 2414 de
2192 2360 2431 2414 avaritia.
2461 2362 2545 2415 Et

1471 2437 1703 2488 ostendit
1730 2437 1780 2487 ei
1803 2436 1979 2487 omnia
2003 2434 2403 2501 regnamundi,
2423 2448 2535 2486 non

1473 2523 1534 2559 ea
1582 2523 1704 2573 quae
1749 2507 2015 2558 nesciebat
2061 2506 2380 2565 indicand0,
2422 2504 2536 2564 sed,

1473 2581 1768 2630 secundum
1798 2580 2273 2643 Chrrsostomum,
2305 2577 2518 2628 ostendi

1444 2663 1448 2722 J
1474 2651 1523 2701 ei
1549 2666 1608 2701 ac
1630 2650 1674 2702 si
1703 2650 1900 2718 aliquis
1926 2650 1981 2700 in
2003 2650 2125 2700 loco
2152 2649 2359 2700 excelso
2390 2647 2547 2713 posi-

1474 2733 1565 2772 tus
1586 2737 1806 2771 manum
1831 2721 2153 2781 extenderet,
2174 2719 2359 2770 dicens
2380 2736 2394 2770 ς
2417 2720 2554 2771 Ecce

1475 2809 1540 2843 ex
1576 2793 1667 2844 illa
1695 2802 1843 2859 parte
1886 2802 1967 2843 est
1995 2791 2205 2855 Africa,
2236 2807 2299 2841 ex
2327 2791 2419 2841 illa
2445 2790 2549 2841 Pa·-

1477 2866 1701 2925 laestina,
1732 2881 1796 2915 ex
1822 2865 1912 2915 illa
1943 2864 2165 2923 Graecia,
2194 2879 2259 2914 ex
2285 2863 2376 2913 illa
2396 2861 2546 2913 Italia

1476 2948 1528 2989 et
1557 2937 1886 3004 hujusmodi.
1918 2937 2044 3001 Vel,
2074 2935 2325 2997 ostendit,
2358 2934 2412 2984 id
2448 2943 2553 2993 est,

1478 3013 1726 3079 exposuit
1766 3022 1819 3062 et
1851 3012 2084 3062 narravit
2109 3010 2155 3061 ei
2186 3010 2241 3059 in
2272 3017 2555 3059 momento

1444 3112 1447 3118 v
1480 3097 1533 3137 et
1564 3086 1622 3137 in
1651 3086 1904 3136 brevibus
1927 3085 2112 3135 omnia
2142 3097 2304 3150 regna
2329 3081 2546 3141 mundi,

1479 3158 1533 3207 id
1568 3167 1666 3217 est,
1688 3156 1937 3207 omnium
1958 3169 2247 3221 regnorum
2268 3168 2543 3220 pompam,

1479 3237 1531 3277 et
1577 3227 1805 3293 gloriam
1864 3242 1928 3278 ac
1974 3224 2433 3291 magnitudinem,
2461 3224 2550 3275 vel

1482 3298 1669 3349 omnia
1715 3296 2156 3364 concupiscibilia
2202 3296 2260 3345 in
2306 3294 2515 3345 mundo
2532 3334 2546 3355 ,

1482 3368 1623 3419 sicut
1649 3377 1775 3418 sunt
1802 3367 2019 3426 divitiae,
2042 3366 2264 3424 deliciae,
2285 3376 2340 3416 et
2366 3366 2553 3416 hono-

1480 3450 1673 3500 reS,-ut
1700 3439 1853 3504 quasi
1877 3438 2116 3504 speciosa
2142 3447 2195 3488 et
2216 3435 2551 3487 delectabilia

1481 3512 1746 3571 suaderet,
1769 3520 1821 3561 et
1843 3512 1926 3561 vel
1950 3510 2027 3561 sic
2054 3526 2179 3560 eum
2200 3509 2549 3574 sibbsubjice-

1482 3595 1579 3636 ret.
1630 3586 1966 3636 Momentum
2013 3593 2093 3634 est
2156 3582 2361 3633 decima
2419 3597 2546 3647 pars

1480 3654 1684 3721 puncti,
1706 3655 1790 3705 vel
1809 3652 2213 3721 quadragesima
2232 3667 2354 3718 pars
2381 3651 2549 3710 horae,

1478 3735 1711 3792 punctus
1733 3724 1876 3776 enim
1907 3733 2096 3791 quarta
2122 3738 2246 3789 pars
2267 3722 2414 3773 horae
2435 3731 2548 3784 est;

1477 3813 1569 3863 per
1617 3797 1719 3847 hoc
1765 3812 1894 3863 ergo
1942 3793 2278 3861 significatur
2319 3792 2555 3844 brevitas

1473 3868 1556 3919 vel
1582 3867 1836 3919 transitus
1873 3867 2141 3917 bonorum
2168 3863 2550 3930 temporalium

1474 3939 1665 3991 mundi
1728 3940 1911 4005 hujus.
1975 3938 2127 3989 Unde
2180 3935 2502 3988 Ambrosius
2532 3947 2551 3980 ··

1477 4030 1503 4059 α
1524 4012 1666 4064 Bene
1692 4022 1870 4063 autem
1899 4010 1955 4061 in
1979 4018 2255 4060 momento
2286 4004 2550 4071 temporis
