2784 4452
677 373 771 423 DE
802 374 1388 431 DESPONSATmNE
1421 381 1684 435 MARxAE.
2308 408 2378 457 27

136 500 244 551 quae
299 486 361 536 in
414 489 618 553 templo
685 490 1028 543 constitutae‘
1059 492 1200 545 hanc

129 565 331 606 aetatem
389 556 738 623 implessent,
812 561 1041 613 domum
1109 580 1199 616 re·-

128 634 474 688 verterentur,
505 644 565 678 ac
597 630 805 695 nuptiis
851 647 1071 698 operam
1096 638 1198 689 da-

129 706 252 749 rent.
307 699 414 749 Cui
499 701 753 750 mandato
832 719 956 755 cum
1014 716 1199 758 ceterae

128 785 298 834 pronae
341 772 677 837 paruissent,
720 775 834 826 sola
858 776 1026 843 Virgo
1077 780 1197 831 Ma-

126 839 197 892 ria
228 841 335 892 hoc
389 857 450 892 se
492 842 662 892 facere
714 860 828 896 non
886 862 1044 913 posse
1104 865 1196 901 re-

125 912 351 975 spondit.
382 912 672 978 Siquidem
697 924 749 964 et
786 927 1033 981 parentes
1063 935 1192 970 suos

127 996 178 1033 se
234 983 375 1033 dixit
416 984 646 1034 Domini
720 987 938 1038 servitio
979 991 1193 1041 manci-

128 1067 295 1118 passe3
340 1065 396 1105 et
441 1055 669 1121 insuper
723 1058 958 1124 seipsam
995 1061 1195 1115 Domi-

128 1142 189 1177 no
236 1129 613 1194 virginitatem
668 1133 897 1185 vovisse.
946 1135 1197 1188 Pontifex

127 1198 275 1264 igitur
323 1201 384 1250 in
446 1203 700 1268 angustia
773 1204 1001 1269 positus,
1069 1223 1195 1257 cum

127 1285 285 1338 neque
323 1274 518 1323 contra
553 1274 886 1341 Scripturarn
934 1291 1054 1342 quae
1103 1278 1196 1328 di-

125 1342 189 1393 cii
210 1361 233 1393 z
266 1345 468 1396 Vovete
562 1353 616 1397 et
693 1348 937 1411 reddite,
1004 1359 1193 1402 votum

125 1414 528 1483 infringendum
571 1430 798 1483 putaret,
845 1436 1019 1488 neque
1068 1438 1193 1473 mo-

126 1504 226 1540 rem
280 1491 434 1556 genti
505 1493 784 1543 insuetum
856 1494 1197 1548 introducere

126 1561 328 1612 auderet
360 1601 377 1622 ,
433 1563 730 1613 concilium
796 1564 986 1616 habuit
1066 1583 1192 1619 cum

128 1633 453 1698 primoribus
497 1635 633 1701 quid
677 1647 817 1687 esset
851 1637 1188 1704 faciendum3

127 1708 487 1774 omnibusque
529 1710 587 1759 in
649 1712 929 1762 communi
991 1713 1192 1778 placuit

125 1780 411 1833 Dominum
457 1799 623 1849 super
664 1785 768 1835 hoc
819 1802 935 1837 esse
986 1803 1191 1838 consu-

126 1850 351 1904 lendum.
391 1853 461 1904 Et
503 1855 694 1906 ceteris
732 1857 954 1922 quidem
984 1858 1191 1909 oratio-

127 1924 177 1975 ni
236 1926 716 1989 incumbentibus,
801 1931 1048 1982 Pontifex
1123 1947 1189 1983 ex

126 2010 259 2047 more
297 1999 368 2047 ad
432 1999 831 2050 consulendum
885 2001 1187 2052 Dominum

125 2067 355 2118 accessit.
390 2069 503 2119 Nec
546 2085 715 2129 mora,
749 2081 811 2122 ·et
836 2071 1047 2122 cunctis
1084 2088 1187 2123 au-

126 2134 408 2198 dientibuS,
464 2139 531 2189 de
623 2140 985 2206 propitiatorii
1068 2141 1186 2193 loco

126 2221 212 2259 vau
247 2208 391 2259 facta
439 2219 548 2270 est,
594 2210 743 2262 Isaiae
798 2211 1054 2263 vaticinio
1094 2229 1186 2264 re-

129 2278 445 2342 quirendum
485 2295 619 2340 esse,
675 2282 761 2331 cui
818 2282 986 2349 Virgo
1028 2298 1185 2333 com-

125 2349 355 2400 mendari
390 2361 445 2401 et
477 2351 791 2416 desponsari
821 2349 1058 2413 deberet,
1088 2354 1184 2403 illo

126 2423 307 2475 scilicet
351 2442 366 2475 ε
406 2426 746 2491 Egredietur
792 2427 956 2494 virga
1010 2429 1076 2479 de
1100 2443 1187 2478 ra·

128 2492 226 2543 dice
248 2496 426 2556 Jesse,
468 2505 566 2545 etc.
614 2496 959 2562 Cunctosque
987 2498 1053 2548 de
1079 2497 1184 2548 do-

128 2578 204 2613 mo
242 2576 295 2615 et
341 2566 552 2616 familia
609 2567 777 2617 David
823 2568 1032 2633 nuptiis
1077 2568 1182 2619 ha-

126 2632 241 2685 biles
280 2652 393 2686 non
444 2637 778 2702 conjugatos,
816 2637 996 2704 virgas
1053 2654 1184 2690 suas

126 2703 179 2753 ad
216 2706 382 2755 altare
423 2706 585 2771 jussit
624 2706 832 2757 afferre.

175 2790 203 2823 2
233 2777 412 2826 Vch
448 2777 647 2827 JOSEPH
687 2793 934 2829 nomon.
963 2806 1025 2817 -
1058 2780 1186 2831 Erat

125 2858 282 2899 autem
357 2850 503 2900 inter
576 2859 778 2901 ceteros
848 2851 1016 2901 homo
1076 2869 1183 2903 no-

127 2920 254 2971 mine
322 2923 549 2987 joseph,
622 2922 718 2988 qui
784 2938 909 2973 cum
973 2924 1183 2990 virgam

124 3006 256 3043 sunm
299 2995 595 3054 attulisset,
637 3004 690 3044 et
732 2994 849 3059 ipsa
887 2994 1033 3045 illico
1074 2995 1183 3046 fio-

126 3075 219 3111 rem
274 3064 668 3129 germinasset,
728 3075 891 3130 atque
943 3064 1002 3114 in
1067 3065 1184 3130 ejus

124 3137 380 3187 cacumine
444 3139 696 3188 columba
759 3139 826 3188 de
883 3140 1019 3190 coelo
1086 3154 1186 3189 ve-

124 3204 257 3257 niens
297 3209 650 3267 consedisset,
679 3208 890 3275 liquido
924 3208 1184 3259 omnibus

123 3278 270 3338 pauit
298 3278 407 3344 ipsi
437 3278 720 3345 Virginem
748 3280 1182 3345 desponsandam

125 3343 232 3396 fore.
273 3348 435 3399 Unde
486 3348 545 3398 in
592 3348 758 3400 ,libris
814 3350 1181 3401 Numerorum

121 3414 314 3483 legitur,
361 3418 510 3484 quod
555 3419 768 3485 Moy-ses
824 3420 1023 3471 invenit
1059 3421 1181 3472 vir-

119 3501 236 3551 gam
292 3491 489 3540 Aaron
540 3490 895 3554 germinasse,
951 3497 1004 3541 et
1055 3498 1180 3541 tur-

118 3560 352 3623 gentibus
393 3560 643 3626 gemmiS‚
688 3560 865 3626 flores
911 3562 1174 3628 erupisse,

119 3630 199 3694 qui
220 3631 387 3695 foliis
427 3630 677 3680 dilatatis
728 3631 781 3680 in
832 3632 1177 3699 amygdalas

122 3700 396 3765 deformati
435 3707 577 3750 sunt.
622 3701 721 3750 Per
754 3701 912 3751 istam
944 3701 1177 3768 intelligi

123 3781 278 3833 potest
318 3773 474 3822 beata
494 3770 680 3836 Virg0,
716 3785 836 3837 quae
866 3771 1037 3821 instar
1062 3772 1179 3822 vir-

125 3854 189 3904 gae
230 3842 338 3892 fluit
381 3840 598 3907 gracilis
652 3855 746 3905 per
788 3851 1177 3906 paupertatem,

126 3920 168 3959 et
207 3910 464 3962 flexibilis
528 3925 623 3975 per
677 3910 1062 3970 humilitatem,
1125 3921 1178 3961 et

128 3992 248 4033 recta
284 3998 379 4048 per
432 3980 793 4032 intentionem
832 3991 887 4033 et
938 3980 1178 4034 charita-

1306 506 1435 549 tem.
1478 499 1592 549 Ista
1625 501 1792 567 Virgo
1833 503 2051 555 inventa
2100 517 2181 557 est
2219 524 2382 574 gem-

1305 569 1410 618 mis
1464 571 1830 635 turgentibus,
1887 577 2105 640 quando
2171 579 2376 632 Filium

1303 637 1401 687 Dei
1444 637 1503 688 in
1546 649 1701 690 utero
1743 657 1844 692 suo
1883 645 2142 710 concepit,
2175 662 2239 697 ex
2268 665 2378 716 qua

1303 705 1464 757 flores
1503 707 1761 760 fructiferi
1801 723 2112 777 eruperunt,
2151 718 2371 779 quando

1302 779 1402 829 Dei
1443 780 1633 841 Filius,
1677 781 1794 847 ipsa
1836 795 2088 835 manente
2140 787 2378 853 virgine,

1303 859 1464 901 natus
1515 850 1636 903 fuit.
1696 853 1836 904 Nam
1904 855 2044 906 sicut
2098 856 2198 907 flos
2261 874 2373 909 non

1302 921 1466 972 violat
1507 923 1774 985 arborem,
1809 927 1903 977 sed
1932 938 2117 992 ornat;
2167 929 2246 979 sic
2272 930 2372 981 Dei

1302 992 1477 1044 Filius
1526 1010 1640 1044 non
1682 995 1902 1048 violavit
1945 1000 2247 1065 Virginem,
2275 1001 2372 1052 sed

1302 1066 1477 1132 magis
1521 1066 1681 1117 donis
1721 1079 1775 1118 et
1827 1070 2016 1135 gratiis
2072 1072 2374 1125 adornavit.

1302 1136 1430 1185 Haec
1482 1146 1563 1186 est
1637 1137 1787 1203 virga
1856 1156 2004 1205 quae,
2072 1143 2376 1195 secundum

1302 1206 1767 1274 Chrysostomum,
1802 1210 1862 1260 in
1889 1213 2234 1265 tabernaculo
2285 1223 2376 1264 te-

1300 1277 1547 1328 stimonii
1588 1279 1780 1345 posita,
1823 1281 1941 1331 sine
1983 1283 2214 1335 humore
2258 1294 2380 1335 ter-

1299 1363 1372 1398 rae
1407 1346 1643 1399 fructum
1672 1350 1826 1401 nucis
1855 1353 2207 1417 germinavit;
2241 1355 2373 1421 quia

1300 1418 1422 1469 sine
1470 1419 1573 1470 viri
1629 1421 1838 1471 semine
1899 1424 2102 1474 Filium
2175 1425 2365 1484 edidit,

1298 1489 1395 1554 qui
1437 1498 1695 1555 tanquam
1738 1507 1852 1541 nux
1890 1492 2042 1557 ligno
2099 1494 2374 1559 passionis

1297 1560 1539 1611 adhaesit.
1587 1562 1653 1611 Et
1696 1563 1857 1624 bene,
1903 1579 2047 1614 nunc
2074 1565 2192 1625 flos,
2224 1582 2372 1618 nunc

1297 1629 1504 1680 fructus
1553 1631 1750 1683 dicitnr
1796 1651 1810 1683 z
1853 1634 1998 1700 quia,
2069 1637 2372 1689 secundum

1295 1701 1669 1764 Ambrosium,
1723 1704 1886 1753 veluti
1956 1703 2084 1754 boni
2155 1706 2366 1758 arboris

1294 1769 1501 1822 fructus
1572 1789 1669 1839 pro
1721 1786 1916 1826 nostrae
1962 1777 2179 1828 virtutis
2233 1794 2372 1844 pro-

1294 1859 1465 1905 cessu,
1522 1862 1668 1896 nunc
1703 1846 1874 1909 floret,
1933 1865 2080 1899 nunc
2132 1849 2368 1901 fructifi-

1293 1928 1377 1968 cat
1419 1918 1479 1968 in
1521 1919 1710 1983 nobis;
1760 1936 1906 1971 nunc
1948 1921 2186 1974 rediviva
2241 1937 2367 1974 cor-

1292 1989 1439 2054 poris
1480 1992 1868 2043 resurrectione
1910 2003 2201 2058 reparatur.
2244 1994 2378 2046 Ideo

1290 2061 1456 2113 etiam
1498 2062 1629 2112 alibi
1676 2063 1795 2124 flos,
1846 2064 1976 2114 alibi
2035 2064 2241 2116 fructus
2274 2066 2367 2118 di-

1290 2132 1432 2182 citur
1460 2150 1474 2183 :
1505 2133 1634 2199 quia
1653 2133 1712 2184 in
1732 2135 2016 2201 utriusque
2036 2137 2364 2188 Testamen-

1288 2203 1331 2253 ti
1375 2203 1589 2270 paginis
1643 2203 1716 2256 ita
1759 2206 2102 2271 praedicatur‚
2162 2206 2262 2257 flos
2305 2206 2368 2257 in.

1288 2276 1483 2337 littera,
1531 2276 1738 2328 fructus
1787 2279 1847 2329 in
1889 2278 2111 2343 spiritu3
2160 2278 2262 2329 flos
2304 2279 2370 2330 in

1290 2350 1450 2415 Lege,
1480 2348 1685 2400 fructus
1714 2350 1774 2400 in
1808 2351 1976 2416 gratia
2004 2360 2057 2400 et
2105 2350 2366 2414 veritate·,

1288 2420 1392 2470 flos
1443 2420 1501 2470 in
1548 2419 1715 2486 priori
1751 2421 2114 2480 tabernacu10,
2157 2420 2370 2472 fructus

1289 2489 1349 2540 in
1401 2490 1666 2553 secundo;
1723 2490 1826 2541 flos
1883 2491 1940 2541 in
1989 2491 2368 2543 observatione

1289 2562 1587 2612 carnalium
1617 2562 2000 2613 sacrificiorum
2019 2602 2032 2622 ,
2077 2563 2283 2614 fructus
2301 2563 2362 2614 in

1288 2632 1560 2699 spirituali
1585 2633 1940 2700 intelligentia
1959 2635 2369 2700 mysteriorum.

1289 2704 1440 2754 Sicut
1478 2704 1627 2755 enim
1670 2705 1728 2755 in
1775 2707 1906 2756 flore
1957 2706 2164 2757 fructus
2220 2721 2368 2772 prae—

1291 2775 1591 2836 nuntiatur,
1647 2776 1726 2827 sic
1767 2777 1826 2826 in
1869 2777 1980 2827 illis
2037 2777 2368 2829 ceremoniis

1289 2846 1543 2897 Christus
1601 2857 1858 2899 venturus
1933 2847 2354 2914 significabatur.

1292 2916 1440 2968 Patet
1464 2917 1646 2983 itaque
1673 2919 1820 2983 quod
1863 2919 2113 2970 Christus
2140 2918 2242 2969 flos
2266 2919 2358 2971 di-

1288 2985 1430 3037 citur
1469 2986 1527 3037 in
1574 2988 1884 3054 prophetica
1925 2990 2133 3039 Veteris
2165 2990 2359 3041 Testa-

1288 3058 1459 3107 menti
1503 3058 1880 3123 promissione,
1927 3060 2022 3126 qui
2061 3070 2114 3110 et
2153 3060 2364 3111 fructus

1287 3137 1506 3178 vocatur
1550 3128 1608 3179 in
1662 3129 1801 3179 Novi
1849 3130 2183 3181 Testamenti
2231 3146 2362 3197 grae-

1285 3197 1379 3247 tiae
1414 3197 1753 3263 perfectione.
1812 3200 1916 3251 Sed
1967 3201 2106 3251 sicut
2151 3200 2358 3252 fructus

1288 3284 1401 3318 non
1440 3280 1675 3334 apparet,
1713 3270 1918 3320 virente
1945 3270 2105 3334 flore3
2140 3271 2214 3322 ita
2262 3286 2360 3322 nec

1262 3339 1492 3390 ⁸Christi
1533 3340 1728 3391 veritas
1775 3342 1965 3407 patuit,
2009 3342 2207 3393 carnali
2250 3342 2356 3392 ob-

1285 3411 1585 3462 servatione
1626 3421 1905 3474 manente3
1950 3422 2219 3463 arescente
2259 3425 2355 3461 ve-

1285 3497 1348 3531 ro
1411 3482 1575 3545 flore,
1642 3482 1847 3534 fructus
1905 3482 2118 3533 videtur
2164 3499 2178 3532 z
2227 3480 2367 3547 quia

1284 3555 1561 3608 decidente
1602 3557 1757 3622 Lege,
1813 3556 2003 3623 gratia
2056 3563 2107 3608 et
2154 3555 2355 3607 veritas

1274 3642 1380 3693 per
1433 3628 1620 3678 Jesum
1673 3628 1948 3679 Christum
1976 3627 2140 3692 sacta
2198 3636 2354 3676 tene-

1284 3710 1390 3751 tur.
2019 3731 2022 3734 >

1346 3769 1375 3820 3
1411 3771 1778 3821 Desponsam
1830 3771 2043 3820 Manus.
2089 3796 2149 3806 —
2175 3768 2344 3835 Virgo

1282 3841 1453 3907 igitur
1479 3842 1701 3892 Domini
1731 3858 1855 3892 cum
1894 3841 2221 3907 quibusdam
2247 3840 2362 3890 vir·

1281 3912 1505 3976 ginibus
1542 3911 1881 3962 collactaneis
1923 3910 2055 3970 suiS,
2104 3927 2239 3977 quas
2277 3911 2349 3961 ob

1283 3983 1528 4033 miraculi
1541 3983 1928 4042 ostensionem,
1943 3991 1995 4032 et
2013 3983 2238 4047 pudoris
2257 3981 2346 4032 sui
