2784 4452
347 381 450 430 422

343 485 571 552 quidem
601 483 889 535 satisfactio
918 482 979 533 fit
1005 497 1103 549 per
1136 481 1257 541 tria,
1280 479 1423 530 scili-

354 565 434 606 cet
476 574 489 606 :
532 572 626 622 per
654 555 979 619 orationem,
1042 552 1324 619 jejunium,
1366 560 1422 601 et

351 627 760 693 eleemosynam.

409 714 446 763 4
476 700 665 750 Montis
701 714 1030 750 smmi-mus
1066 712 1182 755 Quo
1222 710 1419 746 racca-

351 784 520 820 ronas
551 786 991 820 Rasuscxrmrun.
1011 797 1071 807 —
1092 768 1195 818 Sed
1226 767 1421 817 modus

353 840 453 891 iste
512 841 931 891 resuscitationis
992 839 1231 903 tangitur
1295 852 1420 887 cum

351 906 550 960 dicitur
581 927 594 960 ε
618 911 859 961 Accessit
881 916 934 960 et
965 910 1145 975 tetigit
1170 907 1418 959 loculum.

352 983 436 1032 Ad
480 993 753 1033 mortuum
803 982 1149 1049 spiritualiter
1184 982 1422 1031 Salvator

353 1053 569 1117 accedit,
616 1063 670 1103 et
700 1052 1110 1118 appropinquat,
1151 1067 1277 1102 cum
1318 1050 1421 1100 ali—

352 1138 516 1188 quam
567 1123 790 1188 gratiam
847 1123 1280 1188 praevenientem,
1336 1121 1421 1171 vel

354 1197 679 1247 desiderium
731 1197 958 1262 propriae
1000 1196 1185 1247 salutis
1227 1195 1275 1245 ei
1315 1195 1420 1244 do-

357 1277 464 1317 nat.
510 1266 772 1317 Loculum
813 1267 1000 1333 tangit,
1039 1267 1250 1332 quando
1288 1280 1421 1314 con-

347 1339 627 1388 scientiam
667 1350 720 1389 et
761 1355 852 1389 cor
896 1342 1093 1390 durum
1131 1337 1422 1404 peccatoris

351 1408 417 1457 ad
447 1409 814 1473 poenitentiam
841 1410 1068 1470 emollit,
1097 1420 1149 1460 et
1175 1417 1422 1475 peccato-

353 1494 467 1529 rem
517 1481 583 1530 ad
633 1481 717 1531 sui
768 1482 1133 1547 cognitionem
1194 1480 1420 1539 reducit,

350 1560 404 1601 et
432 1560 561 1602 tunc
598 1563 845 1603 mortuus
876 1568 907 1603 a
932 1562 1141 1619 peccato
1170 1552 1420 1616 resurgit.

354 1623 423 1672 Et
446 1624 729 1674 sciendum
757 1626 903 1691 quod
935 1625 1170 1690 Spiritus
1198 1625 1423 1674 Sanctus

352 1705 632 1758 peccatum
677 1711 771 1760 per
808 1706 1037 1746 mortem
1073 1694 1246 1745 voluit
1275 1694 1423 1744 desi-

353 1766 532 1831 gnari,
589 1766 653 1816 ad
718 1768 1108 1818 ostendendum
1161 1777 1422 1833 quantum

351 1848 625 1902 peccatum
668 1839 739 1889 sit
778 1838 1114 1906 fugiendum,
1158 1848 1210 1889 et
1243 1855 1424 1905 quan-

352 1919 471 1957 tum
508 1910 575 1959 de
622 1925 686 1959 eo
722 1910 795 1961 sit
842 1911 1155 1970 dolendum,
1204 1912 1422 1976 quando

353 1987 434 2028 est
462 1981 836 2031 commissum.
881 1982 1157 2031 Peccatum
1203 1980 1423 2048 fugien-

352 2051 484 2101 dum
507 2063 589 2103 est
615 2064 675 2103 ut
696 2069 859 2112 mors,
886 2063 940 2103 et
959 2053 1025 2103 de
1044 2069 1106 2103 eo
1130 2053 1420 2103 dolendum

352 2130 433 2171 est
477 2131 734 2189 tanquam
780 2125 846 2173 de
887 2134 1077 2183 morte,
1124 2123 1203 2173 sic
1242 2123 1422 2173 dolere

351 2192 508 2243 debet
533 2193 627 2260 qui
658 2193 891 2245 amicum
927 2210 1088 2245 suum
1115 2194 1172 2244 in
1205 2203 1420 2260 peccato

352 2267 563 2316 mortali
609 2267 771 2329 videt,
812 2284 871 2318 ac
915 2268 960 2317 si
989 2284 1114 2318 eum
1144 2276 1419 2317 mortuum

349 2335 574 2399 videret3
606 2338 717 2387 imo
742 2338 902 2388 etiam
928 2353 1052 2388 eum
1081 2339 1203 2403 plus
1238 2338 1420 2387 dolere

350 2407 525 2458 debet.
568 2408 639 2458 Et
683 2409 811 2475 quia
850 2410 987 2460 sicut
1026 2419 1272 2459 mortuus
1319 2408 1420 2458 iste

349 2477 542 2543 figurat
568 2490 913 2544 peccatorem,
947 2480 1024 2530 sic
1049 2481 1164 2545 ejus
1189 2480 1418 2530 suscita—

349 2550 429 2599 tio
452 2548 644 2616 figurat
675 2552 961 2617 peccatoris
989 2553 1414 2615 conversionem3

351 2619 472 2669 ideo
522 2620 659 2672 sicut
706 2623 940 2673 multum
990 2623 1292 2673 timendum
1340 2632 1419 2672 est

348 2700 645 2753 peccatum,
675 2702 728 2742 et
763 2694 998 2743 multum
1026 2693 1322 2743 dolendum
1351 2694 1420 2743 de

350 2776 414 2811 eo
457 2764 765 2824 commiss0,
815 2766 892 2815 sic
936 2766 1170 2815 multum
1222 2766 1423 2816 deside-

351 2835 512 2885 randa
556 2847 635 2886 est
679 2838 968 2902 peccatoris
1014 2838 1309 2902 conversi0,
1369 2849 1422 2890 et

350 2905 582 2955 multum
626 2909 964 2973 gaudendum
1016 2911 1082 2961 de
1141 2909 1255 2975 ipsa
1313 2911 1420 2976 jam

351 2975 501 3026 facta.
530 2977 764 3028 Obsecra
791 2995 935 3045 ergo,
966 2996 998 3029 o
1028 2990 1290 3045 peccator,
1319 2981 1422 3030 Do-

349 3047 560 3098 minum
588 3058 649 3099 ut
672 3052 949 3101 resuscitet
972 3061 1025 3102 te
1052 3067 1083 3102 a
1112 3062 1285 3101 morte
1307 3068 1425 3117 pec-

351 3118 471 3178 cati,
499 3129 552 3169 et
578 3120 821 3171 restituat
855 3132 910 3171 te
947 3132 1142 3173 sanctae
1172 3122 1421 3173 Ecclesiae

351 3203 482 3252 suae,
512 3190 570 3240 in
599 3191 810 3241 laudem
841 3202 893 3242 et
927 3194 1155 3259 gloriam
1183 3193 1422 3243 nominis

350 3260 455 3311 sui.
503 3261 592 3322 Et,
635 3273 696 3313 ut
756 3263 830 3313 ait
878 3264 1196 3314 Ambrosius
1232 3281 1251 3314 .-
1284 3281 1313 3310 «
1362 3264 1419 3314 Si

349 3345 506 3395 grave
539 3344 815 3398 peccatum
851 3344 934 3384 est
972 3334 1118 3399 quod
1150 3334 1421 3399 poeniten-

349 3400 440 3451 tiae
486 3411 591 3452 tuae
635 3403 886 3469 lacrymis
936 3402 1049 3469 ipse
1091 3404 1265 3454 lavare
1310 3420 1420 3454 non

349 3472 544 3536 possis,
589 3474 680 3524 flet
723 3490 821 3540 pro
862 3484 914 3524 te
954 3484 1124 3524 mater
1162 3473 1418 3539 Ecclesia,

349 3556 471 3606 quae
498 3558 597 3608 pro
626 3544 859 3611 singulis
882 3555 1138 3609 tanquam
1161 3560 1260 3610 pro
1284 3545 1421 3595 uni-

347 3612 426 3663 cis
483 3611 610 3663 filiis
660 3616 820 3665 vidua
880 3624 1052 3665 mater
1109 3616 1418 3676 intervenit,

347 3686 670 3751 compatitur
698 3687 936 3752 quodam
963 3687 1125 3736 modo
1152 3687 1421 3752 spirituali

349 3757 531 3808 dolere
572 3767 791 3818 naturae,
846 3773 970 3807 cum
1034 3773 1164 3808 suos
1222 3757 1422 3808 liberos

350 3826 601 3878 letalibus
654 3828 806 3879 vitiis
858 3829 924 3877 ad
975 3839 1206 3879 mortem
1257 3829 1424 3878 cernit

352 3898 548 3962 urgeri.
581 3898 795 3949 Viscera
831 3900 980 3949 enim
1004 3915 1194 3950 sumus
1228 3900 1298 3949 de
1331 3899 1422 3949 vi—

351 3966 587 4016 sceribus
601 3968 733 4031 ejus.
753 3986 782 4015 n
805 3968 959 4018 Unde
975 3979 1031 4020 et
1054 3969 1423 4035 Augustinus.-

950 363 1189 416 PRIMAE
1229 359 1477 413 PARTIS
1509 360 1746 412 CAPUT
1772 358 1958 412 XLIV.
2030 366 2041 383 '

1526 496 1555 525 α
1581 479 1661 529 De
1707 479 1901 544 iuvene
1925 477 2021 528 illo
2066 476 2379 528 resuscitato
2418 475 2599 541 gavisa

1526 562 1608 602 est
1645 562 1814 604 mater
1858 551 2051 615 vidua3
2096 551 2163 601 de
2196 549 2514 601 hominibus
2539 549 2601 600 in

1526 623 1722 689 spiritu
1770 622 2017 690 quotidie
2076 621 2348 672 suscitatis
2403 621 2601 687 gaudet

1526 705 1697 745 mater
1732 693 1989 746 Ecclesia.
2044 694 2136 744 Ille
2181 693 2401 759 quidem
2444 707 2600 743 mor-

1524 779 1653 819 tuus
1733 779 1845 820 erat
1917 782 2172 834 corpore,
2247 766 2328 817 illi
2414 777 2600 817 autem

1525 850 1723 890 mente.
1751 859 1781 887 ι)

1589 909 1619 960 5
1655 912 1917 961 Moaruos
1958 925 2091 960 raas
2134 924 2442 960 suscrravn·
2481 909 2600 960 Do-

1526 996 1707 1042 immS,
1743 997 1812 1031 ετ
1846 997 1974 1040 Qum
2020 997 2123 1031 Pan
2160 996 2264 1031 noc
2309 994 2600 1031 διε-,κηπε-

1527 1052 1672 1102 rua?
1729 1079 1791 1090 —-·
1849 1050 2126 1102 Moraliter
2188 1062 2296 1100 tres
2354 1061 2605 1102 mortuos

1528 1122 1780 1173 Christus
1848 1121 2123 1172 suscitavit
2162 1139 2176 1172 z
2238 1123 2473 1188 puellam
2539 1123 2601 1172 in

1527 1196 1690 1244 domo
1722 1195 1975 1254 clausam,
2009 1194 2063 1243 id
2094 1203 2173 1244 est
2197 1205 2479 1244 mortuum
2508 1209 2607 1259 per

1527 1283 1849 1318 consensum
1881 1267 2246 1317 delectationis
2295 1282 2488 1333 pravae,
2541 1268 2601 1317 in

1525 1339 1845 1405 cogitatione
1871 1353 1967 1388 seu
2001 1338 2274 1388 voluntate
2310 1338 2486 1388 adhuc
2514 1348 2600 1388 te-

1527 1420 1700 1472 ctum3
1751 1410 2001 1474 juvenem
2050 1408 2109 1458 in
2168 1419 2338 1474 porta,
2383 1408 2440 1458 id
2497 1418 2600 1469 est,

1528 1491 1805 1530 mortuum
1881 1495 1975 1546 per
2030 1489 2208 1530 actum
2276 1478 2484 1546 peccati
2539 1480 2599 1530 in

1527 1553 1708 1615 verbo,
1762 1561 1915 1610 nutu,
1965 1552 2045 1601 vel
2095 1565 2281 1616 opere;
2337 1551 2598 1602 Lamrum

1529 1623 1584 1671 in
1612 1622 1918 1688 sepulchm,
1969 1622 2024 1670 id
2068 1632 2149 1671 est
2187 1632 2465 1672 mortuum
2512 1623 2596 1673 la-

1526 1693 1668 1758 pide,
1697 1693 1840 1742 mole
1868 1692 2067 1742 scilicet
2102 1708 2274 1758 pravae
2302 1704 2600 1745 consuetu-

1527 1764 1674 1814 dinis
1695 1762 1945 1830 peccandi
1973 1780 2239 1828 pressum,
2270 1765 2412 1814 male
2438 1765 2601 1816 olen-

1526 1841 1654 1896 tem,
1699 1843 1751 1883 et
1788 1833 1922 1882 alios
1966 1833 2107 1882 fama
2146 1844 2598 1899 corrumpentem.

1526 1905 1735 1955 Omnes
1769 1905 1902 1955 istos
1939 1906 2163 1956 suscitat
2205 1917 2258 1957 et
2298 1917 2449 1957 sanat
2481 1908 2601 1958 Do-

1526 1976 1726 2036 minuS,
1761 1991 1884 2026 cum
1931 1977 1994 2026 ad
2025 1976 2205 2042 ipsum
2244 1978 2469 2027 redeunt
2499 1993 2602 2028 ve—

1526 2047 1716 2097 raciter
1753 2047 2080 2112 poenitendo,
2136 2058 2187 2096 et
2234 2058 2383 2099 tanto
2424 2049 2603 2100 levius

1524 2118 1871 2168 resuscitatur
1924 2118 2158 2183 quisque
2202 2134 2299 2184 per
2351 2120 2600 2186 gratiam,

1525 2189 1915 2258 quantominus
1977 2189 2326 2241 mortificatus
2370 2201 2451 2241 est
2500 2206 2601 2258 per

1525 2263 1753 2327 culpam.
1823 2262 1978 2312 Unde
2037 2261 2306 2312 Dominus
2354 2264 2598 2329 puellam

1524 2350 1704 2400 coram
1768 2334 1950 2400 paucis
2015 2334 2083 2384 de
2136 2334 2276 2384 facili
2339 2337 2597 2398 suscitat,

1525 2407 1716 2472 puellae
1770 2406 1957 2456 dicens
1993 2421 2012 2455 τ
2060 2407 2249 2472 Surge
2258 2423 2280 2469 5
2347 2408 2601 2471 juvenem

1522 2493 1701 2527 coram
1731 2477 1996 2543 pluribuS,
2027 2488 2081 2528 et
2112 2480 2270 2545 quasi
2299 2479 2598 2543 difficilius,

1523 2557 1744 2613 tangens
1785 2546 2058 2608 feretrum,
2097 2559 2151 2597 et
2176 2548 2400 2599 dicens:
2445 2552 2605 2603 Ado-

1524 2619 1745 2680 lescens,
1790 2619 1885 2669 tibi
1920 2620 2057 2680 dico,
2097 2633 2266 2685 surge
2276 2636 2297 2681 ;
2336 2621 2604 2672 Lazarum

1524 2690 1865 2754 difficillime,
1925 2691 2054 2757 quia
2118 2707 2246 2741 cum
2307 2693 2602 2760 lacrymis,

1524 2778 1666 2821 curn,
1716 2761 1963 2821 fremitu,
2018 2777 2144 2811 cum
2200 2764 2286 2813 sui
2329 2765 2610 2829 perturba-

1523 2833 1685 2892 tione,
1742 2849 1872 2883 cum
1917 2848 2111 2898 magna
2161 2849 2306 2893 voce,
2367 2835 2559 2885 dicens
2588 2852 2604 2885 ε

1526 2906 1756 2971 ΙΔζανε,
1798 2904 1918 2956 veni
1941 2905 2123 2969 foras,
2172 2914 2227 2956 et
2267 2907 2423 2972 quasi
2472 2923 2606 2958 cum

1527 2976 1727 3027 auxilio
1767 2987 1823 3027 et
1872 2976 2183 3027 testimonio
2228 2978 2606 3043 praesentium,

1526 3048 1744 3099 dicens:
1771 3048 1990 3111 Solvite,
2017 3054 2068 3097 et
2093 3050 2253 3099 siriite
2274 3050 2444 3100 abire.
2480 3051 2609 3101 Non

1527 3118 1672 3183 quod
1702 3116 1936 3167 Domino
1965 3128 2073 3168 tam
2109 3118 2278 3169 facilis
2299 3135 2408 3169 non
2436 3118 2612 3171 fuerit

1527 3189 1862 3240 resuscitatio
1922 3180 2101 3240 Lazari
2177 3192 2318 3241 sicut
2375 3192 2608 3258 puellae,

1526 3275 1669 3320 curn,
1708 3269 1769 3310 ut
1799 3260 1877 3310 ait
1904 3261 2259 3327 Augustinus,
2286 3278 2446 3311 nemo
2490 3272 2610 3312 tam

1526 3330 1681 3381 facile
1721 3332 1911 3382 excitat
1948 3331 2003 3381 in
2046 3333 2200 3392 lecto,
2231 3349 2395 3399 quam
2438 3333 2611 3385 Chri.-

1525 3412 1642 3452 stus
1670 3402 1725 3452 in
1752 3404 2067 3468 sepulchro3
2096 3405 2187 3455 sed
2220 3404 2439 3455 Domini
2466 3405 2610 3457 facta

1522 3472 1750 3523 aliarum
1771 3490 1951 3524 rerum
1975 3486 2105 3526 sunt
2124 3478 2388 3542 exempla.
2412 3476 2611 3543 Longa

1524 3544 1671 3594 enim
1720 3547 2102 3598 consuetudine
2138 3563 2367 3612 pressuS,
2404 3549 2500 3599 vix
2548 3560 2609 3599 et

1527 3614 1681 3680 quasi
1726 3630 1853 3664 cum
1887 3617 2067 3668 labore
2119 3618 2426 3670 suscitatur.
2469 3619 2607 3678 Qui,

1526 3694 1587 3735 ut
1612 3684 1915 3746 suscitetur,
1949 3688 2242 3739 Dominum
2268 3689 2411 3755 cogit
2435 3690 2609 3756 lacry-

1528 3759 1664 3809 mari
1693 3768 1745 3809 et
1769 3760 1988 3825 ejulare3
2018 3774 2071 3813 et
2102 3763 2243 3824 ide0‚
2280 3764 2404 3814 licet
2434 3778 2610 3814 omne

1530 3838 1818 3894 peccatum,
1856 3832 2092 3883 maxime
2125 3845 2304 3885 tamen
2336 3833 2605 3899 peccandi

1528 3900 1976 3951 consuetudinem
2056 3904 2242 3970 fugere
2307 3904 2571 3955 debemus
2589 3942 2607 3962 ,

1527 3968 1656 4035 quia
1688 3969 1804 4021 haec
1833 3983 2051 4025 sanatur
2095 3974 2388 4026 difficilius»
2437 3973 2607 4026 Unde
