2784 4452
254 320 322 370 70
911 306 1152 359 PRIMAE
1188 308 1438 360 PARTIS
1469 308 1706 361 CAPUT
1733 309 1848 360 vn.

251 420 318 471 de
345 418 502 470 nobis
521 418 728 470 minora
746 419 1016 485 dicamus;
1046 423 1151 473 hoc
1168 422 1313 473 enim

252 490 416 542 modo
450 491 760 556 maximam,
790 502 843 543 et
868 494 1010 559 apud
1051 494 1247 559 Deum,
1263 505 1316 545 et

250 578 432 614 coram
477 562 793 615 hominibus
841 564 1068 631 gloriam
1123 581 1315 617 conse-

250 633 506 700 quimur3
554 650 651 685 nec
692 636 871 686 solum
907 636 1135 702 gloriam
1173 637 1314 703 apud

250 706 458 768 Deum,
489 706 582 756 sed
619 707 782 756 etiarn
812 709 1117 759 mercedem
1153 709 1315 759 retri-

253 775 643 844 butionemque
665 778 1052 844 plenissimam.
1092 779 1317 839 Quando

253 848 397 899 enim
432 849 613 915 aliqua
647 859 829 900 sancta
863 849 1178 915 fecerimus,
1216 851 1318 901 ha-

255 919 444 970 bemus
504 920 694 986 procul
755 920 924 972 dubio
979 921 1310 986 debitorem;

250 991 464 1057 quando
500 1006 628 1041 vero
669 990 810 1042 nihil
854 1008 956 1043 nos
995 993 1322 1045 arbitramur

251 1071 525 1126 operatos,
556 1062 788 1127 amplius
814 1064 881 1113 de
914 1064 1008 1114 tali
1043 1080 1320 1116 meremur

251 1131 468 1193 affectu,
519 1148 684 1198 quam
735 1144 950 1201 propter
993 1150 1156 1202 opera
1202 1136 1320 1203 ipsa

253 1218 375 1270 quae
399 1202 646 1254 facimus.

321 1291 387 1328 ιο
428 1277 574 1326 Laus
603 1293 967 1331 nonan-Ans.
1012 1308 1075 1319 -
1130 1281 1319 1348 Itaque

254 1347 514 1397 virtutum
527 1348 777 1398 omnium
789 1350 979 1400 merita
994 1350 1202 1402 bonum
1212 1353 1319 1403 hu-

253 1417 498 1468 militatis
527 1430 835 1484 exsuperat3
867 1436 990 1487 quae
1016 1423 1064 1472 si
1085 1439 1195 1473 non
1224 1425 1319 1474 ad-

253 1487 344 1549 sit,
358 1503 455 1538 nec
473 1487 576 1539 illae
604 1500 856 1554 poterunt
874 1507 992 1542 esse
1005 1493 1317 1545 laudabiles.

254 1559 440 1625 ltaque
456 1559 503 1608 si
533 1559 673 1610 bona
701 1572 793 1611 tua
816 1578 1013 1629 magna
1025 1563 1109 1614 vis
1130 1564 1318 1626 facere,

256 1629 371 1679 noli
386 1628 481 1681 illa
500 1640 685 1696 putare
714 1648 924 1698 magna,
948 1634 1104 1684 aliter
1127 1650 1322 1701 magna

256 1713 492 1750 essenon
514 1712 753 1766 possunt.
766 1703 851 1752 Sic
870 1701 1018 1754 enim
1032 1704 1320 1756 Centurio:

255 1771 387 1821 Non
425 1785 544 1821 sum
587 1772 789 1839 dignus
825 1780 884 1824 ut
913 1775 1082 1825 intres
1107 1776 1208 1826 sub
1245 1782 1323 1826 te-

258 1848 400 1894 ctum
461 1859 633 1894 meum
651 1861 673 1906 ,⁶
716 1856 768 1896 et
812 1857 1090 1912 propterea
1127 1849 1324 1915 dignus

258 1912 476 1965 effectus
520 1924 619 1975 est,
661 1931 932 1982 supraque
969 1933 1159 1970 omnes
1196 1929 1322 1971 tunc

258 1983 470 2035 Judaeos
497 1986 777 2038 mirabilis.
816 1988 906 2039 Sic
936 1988 1097 2040 etiam
1127 1989 1326 2041 Paulus

260 2055 334 2106 ait
358 2071 373 2105 ε
396 2058 526 2108 Non
543 2073 661 2108 sum
690 2060 894 2126 dignus
914 2062 1208 2127 Apostolus
1226 2078 1324 2114 vo-

259 2127 410 2190 cari,
460 2138 514 2179 et
564 2130 811 2181 omnium
856 2131 1066 2197 primus
1109 2132 1326 2185 effectus

261 2207 359 2249 est.
386 2198 477 2250 Sic
510 2210 561 2251 et
589 2201 821 2254 Joannes
856 2220 874 2255 z
912 2203 1040 2256 Non
1068 2219 1205 2269 sum,
1237 2205 1325 2256 in-

261 2269 398 2335 quit,
421 2272 642 2338 dignus,
681 2280 738 2323 ut
763 2274 971 2326 solvam
999 2276 1116 2342 ejus
1145 2278 1326 2329 corri-

259 2340 413 2404 giam
455 2342 819 2406 calceamenti,
849 2355 901 2396 et
937 2346 1141 2399 idcirco
1183 2350 1326 2399 ami-

1380 430 1385 433 ’
1424 438 1520 474 cus
1558 422 1734 474 factus
1770 432 1853 475 est
1899 412 2118 489 sponsi,
2167 432 2219 473 et
2266 437 2499 474 manum.

1423 510 1587 563 quam
1616 495 1896 562 indignam
1936 494 2075 545 dixit
2101 495 2498 555 calceamentis,

1423 566 1564 618 hanc
1606 567 1857 618 Christus
1894 582 2056 633 supra
2085 576 2242 632 caput
2277 567 2506 617 attraxit

1422 653 1602 688 suum.
1625 637 1715 689 Sic
1747 638 1910 688 etiam
1935 638 2127 689 Petrus
2157 637 2233 688 ait
2261 653 2274 686 :
2309 637 2435 688 Exi
2455 651 2500 688 a

1423 722 1548 771 une,⁴
1583 707 1829 770 Domine,
1867 708 2116 775 quoniam
2167 708 2325 762 homo
2356 722 2495 773 pec-—

1424 785 1579 832 catos·
1617 793 1756 841 stan,
1797 788 1851 830 et
1884 788 2166 844 propterea
2204 778 2375 831 factus
2410 789 2498 831 est

1424 850 1835 901 fundamentum
1857 850 2132 902 Ecclesiae.
2166 849 2319 902 Nihil
2346 851 2499 902 enim

1426 921 1501 972 ita
1519 931 1604 972 est
1627 921 1870 971 amicum
1896 923 2030 982 Deo,
2058 931 2121 972 ut
2147 920 2195 970 si
2221 936 2281 971 se
2296 920 2499 987 aliquis

1427 991 1722 1043 minimum
1745 1008 1806 1044 ac
1824 992 2090 1043 hmnilem
2110 1002 2335 1058 reputet.
2357 992 2497 1054 Qua

1425 1063 1618 1125 virtus,
1641 1079 1754 1114 non
1793 1064 2013 1114 aliunde
2038 1064 2232 1130 magis,
2258 1072 2351 1116 aut
2377 1063 2499 1115 ori-

1427 1144 1534 1193 tur,
1551 1144 1645 1185 aut
1672 1133 1927 1194 nutritur,
1945 1149 2110 1201 quam
2138 1134 2185 1185 si
2215 1148 2507 1200 nunquam

1426 1203 1643 1255 animus
1676 1219 1709 1255 a
1737 1205 2129 1270 conjunctione,
2160 1214 2213 1255 et
2248 1204 2337 1255 sui
2379 1204 2498 1257 dis-

1427 1274 1678 1326 cussione
1714 1275 1968 1327 discedat.
2018 1275 2125 1335 Qui
2180 1275 2332 1326 enim
2383 1275 2500 1326 hu-

1428 1346 1671 1397 miliatur
1721 1349 1911 1408 corde,
1966 1357 2127 1413 atque
2179 1346 2512 1406 conteritur,-

1429 1433 1541 1471 non
1582 1416 1828 1469 efferetur
1874 1418 1935 1469 in
1971 1417 2230 1484 gloriam,
2280 1434 2392 1468 non
2439 1417 2504 1468 in

1429 1489 1648 1541 invidiae
1716 1489 1978 1552 livorem3
2036 1506 2149 1540 non
2208 1490 2504 1541 iracundiae

1427 1560 1610 1612 furore
1623 1561 1931 1626 vexabitur3
1953 1578 2065 1612 non
2079 1562 2319 1628 aliquam
2335 1562 2500 1612 aliam

1428 1631 1683 1698 suscipiet
1724 1632 2047 1698 passionem.
2088 1632 2300 1683 Discite
2337 1632 2511 1693 enine,-

1431 1701 1629 1769 inquit,
1656 1717 1693 1753 a
1719 1717 1821 1765 me,
1852 1704 1979 1768 quia
2007 1703 2154 1754 mitis
2172 1717 2291 1753 sum
2319 1708 2372 1753 et
2391 1702 2504 1752 hu-

1430 1774 1577 1825 milis
1613 1774 1806 1837 corde,·
1849 1782 1902 1826 et
1941 1775 2220 1826 invenietis
2264 1774 2508 1840 requiem

1431 1843 1715 1895 animabus
1755 1846 1969 1896 vestri&
2013 1846 2086 1896 Ut
2132 1861 2258 1912 ergo
2311 1845 2402 1896 hic
2447 1853 2521 1897 et.

1431 1914 1509 1965 ibi
1545 1915 1736 1980 requie
1776 1916 1947 1966 multa
1991 1915 2348 1982 perfruamur,
2388 1915 2504 1966 hu-

1433 1985 1718 2039 militatem
1764 1998 1993 2038 matrem
2044 1989 2346 2049 bonorum,
2395 2001 2508 2037 no·-

1433 2059 1560 2109 stris
1584 2059 1802 2126 penitus
1846 2061 2148 2111 inseramus
2184 2059 2498 2110 animabus.

1434 2133 1525 2184 Sic
1551 2133 1700 2185 enim
1728 2144 1781 2186 et
1822 2135 1980 2186 istius
2008 2135 2129 2186 vitae
2154 2135 2391 2201 pelagus,
2419 2132 2508 2183 si-

1433 2223 1499 2259 ve
1537 2207 1762 2270 fluctus,
1817 2209 2045 2261 transire
2091 2207 2405 2276 poterimus,
2450 2216 2511 2260 et

1435 2281 1501 2331 ad
1555 2280 2065 2346 tranquillissimum
2105 2281 2266 2331 illum
2312 2278 2518 2330 enavi-

1436 2365 1560 2416 gare
1582 2361 1835 2416 portum:
1860 2371 1888 2399 n
1914 2352 2027 2402 haec
2058 2351 2508 2417 chrysostomus-

1249 2569 1525 2621 ORATIO

328 2730 556 2781 Domine
594 2733 719 2783 Jesu
763 2733 993 2795 Christe,
1034 2750 1154 2801 spes
1183 2747 1235 2787 et
1261 2735 1459 2789 fiducia
1488 2749 1688 2805 nostra,
1718 2754 1926 2790 memor
1952 2749 2067 2791 esto
2103 2756 2224 2807 quae
2251 2755 2349 2806 pro
2381 2742 2511 2791 red-—

268 2802 537 2883 emptione
587 2817 763 2857 nostra
815 2808 1114 2874 suscepisti.
1153 2811 1360 2861 Memor
1402 2822 1517 2862 esto
1549 2814 1705 2880 ,quod
1752 2815 1968 2864 Creator
1998 2815 2266 2878 omnium,
2313 2828 2512 2865 susce-

268 2882 448 2938 ptione
482 2886 671 2927 nostrae
710 2888 910 2929 naturae
947 2879 1194 2930 conscius
1233 2879 1346 2931 fieri
1388 2882 1636 2949 dignatus
1675 2899 1732 2935 es
1768 2884 2007 2951 figmenti
2044 2885 2231 2934 nostri.
2274 2884 2511 2949 Venisti,

270 2942 516 3026 Domine,
543 2957 760 3013 propter
793 2959 1113 3015 peccatoreS,
1155 2959 1216 3001 ut
1251 2952 1500 3012 omnium
1535 2966 1748 3019 peccata
1784 2956 2004 3006 deleres.
2046 2954 2189 3014 Quid
2224 2954 2321 3005 tibi
2360 2954 2518 3005 retri-
2570 3005 2601 3035 ⁶

272 3014 385 3080 bm,
415 3017 546 3083 quid
574 3035 669 3083 pro
700 3021 803 3072 hoc
830 3023 988 3088 digne
1016 3033 1190 3088 potest
1217 3024 1342 3091 agi?
1374 3025 1456 3077 Te
1493 3027 1671 3092 laud0,
1701 3027 1800 3078 tibi
1831 3028 1958 3078 totis
1987 3027 2284 3078 visceribus
2314 3027 2521 3095 gratias

271 3102 389 3169 ag0,
428 3104 523 3155 pro
560 3090 842 3143 immensis
881 3094 1150 3146 beneficiis
1179 3097 1288 3147 tuis
1324 3098 1526 3164 quibus
1562 3100 1802 3150 humano
1842 3100 2021 3165 generi
2063 3099 2269 3166 perdito
2308 3093 2512 3150 subire-*-

271 3160 414 3210 msti.
445 3162 511 3211 Et
537 3178 722 3228 precor
741 3175 809 3225 te,
830 3166 1071 3232 piissime
1095 3168 1343 3230 Domine,
1364 3180 1426 3221 ut
1441 3171 1534 3237 qui
1555 3171 1631 3221 sic
1658 3186 1753 3237 pro
1783 3170 1942 3221 nobis
1972 3171 2144 3222 flexus
2165 3187 2240 3236 es,
2261 3181 2321 3221 ut
2339 3171 2515 3222 homo

272 3229 386 3281 fieri
429 3233 740 3300 dignareriS,
783 3254 891 3288 non
934 3239 989 3288 in
1031 3241 1188 3292 nobis
1233 3243 1450 3309 patiaris
1495 3243 1685 3309 perire,
1727 3245 1876 3309 quod
1909 3243 2188 3295 decrevisti
2226 3244 2528 3296 miseratus

273 3316 578 3357 assumere:
610 3317 662 3358 et
689 3307 766 3358 fac
793 3324 882 3358 me
906 3308 1003 3359 tibi
1032 3321 1235 3376 gratam
1263 3322 1315 3364 et
1340 3313 1574 3365 debitam
1611 3314 1923 3365 servitutem
1951 3314 2223 3366 exhibere.
2252 3316 2443 3365 Amen.
