2784 4452
677 309 1028 362 SERMONIS
1057 308 1128 360 IN
1163 307 1422 359 MONTE
1453 307 1964 359 CONTINUATIO.

206 437 515 496 operantem
546 427 684 478 nihil
712 426 1001 478 sollicitum
1028 441 1161 479 esse.
1186 424 1262 476 Et

199 503 497 554 secundum
514 502 764 553 eumdem
788 518 802 551 ε
830 501 931 550 «Si
957 515 1055 566 pro
1073 514 1264 549 neces-

199 574 358 625 sariis
403 588 513 623 non
563 582 773 638 oportet
826 586 940 622 esse
988 569 1264 629 sollicitos,

201 661 309 712 qua
337 660 494 710 poena
531 644 683 711 digni
710 652 884 704 erunt,
913 641 1008 709 qui
1038 657 1135 707 pro
1169 656 1267 690 su-

202 717 424 783 perfluis
470 733 579 767 non
631 716 934 776 dormiunt,
989 724 1041 765 et
1094 712 1269 765 aliena

204 791 438 857 rapiunt,
495 791 700 853 Nolite,
762 790 1003 856 inquam,
1055 787 1122 839 de
1180 786 1269 836 his

205 863 429 914 solliciti
482 877 615 914 esse.
683 864 824 914 Haec
872 861 1008 913 enim
1058 859 1266 921 omnia,

204 934 408 985 scilicet
443 933 508 984 ad
548 934 751 984 victum
796 942 849 983 et
882 930 1268 983 vestimentum

206 1004 530 1071 pertinentia
560 1005 772 1066 Gerae-r,
817 1002 871 1053 id
895 1010 975 1052 est
1010 999 1269 1059 GentileS,

207 1076 497 1142 inquirunt,
529 1091 652 1127 cum
694 1074 1059 1125 sollicitudine
1102 1071 1271 1121 nimia

206 1159 261 1201 et
299 1148 510 1208 vitiosa,
544 1162 665 1213 quae
698 1145 950 1196 divinam
978 1142 1270 1210 providen-

205 1224 338 1274 tiam
364 1221 499 1272 circa
527 1229 675 1269 actus
707 1218 975 1267 humanos
999 1224 1269 1282 neganteS‚

207 1296 347 1347 circa
371 1293 498 1343 talia
520 1292 869 1341 immoderate
899 1288 1269 1347 sollicitantur,

208 1382 443 1435 quorum
482 1365 728 1416 videlicet
779 1379 903 1429 erga
954 1370 1271 1427 praesentem

208 1438 375 1489 vitam
416 1435 656 1487 studium
710 1448 872 1484 omne
918 1430 1271 1489 consumitur,

212 1511 414 1579 quibus
440 1508 586 1558 nulla
613 1522 833 1574 prorsus
861 1521 986 1556 cura
1015 1512 1095 1554 est
1121 1502 1275 1553 futu-

212 1599 418 1644 rorum,
450 1596 546 1631 nec
577 1578 902 1630 confidentia
943 1579 1009 1628 de
1036 1575 1276 1643 promis-

214 1655 366 1707 sione
406 1662 752 1703 aeternorum.
805 1650 921 1709 Vel,
950 1649 1065 1699 haec
1098 1644 1278 1697 omnia

215 1727 431 1788 GenteS,
480 1724 535 1774 id
581 1732 660 1773 est
698 1720 947 1772 homines
996 1714 1277 1775 mundani,

213 1811 339 1849 curn
406 1793 768 1845 sollicitudine
822 1791 1175 1841 immoderata
1228 1795 1282 1836 et

214 1867 409 1928 nimia,
440 1865 727 1931 inquirunt,
768 1864 896 1930 quia
934 1860 1106 1927 magis
1139 1860 1283 1909 bona

215 1937 500 2005 praesentia
552 1950 716 2001 quam
763 1933 941 2004 futura
989 1939 1280 1998 quaerunt3

215 2020 269 2061 et
334 2009 454 2059 ideo
498 2005 620 2056 talis
668 2003 972 2055 sollicitudo
1021 2001 1145 2052 facit
1190 2014 1283 2050 eos

216 2080 527 2133 infidelibus
562 2076 786 2127 similes.
814 2074 953 2135 Quid
981 2074 1129 2124 enim
1162 2087 1285 2123 am-

219 2152 363 2219 plius
402 2149 565 2199 habet
610 2146 781 2196 fidelis
820 2160 851 2194 a
889 2143 1094 2211 gentili,
1135 2142 1286 2207 cujus

219 2223 505 2278 infidelitas
536 2221 782 2273 animum
810 2218 1077 2278 sollicitat,
1106 2225 1158 2267 et
1192 2232 1289 2266 cu·-

219 2297 296 2348 ris
342 2295 504 2361 hujus
538 2293 661 2343 vitae
709 2290 941 2356 fatigat?
982 2289 1104 2347 Sed,
1143 2285 1286 2338 heu!

223 2369 383 2421 multi
413 2383 477 2418 ex
500 2366 657 2417 nobis
686 2380 747 2414 ea
778 2378 899 2430 quae
929 2362 1117 2413 mundi
1146 2370 1289 2421 sunt,

222 2441 398 2508 magis
427 2455 591 2506 quam
620 2439 818 2488 Gentes
852 2435 1155 2502 inquirunt.
1180 2434 1291 2484 Vos

224 2531 352 2581 ergo
390 2514 505 2563 haec
532 2524 771 2577 quaerere
810 2524 920 2558 non
950 2516 1030 2559 est
1058 2521 1290 2567 necesse,

224 2599 483 2652 quaerere‚
542 2582 785 2647 inquam,
854 2595 977 2630 cum
1026 2577 1293 2629 sollicitu-

224 2656 370 2707 dine.

298 2742 358 2777 12
395 2725 660 2786 Quouono
690 2723 837 2772 Deus
862 2736 963 2771 PER
992 2735 1130 2770 suan
1158 2733 1294 2769 Pno-

224 2812 512 2850 vrnssuruu
551 2811 610 2846 sn
653 2795 865 2844 Pri-rium
905 2788 1206 2842 oerNnn?
1232 2817 1295 2828 —-

226 2868 350 2922 Scit
387 2867 522 2918 enim
552 2867 721 2915 Pater
749 2869 941 2925 vester,
975 2861 1071 2927 qui
1094 2860 1297 2911 viscera

228 2955 341 2990 non
396 2935 599 2988 claudit
643 2934 797 2985 bonis
842 2932 990 2992 filiis,
1042 2932 1167 2996 quia
1212 2930 1298 2980 his

225 3009 471 3064 omnibus
529 3004 801 3072 indigetiS,
854 3002 1054 3054 scilicet
1111 3002 1166 3052 in
1211 3002 1298 3053 via

231 3078 582 3141 necessariis3
619 3077 736 3127 sine
793 3074 881 3125 his
931 3074 1077 3124 enim
1124 3088 1299 3139 neque

227 3151 425 3210 vivere,
474 3163 648 3214 neque
686 3148 799 3197 Deo
828 3144 1025 3196 servire
1057 3143 1297 3210 potestiS,

228 3239 355 3291 quae
385 3222 575 3288 utique
597 3220 711 3286 ipse
741 3219 849 3279 dat,
881 3217 988 3268 nisi
1013 3216 1300 3268 infidelitas

230 3303 409 3346 vestra
455 3300 668 3343 avertat.
719 3290 859 3351 Quia
900 3305 1011 3339 non
1047 3298 1127 3339 est
1154 3298 1303 3354 pater

236 3364 364 3430 pius
428 3361 523 3429 qui
592 3377 701 3411 non
761 3359 952 3411 tribuit
1006 3359 1304 3411 neccssaria

231 3435 382 3495 filiis,
432 3433 787 3499 indigentiam
836 3431 941 3482 sibi
978 3441 1161 3482 notam
1204 3447 1303 3497 pa-

233 3506 517 3566 tientibuS,
574 3513 625 3554 et
668 3504 794 3569 quia
833 3503 986 3554 Pater
1022 3511 1119 3567 est,
1148 3504 1302 3567 vult3

234 3587 290 3629 et
340 3575 466 3642 quia
506 3574 754 3635 coelesti5‚
792 3583 1001 3640 potest3
1052 3574 1097 3626 si
1126 3583 1305 3625 autem

230 3656 429 3715 potest,
472 3656 525 3697 et
560 3646 694 3706 vult,
738 3645 855 3696 sine
885 3644 1053 3696 dubio
1086 3644 1310 3696 donabit

232 3719 383 3786 quod
428 3716 586 3768 nobis
623 3716 867 3783 expediat
901 3716 969 3767 ad
1015 3716 1259 3767 salutem.
1282 3735 1305 3762 ιο

233 3791 394 3842 Unde
428 3789 690 3840 Rabanus
716 3805 735 3838 .-
768 3787 956 3848 «Quis
996 3803 1089 3838 rex
1132 3787 1312 3837 militi-

238 3864 346 3914 bus
378 3863 584 3913 devotis
630 3860 866 3911 debitam
913 3875 1023 3910 non
1066 3867 1312 3926 procurat

238 3937 598 3990 alimoniam?
636 3935 771 3997 Quis
812 3934 1068 3986 dominus
1096 3933 1314 3986 famulis

371 4054 511 4106 Vtra
536 4055 662 4105 Jasu
696 4053 937 4115 Cmusn,
966 4066 1141 4104 rouus
1171 4052 1210 4104 1.

2327 305 2431 375 369

1371 423 1488 474 suis
1536 439 1646 473 non
1698 422 1969 473 ministrat
2016 421 2250 472 cibaria?
2296 421 2435 481 Quis

1374 505 1521 562 pater
1556 510 1668 545 non
1719 495 1806 545 dat
1835 493 1962 544 filiis
1999 492 2362 543 alimentum?
2404 510 2434 540 »

1374 567 1533 618 Unde
1588 575 1641 617 et
1689 566 2112 634 Chrysostomus
2151 582 2168 614 .·
2224 581 2252 609 «
2313 564 2435 614 Non

1374 637 1530 698 dixit,
1559 636 1707 687 novit
1732 636 1914 699 Deus3
1943 635 2053 695 sed,
2085 634 2235 684 novit
2266 633 2438 684 Pater

1376 713 1568 771 vester,
1598 716 1659 758 ut
1682 721 1776 756 eos
1804 705 1860 755 in
1887 704 2142 770 majorem
2171 718 2324 768 spem
2348 704 2440 753 du·

1375 787 1475 827 cat.
1510 777 1566 827 Si
1595 777 1740 828 enim
1770 776 1923 827 Pater
1948 785 2046 835 est,
2081 783 2132 824 et
2172 774 2321 823 Pater
2360 782 2442 823 ta-

1376 849 1444 899 lis
1489 866 1615 899 non.
1643 848 1838 916 poterit
1878 848 2148 913 despicere
2192 845 2335 895 filios
2384 845 2441 895 in

1375 918 1587 969 ultimis
1637 918 1812 978 malis,
1855 932 1976 967 cum
2032 915 2221 982 utique
2269 929 2445 982 neque

1377 990 1630 1041 homines
1660 999 1834 1056 patres
1853 989 2139 1039 existentes
2158 988 2272 1038 haec
2291 986 2448 1037 susti-

1380 1071 1556 1114 neant.
1622 1062 1718 1113 Est
1773 1060 1919 1111 enim
1964 1059 2191 1110 omnino
2241 1060 2447 1109 clarum

1378 1135 1522 1203 quod
1558 1137 1703 1186 Deus
1727 1144 1972 1185 naturam
2001 1133 2172 1199 ipsam
2204 1132 2369 1191 novit,
2394 1140 2449 1181 et

1378 1208 1492 1272 ejus
1547 1216 1749 1257 creator
1795 1204 1993 1263 existit,
2050 1203 2253 1269 quique
2300 1202 2448 1251 illam

1378 1278 1541 1327 talem
1595 1275 1878 1327 formando
1933 1273 2143 1337 creavit,
2197 1272 2450 1337 indigen-

1380 1349 1516 1399 tiam
1555 1362 1774 1414 quoque
1816 1346 1930 1410 ejus
1960 1343 2132 1409 magis
2162 1341 2452 1409 prospiciat

1380 1436 1544 1489 quam
1572 1420 1749 1486 tuipse
1778 1417 1873 1484 qui
1907 1414 2170 1481 ejusmodi
2214 1414 2454 1464 necessi—

1380 1494 1581 1545 tatibus
1620 1490 1931 1553 coarctaris;
1964 1503 2086 1538 nam
2122 1486 2226 1552 ipsi
2265 1487 2456 1551 utique

1384 1566 1462 1616 sic
1523 1564 1737 1631 placuit,
1798 1572 1860 1613 ut
1921 1562 2057 1611 hanc
2102 1559 2453 1624 indigentiam

1387 1645 1575 1686 natura
1622 1643 1906 1701 pateretur.
1956 1631 2307 1696 Nequaquam
2354 1629 2458 1678 erit

1387 1724 1513 1774 ergo
1569 1708 1869 1758 contrarius
1922 1704 1980 1754 in
2037 1703 2125 1753 his
2160 1701 2359 1769 quibus
2406 1701 2454 1751 ei

1387 1794 1524 1844 opus
1539 1794 1653 1829 esse
1665 1777 1913 1838 decrevit,
1928 1784 2022 1826 aut
2035 1771 2457 1824 necessariarum

1389 1868 1505 1902 eam
1528 1866 1708 1901 rerum
1737 1848 2080 1915 perceptione
2101 1843 2399 1894 fraudabit:
2426 1861 2455 1889 »

1391 1926 1506 1975 haec
1575 1924 2016 1991 Chrysostomus.
2084 1918 2234 1968 Unde
2296 1918 2458 1966 etiam

1389 1994 1733 2061 Augustinus
1766 2009 1784 2043 .-
1830 2010 1857 2039 «
1900 1991 2011 2041 Scit
2041 1988 2268 2040 coelestis
2295 1986 2462 2037 medi-

1391 2081 1486 2115 cus
1515 2063 1646 2130 quid
1680 2062 1838 2112 nobis
1873 2062 2093 2110 daturus
2122 2067 2203 2107 est
2228 2057 2293 2107 ad
2327 2072 2458 2106 con-

1395 2134 1734 2191 solationem,
1766 2130 1963 2198 quidve
1997 2127 2362 2178 subtracturus
2388 2125 2460 2175 sit

1395 2208 1461 2259 ad
1481 2204 1914 2259 exercitationem
1943 2220 1957 2254 ε
1986 2217 2095 2252 non
2125 2199 2267 2250 enim
2293 2199 2460 2249 homo

1397 2281 1640 2346 jumento
1670 2291 1769 2327 suo
1811 2274 2008 2326 cibaria
2040 2270 2309 2323 subtrahit
2343 2270 2462 2319 sine

1397 2365 1573 2401 causa.
1614 2347 1671 2398 Si
1725 2361 1852 2412 ergo
1892 2345 1994 2395 scit
2017 2354 2080 2394 ut
2120 2342 2324 2392 dictum
2361 2348 2461 2400 est,

1398 2432 1450 2473 et
1485 2422 1619 2484 vult,
1658 2417 1788 2485 quia
1818 2417 1985 2477 Pater,
2028 2424 2080 2465 et
2108 2421 2296 2479 potest,
2336 2409 2464 2477 quia

1400 2492 1779 2559 omnipotens3
1825 2502 1952 2552 ergo
1997 2500 2094 2535 nec
2141 2493 2221 2534 est
2261 2482 2465 2532 timen—

1400 2566 1533 2616 dum
1571 2563 1705 2630 quin
1742 2559 2015 2626 provideat
2052 2554 2208 2606 nobis
2237 2571 2252 2605 z
2284 2574 2309 2602 »
2350 2554 2464 2604 haec

1401 2635 1758 2701 Augustinus·

1473 2707 1531 2758 13
1572 2709 1817 2758 PROPTER
1841 2717 2041 2754 ser-rim
2073 2714 2264 2750 causas
2295 2713 2465 2747 ΡΕΝυ-

1402 2799 1534 2834 nun
1565 2796 1863 2840 ALIQUANDO
1892 2791 2143 2828 PATnmR.
2169 2803 2228 2812 —
2259 2773 2469 2822 Notan-

1403 2856 1535 2905 dum
1563 2862 1741 2904 autem
1768 2849 1914 2917 quod
1945 2863 2008 2898 ex
2032 2845 2278 2912 pluribus
2296 2842 2472 2893 causis

1404 2926 1694 2994 aliquando
1764 2923 2001 2990 patimur
2061 2916 2338 2984 penuriam
2411 2913 2471 2963 in

1404 3001 1528 3052 vitae
1561 2995 1909 3048 necessariis:
1937 2992 2112 3059 prima
2150 3000 2229 3057 est
2264 3004 2327 3039 ex
2357 3001 2474 3036 me-

1404 3073 1508 3123 rito
1529 3079 1862 3138 peccatorum
1877 3075 2214 3124 nostrorum3
2240 3058 2472 3110 secunda

1407 3153 1488 3195 est
1517 3156 1674 3193 causa
1714 3138 2017 3190 exercendae
2042 3132 2290 3193 virtutis;
2320 3127 2475 3178 tertia

1409 3226 1489 3267 est
1521 3231 1585 3266 ex
1625 3210 2032 3279 importunitate
2073 3213 2266 3255 nostrae
2298 3199 2475 3250 avari-

1410 3290 1519 3350 tiae,
1565 3286 1735 3338 nimia
1775 3297 2010 3350 namque
2049 3274 2372 3332 sollicitudo,
2410 3287 2477 3351 ne

1411 3359 1660 3410 deficiant
1706 3353 2016 3412 necessaria,
2072 3346 2199 3398 facit
2254 3352 2315 3394 ut
2370 3343 2476 3392 ali-

1413 3432 1630 3499 quando
1677 3427 1963 3489 deficiant3
2008 3429 2197 3489 quarta
2244 3426 2324 3468 est
2367 3415 2479 3464 hu-

1416 3517 1573 3554 mana
1601 3497 1959 3567 superfluitas,
1984 3493 2213 3558 dignum
2233 3498 2312 3538 est
2332 3486 2478 3537 enim

1415 3584 1475 3626 ut
1526 3572 1621 3640 qui
1672 3567 1941 3636 superflua
1989 3562 2287 3629 quaerimus
2308 3597 2321 3618 ,
2377 3555 2481 3605 ali-

1417 3643 1633 3712 quando
1742 3633 2056 3690 necessariis
2152 3641 2424 3681 careamus
2462 3639 2480 3688 3

1418 3717 1608 3787 quinta
1657 3723 1738 3764 est
1805 3711 2006 3762 abusus
2072 3700 2482 3770 temporalium,

1419 3791 1516 3858 qui
1577 3789 1724 3841 enim
1782 3795 2020 3839 creatura
2074 3781 2171 3832 Dei
2227 3774 2483 3832 abutitur,

1421 3863 1649 3929 dignum
1678 3868 1759 3910 est
1788 3866 1850 3908 ut
1882 3852 2170 3922 aliquando
2199 3848 2263 3898 ad
2298 3858 2487 3927 neces-

1423 3932 1636 3984 sitatem
1660 3929 1708 3982 ei
1736 3928 1987 3992 tollatur3
2019 3932 2168 3977 sexta
2194 3927 2274 3970 est
2300 3927 2485 3980 ingra-

2231 4049 2305 4099 24
