2784 4452
593 225 687 275 DE
719 222 1121 275 ELECTIONE
1152 218 1520 273 DUODECIM
1552 214 2102 268 APOSTOLORUM.

235 351 289 393 et
320 341 386 390 de
408 338 619 389 civitate
656 349 831 387 sancta
864 337 1153 387 Jerusalem
1200 336 1298 385 de-

234 412 517 465 scendente
542 411 607 461 de
641 411 771 460 coelo
801 426 831 460 a
857 409 969 458 Deo
988 446 1001 469 ,
1032 408 1295 473 scriptum

234 494 315 537 est
342 500 357 533 ε
384 482 511 549 quia
543 487 697 532 erant
744 480 813 529 ab
862 480 1078 529 Oriente
1119 484 1299 543 por-tce

235 564 363 620 tre-r,
402 562 454 606 et
495 555 564 604 ab
596 553 859 619 Aquilone
871 557 1051 619 portae
1092 557 1216 614 tres,
1248 556 1300 601 et

233 630 302 681 ab
331 632 535 680 Austro
565 632 745 692 portae
769 631 897 688 tres,
921 629 973 674 et
998 624 1068 673 ab
1091 623 1299 674 Occasu

228 705 410 767 por-tce
454 704 579 747 tres.
634 696 738 747 Ubi
784 694 1075 760 figuraliter
1112 703 1299 743 osten-

235 770 485 828 debatur,
529 766 657 833 quia
693 764 1109 831 praedicantibus
1152 765 1300 829 Apo-

236 840 408 900 stolis,
444 839 938 905 Apostolorumque
973 835 1300 886 successori-

238 914 340 964 bus
370 922 571 962 cunctae
612 926 706 978 per
733 910 919 959 orbem
947 908 1188 959 nationes
1242 906 1298 957 in

236 985 341 1037 fide
405 995 599 1035 sanctae
667 981 949 1033 Trinitatis
1002 979 1299 1032 Ecclesiam

237 1066 416 1107 essent
456 1055 795 1121 ingressurae.
836 1052 1140 1103 Secundum
1173 1050 1302 1100 Hie·

238 1141 524 1194 ronymum
565 1142 583 1174 .-
640 1124 784 1174 Fecit
811 1132 871 1173 ut
900 1132 1076 1172 essent
1104 1120 1300 1172 duode-

238 1197 367 1256 cim,
397 1205 457 1245 ut
475 1195 584 1245 sint
606 1195 710 1260 ipsi
739 1207 901 1259 super
921 1193 1073 1244 sedes
1094 1192 1301 1242 duode-

239 1266 341 1317 cim
369 1303 386 1328 ,
433 1265 744 1331 judicantes
795 1262 1071 1314 duodecim
1130 1262 1302 1311 tribus

237 1338 431 1389 Israel.
450 1338 545 1387 Vel
571 1353 693 1387 cum
718 1334 1074 1386 duodenarius
1097 1342 1303 1385 constet

237 1423 304 1459 ex
331 1408 532 1474 duplici
562 1407 791 1466 scuarin,
812 1405 905 1472 qui
935 1415 1014 1456 est
1041 1419 1302 1455 numerus

240 1478 599 1545 perfectionis,
629 1477 932 1544 significare
958 1476 1129 1526 voluit
1154 1476 1299 1542 quod

237 1550 437 1615 duplex
484 1550 772 1617 perfectio,
826 1549 1028 1599 scilicet
1072 1547 1195 1598 vitae
1252 1556 1305 1598 et

238 1620 504 1682 scientiae„
554 1620 666 1671 sive
708 1619 885 1686 operis
912 1628 964 1669 et
1005 1618 1301 1679 sermonis,

238 1695 399 1745 debet
425 1709 540 1745 esse
589 1694 644 1744 in
689 1694 779 1743 his
810 1692 904 1760 qui
933 1692 1133 1743 habent
1155 1694 1300 1759 Apo·

240 1765 489 1816 stolicum
519 1764 774 1815 officium.

303 1850 341 1901 4
388 1836 784 1885 Arest-omnm(
819 1848 1019 1883 nomm
1053 1848 1118 1883 ετ
1154 1833 1303 1884 ,ἷυωε

240 1924 550 1958 ntecrxoms
612 1923 884 1958 nA‘rmNES.
952 1935 1012 1944 —
1074 1906 1304 1956 Nomina

239 1989 419 2030 autem
444 1980 824 2045 Apostolorum
846 1994 983 2046 quos
1001 1978 1161 2045 elegit
1180 1986 1304 2028 sunt

241 2051 357 2101 haec
398 2066 518 2117 quae
558 2060 850 2116 sequentur
889 2050 1125 2116 :Elegit
1168 2063 1302 2114 ergo

238 2124 509 2174 Simonem
554 2136 703 2189 quem
753 2122 1149 2188 cognominavit
1190 2123 1302 2173 Pe-

238 2199 382 2245 trum
407 2233 423 2257 ‚
483 2198 534 2244 et
574 2193 845 2244 Andr-eam
894 2191 1109 2244 fratrem
1156 2193 1298 2258 ejus;

237 2267 496 2318 Jacobum
529 2267 807 2330 Zebedaei,
857 2265 1055 2316 scilicet
1094 2265 1296 2325 filium,

236 2342 293 2387 et
330 2337 590 2387 Joannem
621 2337 836 2386 fratrem
860 2336 974 2399 ejus
993 2374 1007 2396 ,
1037 2335 1300 2401 imposuit

240 2407 329 2459 his
357 2408 570 2458 duobus
615 2408 836 2458 nomina
868 2408 1187 2474 BoanergeS,
1245 2407 1299 2458 id

240 2489 349 2540 est,
385 2480 502 2545 filii
548 2479 772 2529 tonitrui
782 2495 801 2540 ;
849 2478 976 2545 quia
1013 2492 1155 2544 saepe
1203 2494 1301 2530 au-

239 2551 460 2602 dierunt
512 2550 796 2600 terrificam
829 2565 1013 2600 vocem
1034 2588 1048 2610 ,
1080 2560 1130 2600 et
1155 2550 1300 2600 toni-

241 2633 422 2675 truum
468 2623 637 2673 Patris
681 2638 776 2688 per
813 2624 1009 2673 nubem
1048 2623 1114 2674 de
1159 2623 1300 2674 Filio

239 2694 502 2757 tonantis;
554 2694 861 2759 Philippum
905 2699 956 2743 et
1006 2693 1300 2744 Bartholo-

240 2782 427 2819 maeum
441 2784 462 2831 ,-
501 2766 757 2817 Thomam
781 2773 831 2816 et
853 2766 1173 2818 Matthaeum
1207 2783 1301 2833 pu·

240 2838 534 2898 blicanum3
567 2837 822 2888 Jacobum
852 2837 1082 2902 Alphaei,
1099 2838 1300 2889 scilicet

237 2906 431 2969 filium,
478 2907 570 2973 qui
624 2918 674 2956 et
700 2907 926 2957 Jacobus
963 2908 1135 2972 justus
1168 2924 1298 2974 pro-

238 2989 355 3044 pter
373 2977 699 3028 sanctitatem
723 2978 867 3042 vitae;
893 2986 945 3029 et
963 2978 1156 3038 minor,
1172 2979 1299 3047 quia

237 3049 499 3114 posterior
550 3049 607 3098 in
659 3049 964 3109 vocatione,
1022 3058 1073 3100 et
1138 3048 1298 3101 frater

238 3119 490 3181 Domini,
532 3129 746 3185 propter
774 3119 1184 3170 similitudinem
1218 3129 1298 3172 est

235 3202 453 3242 vocatus
482 3230 495 3253 ,
545 3202 597 3242 et
651 3193 919 3243 Simonem
969 3193 1295 3245 Cananaeum

236 3263 453 3317 fratrem
496 3263 630 3328 ejus,
658 3278 688 3313 a
718 3265 859 3315 Cana
884 3264 1002 3315 vico
1037 3280 1133 3315 seu
1172 3263 1298 3315 villa

237 3333 503 3397 Galilaeae,
539 3334 630 3399 qui
687 3340 739 3384 et
784 3336 1001 3386 Zelotes
1055 3342 1294 3402 vocatur,

239 3404 384 3455 Cana
434 3404 578 3454 enim
635 3404 784 3471 zelus
805 3444 823 3468 ‚
889 3415 941 3455 et
996 3406 1296 3459 Cananaeus

238 3478 465 3545 zeloteS,
508 3478 562 3527 id
610 3487 688 3528 est
741 3480 1040 3544 oemulator,
1072 3481 1291 3546 dicitur3

206 3577 214 3585 ·
243 3548 578 3600 Thaddaeum
631 3549 880 3600 similiter
916 3548 1132 3601 fratrem
1160 3553 1292 3620 ejus,

235 3618 331 3684 qui
361 3627 414 3669 et
438 3619 617 3670 Judas
654 3619 845 3671 Jacobi
873 3620 1077 3671 scilicet
1117 3622 1293 3683 frater,

234 3699 315 3739 est
341 3700 558 3740 vocatus
581 3730 595 3752 ,
629 3702 682 3741 et
716 3691 914 3741 Judam
946 3692 1294 3746 Ischariotem

232 3775 265 3811 a
314 3760 600 3812 Scharioth
639 3761 754 3813 vico
806 3762 1033 3824 Judaeae‚
1085 3764 1139 3814 in
1184 3781 1293 3832 quo

232 3841 385 3883 ortus
415 3841 514 3894 est,
547 3833 623 3883 sic
652 3833 980 3886 nominatuS.
1020 3834 1295 3889 Hic-inter

366 3951 503 4002 Vin
530 3951 655 4003 Jesu
688 3952 928 4015 Canna-1,
957 3968 1131 4007 ‘tonus
1161 3956 1200 4008 1.

2356 213 2456 270 305

1403 332 1687 400 Apostolos
1710 330 1944 396 eligitur,
1973 329 2039 379 ad
2067 330 2460 382 ostendendum

1405 404 1739 471 prophetiam
1773 402 1941 453 David
1976 399 2091 451 esse
2122 403 2463 468 completam,

1403 492 1509 541 qua
1549 474 1814 525 Dominus
1862 474 2014 523 ,lesus
2054 473 2338 523 tradendus
2370 488 2465 539 per

1403 547 1728 612 discipulum
1790 543 2127 610 praedicitur,
2175 553 2226 594 et
2270 543 2334 593 ad
2364 559 2463 594 ex-

1404 619 1739 670 cusationem
1790 618 2090 678 bonorum,
2143 616 2358 681 quando
2405 616 2465 669 in

1403 688 1813 755 congregatione
1850 702 2037 737 eorum
2068 685 2266 751 aliquis
2292 687 2469 739 malus

1404 758 1683 825 reperitur.
1715 757 1872 809 Unde
1890 758 2230 823 Augustinus
2253 773 2313 806 t«
2344 758 2466 809 Non

1403 833 1573 884 audeo
1621 831 1757 881 mihi
1801 846 2062 898 arrogare,
2093 831 2238 897 quod
2275 831 2471 883 domus

1406 920 1522 955 mea
1541 905 1611 954 sit
1642 902 1834 954 melior
1853 914 1991 954 coetu
2016 904 2417 970 Apostolorum.
2438 923 2471 952 n

1406 978 1560 1039 Item,
1592 975 1888 1025 secundum
1917 976 2168 1024 eumdem
2211 973 2471 1041 Augusti-

1405 1063 1544 1110 nmn,
1574 1057 1635 1096 ut
1663 1046 1779 1111 ipso
1827 1046 1968 1096 malo
1995 1056 2154 1095 utens
2194 1047 2363 1110 bene,
2412 1054 2468 1097 et

1406 1133 1516 1168 suae
1548 1116 1819 1167 Passionis
1841 1117 2087 1182 impleret
2114 1116 2463 1181 dispositum,

1405 1201 1456 1241 et
1484 1189 1736 1241 Ecclesiae
1760 1204 1870 1239 suae
1904 1189 2301 1238 tolerandorum
2346 1204 2469 1240 ma·-

1405 1264 1581 1313 lorum
1608 1262 1866 1327 praeberet
1887 1262 2210 1325 exemplum.
2223 1263 2470 1327 Insuper,

1407 1335 1703 1384 secundum
1742 1331 2098 1396 Ambrosium,
2120 1331 2344 1397 proinde
2365 1331 2472 1382 eli-

1407 1408 1570 1473 gitur,
1625 1416 1686 1457 ut
1733 1405 2060 1465 ostendatur,
2104 1405 2233 1471 quia
2277 1420 2473 1472 magna

1407 1489 1487 1529 est
1514 1478 1729 1542 veritas,
1778 1492 1941 1543 quam
1982 1477 2090 1526 'nec
2135 1476 2471 1528 adversarius

1408 1549 1651 1599 minister
1678 1546 1931 1598 infirmat.
1953 1546 2137 1596 Voluit
2164 1547 2356 1609 deseri,
2382 1562 2473 1599 vo-

1409 1620 1510 1671 luit
1541 1619 1692 1685 prodi
1711 1657 1724 1680 ,
1756 1618 1927 1668 voluit
1971 1618 2039 1668 ab
2065 1618 2324 1682 Apostolo
2371 1633 2473 1669 suo

1406 1694 1568 1755 tradi,
1604 1703 1662 1743 ut
1689 1702 1749 1743 tu
1777 1706 1808 1742 a
1851 1690 1994 1742 socio
2019 1690 2266 1756 proditus
2295 1692 2476 1742 mode·

1409 1776 1519 1817 rate
1566 1765 1705 1817 feras
1753 1775 1910 1816 tuum
1955 1779 2159 1814 errasse
2192 1764 2476 1829 judicium,

1407 1836 1631 1903 periisse
1648 1835 1990 1887 beneficium.
2006 1838 2156 1895 Item,
2173 1850 2297 1885 secu
2305 1834 2474 1887 ndum

1418 1907 1822 1974 Theophilium,
1880 1915 1940 1957 ut
1993 1907 2262 1957 discamus
2323 1905 2475 1972 quod

1408 1977 1551 2027 Deus
1587 1993 1692 2027 non
1723 1977 1931 2043 repellit
1968 1977 2206 2043 aliquem
2258 1986 2478 2043 propter

1409 2047 1642 2097 futuram
1664 2048 1955 2110 malitiam;
1984 2049 2076 2098 sed
2103 2056 2317 2113 propter
2343 2061 2474 2112 prae-

1407 2130 1612 2170 sentem
1691 2120 1943 2170 virtutem
2002 2120 2229 2185 dignum
2295 2119 2471 2171 habet.

1410 2193 1665 2243 Nominat
1706 2204 1883 2245 autem
1915 2193 2210 2259 Apostolos
2236 2191 2472 2258 propriis

1409 2265 1723 2316 nominibus
1750 2303 1764 2327 ,
1824 2275 1885 2315 ut
1946 2264 2149 2330 pseudo
2226 2275 2279 2314 et
2351 2263 2470 2314 falsi

1407 2338 1635 2404 apostoli
1653 2338 1746 2404 qui
1774 2337 1940 2388 futuri
1961 2347 2114 2387 erant
2135 2336 2478 2388 excluderen-

1409 2420 1515 2470 tur,
1552 2419 1605 2459 et
1637 2411 1703 2460 ab
1735 2409 1990 2460 omnibus
2016 2409 2330 2468 vitarentur,
2376 2424 2475 2460 nec

1406 2481 1696 2548 quisquam
1757 2482 1974 2530 auderet
2039 2479 2207 2531 alium
2277 2480 2472 2531 inscri-

1406 2553 1529 2602 bere
1549 2553 1789 2619 catalogo
1808 2551 2213 2617 Apostolorum.
2238 2552 2388 2612 Item,
2412 2561 2474 2603 ut

1406 2633 1514 2672 tam
1541 2622 1763 2672 nomina
1778 2623 2160 2687 Apostolorum
2180 2637 2343 2687 quam
2367 2623 2473 2673 sibi

1403 2695 1734 2746 credentium
1806 2695 2215 2745 ostenderentur
2280 2696 2476 2762 scripta

1403 2781 1520 2816 esse
1568 2766 1624 2816 in
1655 2765 1794 2816 libro
1838 2765 1978 2816 vitae.
2022 2765 2311 2816 Combinat
2347 2781 2476 2817 vero

1402 2852 1521 2897 eOS,
1586 2852 1645 2888 ac
1711 2837 1848 2886 duos
1918 2845 1971 2886 et
2023 2835 2162 2885 duos
2217 2836 2475 2887 nomina-

1402 2910 1501 2961 tim
1558 2910 1837 2977 exprimit,
1890 2909 1948 2959 in
1999 2909 2217 2975 signum
2272 2920 2475 2962 mutuae

1402 2980 1703 3031 dilectionis
1743 2989 1795 3030 et
1840 2978 2243 3046 approbationis
2283 2981 2477 3046 jugalis

1401 3051 1686 3102 societatis.
1748 3052 1988 3118 Itemque
2060 3060 2121 3101 ut
2172 3062 2362 3103 mutuo
2413 3067 2473 3103 se

1400 3123 1641 3189 juvantes
1668 3131 1846 3171 essent
1872 3120 2140 3184 fortiores,
2169 3132 2223 3173 et
2250 3122 2475 3188 insuper

1402 3204 1585 3246 contra
1628 3195 1813 3244 dolum
1852 3192 1908 3244 in
1946 3194 2070 3247 fidei
2113 3193 2469 3255 confessione.

1401 3276 1453 3316 et
1471 3274 1651 3316 contra
1662 3264 1972 3315 conflictum
1997 3265 2055 3315 in
2077 3275 2470 3316 tormentorum

1405 3336 1740 3387 toleratione.
1781 3336 1851 3387 Ut
1874 3347 2053 3387 autem
2090 3336 2220 3386 dicit
2269 3338 2469 3402 Augu-

1403 3409 1574 3460 stinus
1595 3425 1612 3459 .-
1634 3427 1661 3455 a
1689 3409 1863 3474 Elegit
1881 3409 1983 3459 hos
2005 3408 2315 3474 discipu108,
2331 3423 2472 3474 quos

1402 3491 1453 3530 et
1499 3480 1791 3546 Apostolus
1849 3479 2151 3530 nominavit
2190 3479 2472 3530 humiliter

1403 3560 1574 3613 natOS,
1612 3552 1992 3611 inhonoratos,
2039 3551 2356 3611 illitteratos,
2408 3560 2472 3603 ut

1401 3622 1663 3689 quidquid
1685 3638 1943 3690 magnum
1959 3632 2136 3672 essent
2154 3631 2206 3672 et
2222 3622 2470 3683 facerent.

1402 3693 1516 3760 ipse
1544 3693 1602 3745 in
1634 3694 1713 3745 eis
1738 3703 1879 3744 esset
1912 3702 1965 3743 et
2005 3691 2217 3744 faceret.
2249 3713 2276 3741 n
2312 3693 2470 3744 Unde

1399 3775 1452 3815 et
1499 3767 1817 3819 Ambrosius
1864 3782 1880 3817 :
1910 3765 2220 3817 «Similiter
2257 3767 2469 3817 adverte

1399 3838 1608 3890 coeleste
1660 3838 1965 3892 consilium.
2023 3838 2145 3888 Non
2203 3837 2470 3905 sapientes

2209 3968 2279 4005 20
