2784 4452
720 281 816 331 DE
841 279 1181 332 SERMONE
1210 278 1467 332 DOMINI
1498 280 1571 331 IN
1603 280 1877 333 MONTE.

195 408 340 461 sunt,
371 408 424 449 et
475 398 534 448 in
566 397 679 448 illis
701 407 951 463 quatuor,
980 397 1097 447 istae
1120 404 1256 448 octo.

196 469 551 522 Mansuetudo
595 470 740 520 enim
790 479 842 519 et
869 484 972 535 pax
1013 468 1260 520 referun-

193 554 285 595 tur
312 544 377 594 ad
401 542 735 609 patientiam;
768 541 1036 594 munditia
1066 541 1257 602 cordis,

192 616 261 665 ad
279 623 644 681 paupertatem
670 613 930 679 spiritus;
969 612 1262 663 misericor-

192 684 303 745 dia,
356 684 423 734 ad
474 682 705 733 esuriem
745 682 982 748 justitiae.
1024 682 1101 734 Et
1133 682 1261 748 quia

193 753 467 805 Dominus
493 767 652 817 supra
675 751 913 818 praemiis
951 752 1014 802 ad
1035 751 1261 802 virtutes

201 837 254 878 et
277 825 439 877 fidem
468 828 699 892 populos
727 826 1052 891 provocavit,
1082 840 1263 875 conse-

195 907 425 965 quenter
468 913 559 947 eos
593 897 753 947 etiam
793 912 824 947 a
862 895 1181 946 criminibus
1206 905 1262 946 et

195 968 423 1035 peccatis
443 968 750 1018 futurorum
771 968 1161 1034 suppliciorum
1177 968 1264 1017 de-

200 1039 540 1089 nuntiatione
590 1040 847 1100 deterret,
887 1038 1113 1089 dicens:
1156 1038 1261 1088 Ve-

195 1117 491 1161 rumtamen
513 1125 611 1172 vce,
627 1109 827 1160 scilicet
840 1109 1042 1159 doloris
1058 1109 1260 1170 aeterni,

197 1186 351 1237 vobis
364 1185 632 1246 divitibuS,
656 1201 767 1234 non
788 1196 966 1235 tamen
986 1184 1259 1245 omnibus,

193 1260 290 1310 sed
317 1259 409 1328 qui
453 1258 658 1309 habetis
709 1258 795 1309 hic
845 1258 1261 1310 consolationem

197 1336 430 1381 vestram
466 1345 497 1379 a
523 1329 679 1379 vobis
703 1338 942 1395 optatam
979 1347 992 1380 ι
1027 1330 1262 1379 abuten-

193 1410 279 1450 tes
327 1400 535 1451 divitiis
600 1399 666 1449 ad
721 1400 847 1451 vitae
913 1401 1260 1466 voluptatem.

191 1471 367 1530 Quasi
396 1471 597 1521 diceret
625 1486 640 1519 z
674 1471 796 1520 Non
827 1469 1038 1520 habetis
1065 1486 1261 1535 meam,

194 1550 253 1591 et
304 1557 401 1591 nec
431 1541 488 1591 in
536 1541 802 1607 praesenti,
846 1556 943 1590 nec
978 1540 1038 1591 in
1064 1540 1262 1591 futuro,

199 1611 408 1662 Divites
435 1628 562 1678 ergo
588 1622 760 1671 vocat,
777 1611 874 1677 qui
895 1611 950 1660 in
972 1611 1128 1661 bonis
1157 1611 1266 1661 du-

195 1691 334 1732 cunt
367 1682 485 1733 dies
522 1697 672 1742 suos,
700 1682 831 1748 quia
856 1697 964 1731 non
986 1691 1097 1733 tam
1117 1681 1265 1732 divi-

200 1756 311 1817 tiae,
349 1771 514 1822 quam
559 1771 712 1806 amor
753 1765 806 1805 et
833 1755 1024 1806 abusio
1064 1755 1267 1807 divitia-

200 1844 325 1880 rum
358 1867 371 1889 ,
429 1828 487 1878 in
552 1830 709 1894 culpa
756 1838 853 1878 est.
887 1837 892 1844 '
919 1828 1061 1879 Cum
1113 1828 1264 1878 enim

202 1902 451 1967 superius
483 1917 710 1968 regnum
761 1903 1019 1953 coelorum
1062 1917 1265 1968 paupe-

201 1987 326 2022 rum
346 1987 463 2021 esse
490 1972 713 2032 dicatur,
735 1987 801 2021 ex
826 1972 1072 2037 opposito
1101 1987 1267 2038 appa-

202 2052 300 2102 ret,
336 2042 483 2108 quod
511 2042 577 2091 ab
612 2042 712 2091 hoc
743 2058 908 2108 regno
939 2057 995 2092 se
1043 2041 1264 2101 alienat,

202 2115 297 2181 qui
329 2115 386 2164 in
418 2114 820 2180 temporalibuS,
856 2130 975 2180 quae
996 2130 1107 2163 non
1135 2129 1267 2163 con-

206 2185 417 2247 solatiO,
447 2200 556 2235 non
588 2184 807 2246 deliciae,
827 2185 920 2235 sed
949 2183 1265 2244 remedium,

202 2259 559 2326 refrigerium,
591 2271 772 2310 contra
800 2258 1119 2309 necessarias
1135 2266 1270 2308 tem-

206 2330 353 2396 poris
382 2330 626 2380 miserias
656 2345 771 2380 esse
791 2331 1001 2390 debent,
1022 2329 1267 2379 consola-

203 2400 405 2451 tionem
452 2401 667 2466 quaerit,
718 2400 999 2450 auditurus
1049 2415 1079 2450 a
1128 2400 1267 2465 justo

202 2473 389 2524 Judice
425 2490 439 2522 :
473 2473 617 2536 Fili,
665 2473 952 2524 recordare
1005 2472 1131 2537 quia
1175 2486 1267 2543 re-

201 2543 394 2609 cepisti
414 2544 549 2593 bona
574 2543 627 2592 in
647 2543 762 2593 vita
795 2549 904 2593 tua.
935 2542 1091 2593 Unde
1129 2544 1269 2593 Am-

208 2613 421 2663 brosius
446 2629 463 2663 .-
498 2631 524 2658 «
556 2612 661 2671 Qui
706 2611 1124 2662 consolationem
1149 2611 1270 2662 vitae

205 2683 487 2750 praesentis
517 2683 842 2744 habuerunt,
873 2683 1269 2735 remuneratio-

207 2769 331 2804 nem
358 2764 627 2820 perpetuae
648 2753 1015 2820 perdiderunt.
1058 2755 1154 2806 Vae
1172 2770 1270 2806 νο-

208 2823 290 2873 bis
333 2823 424 2888 qui
450 2824 685 2873 saturati
729 2824 892 2888 estiS,
932 2825 991 2875 in
1020 2825 1270 2890 praesenti

207 2896 442 2945 vacando
486 2896 882 2957 comessationi,
931 2907 982 2947 et
1008 2897 1269 2961 ebrietati,

206 2977 260 3018 et
291 2967 349 3017 in
377 2967 583 3017 deliciis
608 2968 855 3027 vivend0‚
877 2968 1003 3033 quia
1026 2969 1274 3019 esurietis

212 3038 269 3087 in
298 3037 501 3097 futur0,
531 3054 639 3088 non
667 3038 772 3088 cibi
803 3038 1031 3088 carentia
1068 3039 1274 3103 specia-

207 3111 349 3171 liter,
374 3111 465 3160 sed
489 3111 654 3161 totius
683 3111 813 3162 boni
844 3111 1064 3178 penuria
1110 3127 1274 3178 gene-

207 3180 408 3231 raliter.
451 3180 601 3230 Sicut
642 3182 790 3232 dives
844 3182 938 3247 qui
963 3182 1276 3247 epulebatur

207 3250 454 3316 quotidie
504 3252 807 3316 splendide,
864 3252 917 3301 in
948 3251 1156 3301 deliciis
1204 3252 1276 3302 vi-

209 3335 359 3383 venS,
388 3320 570 3370 dirum
595 3336 677 3372 ναξ
696 3321 994 3372 sustinebat
1016 3321 1272 3383 esuriens,

208 3392 427 3459 quando
464 3393 532 3442 de
572 3393 741 3459 digito
765 3393 968 3458 Lazari,
995 3409 1158 3460 quem
1175 3395 1273 3444 de-

205 3471 487 3527 spexerat,
535 3473 741 3528 guttam
791 3479 944 3529 aquae
982 3464 1272 3530 quaerebat.

208 3532 479 3596 Epulones
524 3532 823 3582 arctissimo
867 3533 1067 3598 jejunio
1093 3549 1275 3584 mace-

205 3604 475 3655 rabuntur
498 3606 552 3655 in
578 3621 754 3672 poena,
785 3615 846 3655 ut
864 3606 1034 3673 culpae
1063 3620 1272 3671 eorum,

203 3676 414 3728 scilicet
454 3680 591 3745 gulae
612 3718 625 3742 ,
675 3694 829 3746 poena
876 3678 946 3728 sit
992 3680 1272 3730 contraria.

205 3746 358 3797 Sicut
396 3763 525 3814 ergo
548 3749 812 3799 contraria
851 3749 1139 3800 contrariis
1166 3766 1275 3815 pu-

206 3818 427 3869 nientur
448 3821 507 3870 in
531 3837 705 3887 poena,
737 3821 809 3871 ita
839 3821 1120 3871 contrariis
1139 3837 1276 3872 con-

206 3889 369 3942 traria
389 3891 565 3942 curari
598 3892 795 3944 debent
812 3891 871 3942 in
900 3890 1225 3958 poenitentia.
1245 3911 1274 3941 υ

2327 282 2433 355 319

1363 397 1471 448 Ubi
1500 396 1655 447 Beda
1678 414 1697 447 .·
1719 415 1751 444 ι
1776 398 1834 447 Si
1878 398 2016 449 beati
2053 408 2187 449 sunt
2225 399 2429 466 iniqui

1357 467 1579 533 justitiae
1602 481 1815 533 semper
1841 483 2006 535 opera
2026 470 2312 531 esuriunt,
2338 471 2432 521 in-

1359 538 1540 589 felices
1573 554 1604 589 e
1644 540 1913 590 contrario
1952 540 2256 591 aestimandi
2282 552 2430 607 sunt,

1361 612 1460 677 qui
1492 611 1599 661 sibi
1620 612 1676 662 in
1696 612 1981 663 desideriis
2006 614 2291 679 placenteS.
2314 616 2434 665 nul·

1361 685 1468 734 lam
1479 684 1593 735 veri
1618 684 1746 734 boni
1774 684 1971 735 famem
1991 686 2283 751 patiuntur,
2296 686 2428 738 satis

1360 770 1421 805 se
1447 753 1546 804 rati
1568 756 1770 815 beatos,
1797 755 1842 805 si
1862 771 1975 805 non
2000 756 2068 806 ad
2097 766 2312 823 tempus
2330 771 2430 807 sm

1360 826 1633 876 voluntate
1657 826 1950 891 priventur.
2020 828 2114 878 Voe
2151 828 2299 878 vobis
2336 828 2430 893 qui

1360 910 1502 947 nunc
1547 896 1764 959 ridetiS,
1818 897 1934 947 risu
1980 897 2312 960 inordinato,
2364 912 2430 947 ac

1364 968 1608 1034 gaudetis
1649 977 1704 1018 et
1739 968 1996 1018 lascivitis
2038 970 2233 1035 gaudio
2268 984 2428 1030 vano,

1363 1040 1491 1105 quia
1547 1039 1800 1105 lugebitis
1827 1101 1831 1105 .
1854 1039 2041 1089 dolore
2089 1039 2345 1099 interiori,
2380 1046 2433 1090 et

1345 1112 1559 1178 flebitis
1603 1112 1786 1161 dolore
1815 1112 2082 1162 exteriori.
2125 1112 2224 1162 Vel
2269 1112 2430 1177 luge-

1365 1184 1508 1247 bitis,
1555 1201 1651 1250 pro
1693 1184 1876 1234 omnis
1917 1184 2047 1234 boni
2078 1184 2305 1234 carentia
2335 1201 2348 1234 ε
2380 1190 2433 1235 et

1353 1255 1564 1321 flebitis
1574 1294 1592 1318 ,
1625 1271 1722 1321 pro
1751 1255 1931 1306 omnis
1961 1255 2087 1312 mali
2131 1255 2430 1321 praesentia,

1362 1325 1424 1375 in
1468 1326 1754 1376 ardoribus
1801 1324 2147 1391 sempiternis
2203 1326 2292 1376 ubi
2324 1324 2435 1375 erit

1351 1399 1522 1465 fletus
1561 1406 1616 1449 et
1646 1399 1857 1450 stridor
1892 1398 2145 1449 dentium.
2184 1399 2243 1449 Si
2278 1398 2431 1450 enim

1364 1474 1608 1539 lugentes
1654 1472 2038 1531 beatificentur,
2087 1480 2142 1521 et
2179 1472 2432 1521 consola-

1366 1544 1597 1607 buntur;
1628 1543 1822 1593 merito
1848 1543 2123 1603 ridentes,
2173 1552 2433 1609 tanquam

1365 1616 1573 1676 miseri,
1615 1615 2015 1666 cruciabunmr.
2044 1635 2073 1664 n
2100 1615 2251 1666 Unde
2278 1616 2432 1666 Salo·-

1364 1701 1500 1737 mon
1518 1688 1596 1738 ait
1619 1704 1635 1737 ε
1664 1687 1834 1738 Risus
1876 1688 2063 1738 dolore
2102 1688 2429 1751 miscebitur,

1363 1766 1422 1810 et
1460 1766 1711 1811 extrema
1738 1760 1935 1826 gaudii
1971 1761 2147 1812 luctus
2185 1766 2428 1827 occupat.

1367 1830 1475 1881 Ubi
1507 1830 1755 1881 Basilius
1785 1848 1803 1881 .·
1831 1848 1860 1877 α
1885 1832 2025 1881 Cum
2057 1831 2328 1881 Dominus
2349 1830 2434 1881 ri·-

1367 1901 1557 1951 dentes
1622 1916 1766 1951 nunc
1815 1911 2007 1967 arguat
2026 1938 2051 1961 ,
2117 1903 2293 1967 palam
2350 1911 2435 1951 est

1368 1972 1513 2039 quod
1565 1986 1844 2038 nunquam
1883 1974 1988 2022 erit
2031 1971 2176 2022 fideli
2224 1982 2436 2037 tempus

1369 2043 1529 2102 risus,
1563 2052 1615 2091 et
1636 2041 1906 2107 praecipue
1936 2042 1992 2092 in
2022 2041 2156 2091 tanti
2194 2041 2438 2091 multitu-

1367 2110 1496 2160 dine
1524 2125 1709 2159 eorum
1745 2109 1838 2174 qui
1870 2109 1926 2158 in
1955 2118 2166 2174 peccato
2197 2108 2438 2158 moriun-

1368 2195 1476 2247 tur,
1502 2199 1598 2250 pro
1627 2182 1827 2249 quibus
1855 2191 2063 2248 oportet
2100 2182 2298 2248 lugere.
2321 2201 2344 2228 »ι
2369 2182 2438 2233 Et

1369 2256 1798 2322 Chrysostomus
1827 2272 1844 2304 .-
1873 2274 1900 2301 «
1928 2255 2027 2304 Dic
2057 2263 2236 2304 autem
2275 2253 2434 2315 mihi,

1370 2343 1467 2378 cur
1495 2327 1796 2376 concuteris
1825 2336 1877 2376 et
1900 2326 2118 2388 defluiS,
2154 2325 2248 2390 qui
2277 2325 2440 2375 debes

1371 2401 1620 2453 assistere
1643 2400 1870 2450 terribili
1895 2400 2094 2465 judicio
2112 2438 2126 2459 ,
2156 2409 2209 2449 et
2238 2414 2438 2465 ponere

1370 2474 1637 2525 rationem
1667 2474 1733 2522 de
1765 2472 2020 2523 omnibus
2060 2472 2150 2521 hic
2184 2471 2436 2537 operatis.

1385 2546 1480 2596 Vae
1505 2545 1683 2606 vobis,
1730 2559 1863 2594 cum*
1896 2542 2266 2594 benedixerint
2290 2542 2440 2593 vobis

1373 2618 1628 2680 homineS,
1663 2615 1864 2666 scilicet
1889 2615 2174 2676 aduland0,
2215 2630 2274 2664 ac
2319 2615 2438 2664 lau-

1374 2688 1570 2749 dando,
1594 2697 1646 2737 et
1658 2686 1962 2736 extollendo
1979 2701 2073 2736 vos
2102 2700 2196 2750 per
2225 2686 2440 2749 applau-

1376 2776 1499 2812 sum
1527 2760 1707 2818 talem,
1731 2759 2030 2809 nutrientes
2057 2773 2152 2808 vos
2177 2756 2234 2806 in
2260 2757 2437 2818 malis,

1375 2841 1438 2883 ut
1458 2831 1588 2887 caeci*
1601 2829 1929 2888 efficiamini,
1953 2828 2310 2895 vosmetipsos
2328 2844 2437 2878 non

1379 2911 1788 2968 cognoscenteS,
1827 2914 1921 2949 nec
1949 2900 2282 2949 attendentes
2304 2899 2440 2949 illud

1377 2970 1622 3038 Apostoli
1654 2987 1668 3019 ι
1699 2969 1766 3019 Si
1810 2968 2106 3019 hominibus
2134 2969 2436 3035 placerem,

1376 3056 1566 3094 servus
1615 3039 1821 3090 Christi
1873 3054 1974 3089 non
2014 3053 2198 3090 essem.
2229 3041 2440 3090 Secun-

1374 3116 1510 3166 dum
1525 3114 1644 3173 hoc,
1661 3112 1942 3178 faciebant
1960 3113 2441 3179 pseudoprophetis

1375 3192 1564 3251 patres
1586 3199 1787 3246 eorum,
1814 3183 1908 3249 qui
1936 3183 2318 3234 benedicebant
2336 3183 2442 3233 illis

1378 3253 1677 3320 prophetis,
1709 3252 1801 3318 qui
1837 3254 1907 3303 ob
1946 3254 2262 3319 captandum
2293 3252 2441 3318 vulgi

1375 3328 1631 3387 savorem,
1687 3337 1740 3376 et
1778 3327 1843 3376 ad
1890 3327 2197 3377 habendum
2250 3326 2439 3392 populi

1373 3401 1714 3466 applausum,
1755 3400 1822 3448 de
1862 3399 2018 3448 corde
2055 3413 2176 3457 suo,
2223 3412 2336 3447 non
2373 3397 2442 3448 de

1373 3469 1581 3536 Spiritu
1603 3479 1657 3518 et
1677 3468 2028 3535 ore-Domini,
2051 3467 2444 3532 prophetabant

1376 3541 1590 3590 falsum.
1630 3540 1702 3589 Et
1741 3539 1844 3589 hoc
1872 3547 1955 3588 est
1980 3537 2127 3603 quod
2156 3535 2443 3587 Psalmista

1376 3611 1619 3676 deplorat
1636 3627 1652 3659 ε
1682 3609 1955 3670 Quoniam
1992 3607 2247 3657 laudatur
2276 3606 2331 3656 in
2359 3606 2446 3657 de·

1377 3680 1600 3732 sideriis
1637 3681 1835 3730 animae
1870 3692 2017 3738 suae5
2045 3683 2100 3727 et
2134 3677 2225 3742 qui
2257 3676 2442 3741 iniqua

1378 3752 1542 3818 gerit,
1571 3751 1910 3802 benedicitur.
1935 3749 2038 3799 Sed
2059 3758 2113 3798 et
2138 3761 2221 3799 ναι
2247 3747 2326 3796 eis
2343 3746 2440 3812 qui

1375 3822 1458 3871 sic
1494 3823 1728 3883 laudant,
1751 3819 1880 3887 quia
1906 3819 2029 3885 plus
2064 3828 2219 3869 nocet
2256 3817 2441 3883 lingua

1377 3892 1691 3956 adulatoris,
1737 3906 1900 3958 quam
1939 3889 2151 3957 gladius
2188 3903 2439 3956 persecu-
