2784 4452
247 401 347 454 150

237 528 359 572 rent
378 518 721 578 Archelaum,
745 518 899 569 ibant
927 527 1110 568 tamen
1137 517 1196 568 in
1226 517 1306 567 Je·
1354 527 1357 528 ’

234 592 474 645 rusalem
531 592 599 641 ad
654 591 798 641 diem
868 590 1065 641 festum
1099 605 1115 653 3
1175 590 1304 656 quia

239 676 448 733 poterat
474 664 592 715 fieri
621 673 683 713 ut
719 675 849 715 tunc
877 664 1019 714 inter
1059 674 1172 713 tam
1209 663 1303 712 in-

239 746 450 804 gentem
480 736 694 786 turbam
720 736 944 786 latenter
959 736 1305 786 ascenderent

239 824 369 860 mox
396 807 678 867 reversuri,
708 817 786 870 ut,
822 822 921 857 nec
963 806 1304 857 solemnitate

237 880 616 948 praetermissa,
652 890 835 930 essent
863 878 1172 945 irreligiosi,
1208 894 1306 928 nec

235 954 397 1019 longa
420 952 700 1002 mansione
727 952 1025 1017 conspicui.

303 1022 333 1074 3
368 1024 641 1074 Cuius-ms
668 1038 930 1073 nuonnms
965 1038 1220 1074 asenam?
1247 1038 1301 1072 m

234 1095 539 1146 Jmumnu
581 1111 651 1144 An
699 1111 826 1144 mm(
869 1095 1106 1144 PAscl-IAE.
1130 1122 1192 1132 -—
1228 1094 1306 1143 Et

236 1180 357 1218 cum
394 1165 589 1230 faetus
641 1171 780 1215 esset
821 1166 987 1215 Jesus
1039 1180 1302 1215 annorum

237 1238 534 1299 duodecim,
565 1236 809 1287 ascendit
833 1252 956 1287 cum
983 1238 1306 1303 parentibus

235 1309 661 1370 suis-,secundum
674 1308 842 1374 Legis
856 1310 1167 1359 consuetudi
1169 1323 1302 1370 nem,

234 1380 311 1431 ad
334 1380 473 1429 diem
501 1379 731 1445 festum,
761 1380 817 1430 in
838 1380 1165 1430 Jerusalem.
1195 1381 1307 1431 Per

234 1450 341 1502 hoc
369 1450 621 1510 ostendit,
655 1452 800 1517 quod
841 1466 872 1501 a
918 1451 1150 1517 pueritia
1200 1452 1300 1501 de—

233 1521 365 1572 bent
396 1521 650 1572 homines
671 1536 975 1572 assuescere
1001 1522 1069 1572 ad
1094 1522 1302 1584 divina,

236 1601 293 1642 et
316 1593 382 1642 ad
410 1592 556 1643 idem
576 1592 703 1643 facit
723 1594 887 1658 quod,
912 1592 1034 1642 aliis
1044 1594 1307 1643 receden-

234 1665 403 1726 tibUS‚
433 1666 491 1716 in
520 1668 639 1716 loco
693 1665 865 1735 divini
891 1666 1069 1716 cultus
1098 1681 1306 1716 reman-

235 1737 326 1789 sit.
356 1739 647 1789 Laboravit
666 1755 793 1805 ergo
822 1738 984 1788 etiam
1014 1753 1156 1787 nunc
1173 1754 1306 1805 puer

233 1808 392 1860 Jesus
420 1809 709 1860 itineribus
746 1808 944 1875 longis,
986 1818 1043 1859 et
1072 1808 1218 1858 vadit
1243 1819 1307 1859 ut

236 1878 471 1930 honoret
506 1880 721 1930 Patrem
750 1895 912 1929 suum
941 1879 1215 1930 coelestem
1248 1880 1304 1930 in

233 1948 387 1999 festis
417 1950 549 2010 suis,
583 1951 881 2009 obser-van·
901 1950 1180 2000 humiliter
1197 1950 1307 2000 Le-

233 2034 356 2087 gem
388 2021 661 2072 Dominus
678 2021 855 2087 Legis.
875 2021 1016 2081 Quia
1028 2021 1177 2072 enim
1201 2022 1310 2071 Do·-

232 2093 423 2146 minus
434 2095 580 2145 venit
600 2105 661 2145 ut
678 2097 826 2145 daret
839 2095 1022 2145 omnis
1033 2094 1309 2161 perfectio-

234 2168 325 2220 nis
354 2179 409 2219 et
438 2169 767 2220 humilitatis
791 2168 1306 2235 exemplum‚voluit

232 2241 451 2308 Legem,
469 2243 710 2308 quandiu
737 2251 936 2292 statum
962 2241 1170 2302 habuit,
1186 2258 1306 2292 con-

232 2327 466 2364 servare.
495 2314 600 2364 Ubi
634 2314 788 2364 Beda
821 2331 843 2364 :=
868 2332 897 2360 α
921 2313 1165 2363 Servavit
1189 2313 1305 2379 ipse

230 2386 432 2453 Legem
475 2403 640 2453 quam
678 2387 842 2451 dedit,
884 2397 946 2437 ut
987 2386 1147 2437 nobis
1205 2387 1303 2453 qui

231 2456 489 2508 homines
548 2474 739 2508 sumus
812 2458 933 2523 puri
963 2496 979 2517 ,
1050 2459 1303 2508 ostende-—

223 2537 311 2577 'ret
347 2530 672 2578 servandum
704 2543 798 2592 per
822 2528 1007 2578 omnia
1033 2528 1300 2595 quidquid
1360 2538 1363 2571 ὲ

230 2598 376 2648 Deus
420 2598 585 2662 jubet.
645 2599 947 2663 Sequamur
1012 2614 1141 2664 ergo
1200 2599 1302 2648 iter

229 2667 484 2718 humanae
514 2667 931 2718 conversationis
947 2669 1083 2733 eim,
1112 2668 1158 2718 si
1183 2669 1305 2718 dei-

228 2740 359 2790 tatis
390 2741 614 2806 gloriam
647 2742 972 2791 delactamur
995 2741 1192 2791 intueri
1226 2757 1239 2790 :
1272 2762 1299 2788 n

229 2811 350 2862 haec
389 2813 561 2862 Beda,
606 2813 719 2862 Nos
773 2811 954 2877 itaque
1003 2812 1181 2872 servi,
1233 2813 1301 2862 ad

230 2885 539 2950 exemplum
563 2884 787 2934 Domini
814 2884 1075 2934 debemus
1103 2900 1301 2951 magno

230 2956 415 3006 studio
450 2956 719 3006 bonorum
746 2971 972 3022 operum
1001 2965 1055 3006 et
1089 2971 1299 3022 praeve-

233 3025 350 3075 nire
396 3027 782 3087 solemnitateS,
824 3035 876 3077 et
915 3026 1195 3087 celebrare,
1240 3042 1299 3077 ac

230 3097 459 3148 sollicite
486 3098 666 3148 divina
696 3107 959 3164 praecepta
999 3098 1298 3149 observare.

231 3167 387 3218 Unde
416 3168 639 3234 quidam
662 3167 823 3218 frater
844 3178 955 3219 tam
983 3183 1191 3234 magnae
1215 3169 1306 3218 de-

228 3241 469 3292 votionis
504 3243 569 3293 ad
614 3241 748 3293 festa
788 3242 990 3293 Christi
1031 3252 1084 3292 et
1132 3242 1303 3293 baetae

230 3311 471 3378 Virginis
494 3351 508 3373 ,
565 3322 619 3362 et
673 3313 739 3363 ad
789 3312 987 3362 festum
1034 3313 1299 3363 Omnium

230 3383 545 3435 Sanctorum
581 3395 709 3449 erat,
748 3386 894 3452 quod
927 3394 1047 3435 ante
1081 3385 1301 3451 quodli-

231 3453 323 3505 bet
361 3455 556 3506 festum
586 3456 817 3522 jejuniis,
851 3471 911 3506 ac
945 3455 1297 3514 orationibus,

231 3536 285 3577 et
311 3527 772 3593 castigationibus,
801 3527 868 3576 ad
895 3526 1297 3592 suscipiendum

232 3598 415 3665 ipsum
464 3599 659 3650 festum
716 3616 775 3651 se
825 3599 1182 3665 praeparabat,
1244 3610 1299 3650 et

233 3672 494 3736 quamdiu
550 3671 766 3736 aliquod
816 3671 1014 3721 festum
1066 3670 1295 3733 duravit,

231 3742 440 3792 tamdiu
480 3743 622 3793 circa
661 3743 794 3792 illud
836 3741 1295 3805 meditationibuS,

231 3823 285 3864 et
307 3815 644 3865 orationibus
671 3830 729 3864 se
756 3815 1047 3880 occupavit.

293 3900 332 3949 4
385 3886 706 3934 Monam-mn
729 3924 743 3945 ,
798 3902 866 3934 ne
910 3901 1086 3936 nesus
1131 3901 1294 3936 cene—

231 3969 479 4017 nmn1s3
509 3970 577 4003 m·
596 3970 836 4015 ursi-1013,
865 3972 933 4005 nr.-
954 3972 1139 4005 mne
1169 3973 1297 4007 nuo-

232 4039 387 4074 nnnn.
424 4051 485 4062 —
521 4025 794 4083 Moraliter
824 4025 914 4076 hic
954 4025 1308 4087 instruimur,

940 401 1183 454 PRIMAE
1217 399 1470 452 PARTIS
1498 399 1731 453 CAPUT
1760 401 1877 453 XV.

1410 515 1556 581 qnod
1596 515 1898 584 specialiter
1930 516 1994 566 in*
2017 516 2212 567 diebus
2255 517 2482 585 festivis,

1411 588 1646 654 quilibet
1685 588 2025 639 Christianus
2067 590 2225 641 debet
2281 592 2358 643 ire
2413 595 2480 643 ad

1410 660 1594 710 locum
1629 675 1793 726 quem
1843 661 2004 727 elegit
2060 662 2364 723 Dominus,
2420 666 2480 717 id

1412 740 1522 790 est,
1570 732 1636 781 ad
1672 732 1999 795 Ecclesiam,
2049 749 2159 783 non
2201 736 2268 785 ad
2320 736 2482 787 thee--

1410 813 1576 863 trum,
1617 804 1701 854 vel
1746 803 2041 854 tabernam.
2087 805 2258 856 Debet
2293 823 2481 859 vacare

1409 874 1614 924 divinis
1638 874 1910 934 landibuS,
1939 891 2052 925 non
2081 876 2292 927 choreis
2312 888 2366 928 et
2391 894 2474 935 va-

1410 945 1687 996 nitatibus.
1729 946 1899 995 Debet
1946 945 2196 997 insistere
2235 949 2478 999 eleemo-

1411 1017 1584 1082 synis,
1614 1032 1725 1066 non
1769 1016 1970 1077 usuris,
2012 1019 2096 1068 vel
2133 1019 2343 1084 spoliis.
2379 1020 2482 1071 De·

1412 1091 1501 1140 bet
1541 1090 1819 1140 intendere
1858 1091 2018 1141 bonis
2057 1087 2330 1157 operibus,
2362 1110 2474 1146 non

1410 1161 1958 1213 commessationibus
2012 1171 2065 1212 et
2107 1164 2478 1215 ebrietatibus.

1413 1234 1550 1283 Nam
1586 1235 1654 1284 de
1690 1233 1783 1284 bis
1809 1234 1905 1300 qui
1937 1250 2089 1285 secus
2116 1234 2318 1287 faciunt
2345 1238 2488 1288 dicit.

1411 1305 1679 1372 Dominus
1735 1305 1794 1355 in
1841 1306 1975 1355 Isaia
2027 1322 2039 1355 :
2095 1306 2479 1358 Solemnitates

1412 1383 1627 1427 vestras
1662 1383 1714 1427 et
1750 1379 2051 1428 neomenias
2097 1385 2312 1429 vestras
2350 1381 2475 1430 odi-

1411 1447 1492 1497 vit
1515 1446 1698 1496 anima
1737 1460 1873 1497 mea.
1905 1449 2199 1514 Postquam
2228 1464 2358 1515 ergo
2382 1451 2480 1500 Je-

1412 1532 1507 1568 sus
1536 1519 1604 1568 ad
1640 1528 1850 1569 aetatem
1889 1520 2173 1569 duodecim
2204 1536 2476 1572 annorum

1411 1590 1576 1651 venit,
1608 1606 1764 1642 suam
1790 1592 2105 1658 sapientiam
2134 1594 2478 1645 manifestare

1412 1664 1589 1729 coepit,
1621 1675 1674 1715 et
1714 1665 1919 1730 aperire
1959 1666 2091 1732 quid
2132 1667 2271 1716 Patri
2312 1668 2476 1717 coele-

1409 1734 1512 1795 sti,
1568 1736 1701 1801 quid
1752 1746 1979 1787 terrenae
2026 1737 2182 1787 Matri
2240 1738 2486 1788 deberet,

1411 1809 1563 1859 AEtas
1613 1808 1763 1858 enim
1827 1809 2093 1860 duodenis
2149 1820 2311 1877 typus
2362 1821 2478 1861 erat

1412 1879 1696 1930 duodecim
1738 1881 2149 1947 Apostolorum,
2197 1899 2293 1949 per
2334 1900 2478 1950 quos

1411 1950 1666 2001 divinitas
1720 1962 1773 2002 et
1826 1952 2138 2003 humanitas
2196 1956 2312 2020 ejus
2364 1965 2480 2005 erat

1412 2037 1506 2087 per
1547 2023 1734 2072 orbem
1786 2024 2083 2075 nuntianda
2128 2026 2474 2089 universum3

1411 2105 1551 2145 recte
1598 2110 1727 2161 ergo
1762 2096 1819 2145 in
1878 2097 2208 2148 duodenario
2244 2115 2480 2149 numero

1410 2166 1565 2232 jubar
1594 2166 1935 2232 perfectionis
1960 2169 2074 2234 ejus
2097 2170 2350 2221 declarari
2380 2171 2485 2221 in-

1410 2238 1582 2303 cepit,
1635 2253 1729 2304 per
1782 2254 1947 2305 quem
1994 2240 2147 2306 quasi
2191 2257 2288 2307 per
2330 2242 2478 2292 duo-

1409 2311 1584 2362 decim
1646 2312 1855 2372 tribus‚
1918 2322 1973 2363 et
2031 2329 2125 2379 per
2188 2315 2479 2365 duodecim.

1366 2391 1372 2396 ’
1408 2383 1695 2448 Apostolos
1730 2383 2054 2435 universitas
2091 2386 2473 2437 saivandorum

1410 2451 1761 2518 significatur.

1474 2521 1502 2572 5
1525 2523 1815 2584 Cmusrus,
1836 2541 2163 2577 nummus
2190 2544 2390 2588 mscns,
2415 2545 2476 2580 nr

1406 2595 1711 2646 anusnum
1737 2613 1998 2647 numum:
2025 2627 2091 2635 —
2113 2599 2486 2650 consumma--

1360 2688 1361 2695 1
1409 2666 1480 2716 tis
1507 2673 1685 2717 autem
1713 2668 1899 2717 diebus
1925 2667 2095 2728 festis,
2125 2679 2182 2719 et
2209 2673 2475 2736 completa

1407 2740 1748 2791 solemnitate
1768 2756 1894 2806 quae
1931 2756 2025 2806 per
2064 2742 2180 2792 dies
2211 2753 2329 2792 octo
2363 2744 2482 2794 du-

1408 2809 1572 2870 rabat,
1603 2811 1973 2861 recedentibus
2015 2814 2344 2878 parentibu5‚
2381 2828 2473 2865 re-

1407 2882 1604 2932 mansit
1633 2884 1781 2933 Puer
1820 2884 1874 2934 in
1914 2885 2251 2947 Jerusalem;
2289 2903 2400 2936 non
2441 2902 2478 2938 a

1360 3020 1365 3025 „
1406 2968 1550 3014 casu,
1580 2969 1680 3004 nec
1708 2964 1991 3021 parentum
2021 2956 2347 3022 negligentia
2387 2959 2474 3008 vel

1406 3025 1697 3086 oblivione,
1727 3027 1822 3076 sed
1845 3042 1941 3077 sua
1968 3029 2241 3078 voluntate
2282 3039 2335 3079 et
2376 3045 2475 3079 or-

1406 3096 1698 3158 dinatione,
1727 3107 1788 3146 ut
1806 3098 2077 3164 apueritia
2104 3099 2280 3149 zelum
2309 3115 2474 3151 suum

1406 3169 1710 3217 ostenderet
1734 3167 1875 3218 circa
1906 3168 2227 3232 spiritualia,
2252 3179 2306 3220 et
2331 3170 2476 3220 sicut

1408 3237 1719 3303 parentibus
1754 3240 1901 3304 quod
1938 3239 2167 3290 debebat
2202 3240 2482 3291 exhibue*

1407 3320 1518 3370 rat,
1559 3311 1852 3360 ascendens
1906 3327 2031 3361 cum
2081 3312 2162 3362 eis
2215 3323 2478 3380 tanquam

1405 3379 1571 3430 homo
1602 3396 1726 3430 cum
1755 3381 2075 3433 hominibus
2104 3384 2170 3434 ad
2200 3383 2484 3435 offerenda-

1404 3452 1516 3501 Deo
1554 3450 1827 3514 sacrificia,
1856 3453 1937 3503 sic
1976 3454 2138 3504 etiam
2188 3454 2328 3505 Patri
2370 3458 2478 3505 de·-

1406 3523 1580 3574 bitum
1617 3524 1911 3590 spiritualis
1947 3527 2206 3576 doctrinae
2227 3528 2472 3578 vacando

1402 3594 1698 3646 exhiberet.
1728 3596 1810 3646 Et
1842 3611 1950 3648 non
1976 3604 2346 3662 cog-noverunt
2371 3613 2474 3664 pa-

1403 3672 1586 3716 rentes
1611 3667 1746 3733 ejus,
1773 3667 1827 3718 id
1860 3677 1958 3727 est,
1987 3683 2096 3718 non
2125 3668 2477 3720 adverterunt

1403 3738 1554 3803 quod
1575 3737 1632 3787 in
1663 3738 1957 3789 Jerusalem
1994 3750 2309 3799 remaneret,
2341 3741 2474 3790 exi-

1402 3810 1681 3860 stimantes
1731 3810 1880 3861 illum
1924 3825 2042 3862 esse
2090 3812 2143 3861 in
2194 3812 2465 3871 comitatu,

1402 3880 1456 3930 id
1486 3890 1582 3941 est,
1614 3881 1756 3931 inter
1793 3896 1885 3931 eos
1924 3882 2019 3947 qui
2049 3881 2215 3932 simul
2246 3881 2486 3933 fuerunt

1402 3953 1659 4004 comitati.
1689 3954 1901 4004 Secreto
1929 3964 2109 4004 autem
2131 3963 2184 4004 et
2210 3954 2292 4004 eis
2320 3954 2470 4020 igno-

1400 4027 1664 4089 rantibus,
1708 4043 1985 4080 remanere
2033 4027 2220 4088 voluit,
2262 4043 2329 4078 ne
2372 4037 2472 4079 aut,
