2784 4452
797 311 894 361 DE
929 308 1382 360 POENITENTIA
1414 307 1784 360 FACIENDA.

159 429 406 491 mortali,
454 438 667 479 tenetur
719 429 886 479 homo
930 426 1229 493 specialiter

155 499 393 562 conteri,
424 498 473 549 si
515 498 675 548 habet
718 497 1029 548 distinctam
1058 508 1229 562 pecca—

155 581 343 622 torum
368 568 706 620 memoriam.
739 569 896 630 Nam,
933 568 1226 618 secundum

159 643 789 712 Chrysostommn,sicut
812 641 870 691 in
902 641 1068 692 radiis
1097 642 1230 691 sola·

154 716 310 767 ribus
326 716 582 766 videntur
598 713 767 765 atomi
781 713 979 765 minuti
1009 713 1063 765 in
1088 729 1228 775 aere,

155 787 253 852 qui
279 799 619 852 nequaquam
653 794 801 835 extra
823 784 1003 836 radios
1029 784 1229 834 solares

152 867 442 923 apparent;
476 857 550 906 ita
592 855 760 907 menti
801 855 951 906 radio
988 854 1226 905 circurn-

152 927 450 994 spectionis
469 928 700 994 propriae
718 928 1016 992 illustratae,
1057 943 1224 994 appa-

152 1008 277 1048 rent
302 1013 398 1048 seu
426 997 664 1048 defectus
695 997 1053 1049 minutissimi
1078 1036 1094 1059 ‚
1126 994 1221 1065 qui

150 1070 275 1121 aliis
324 1071 632 1131 desidiosis,
673 1086 733 1122 ac
778 1087 873 1137 per
911 1071 1016 1122 hoc
1067 1080 1224 1122 tene-

153 1140 332 1193 brosis
382 1143 657 1194 mentibus
681 1176 697 1206 ‚
759 1144 1109 1194 occultantur.
1159 1143 1222 1195 Si

151 1215 279 1264 vero
330 1214 594 1280 quaeritur
615 1251 633 1277 ‚
675 1215 938 1281 quamdiu
983 1215 1109 1282 quis
1152 1215 1224 1265 de

152 1287 382 1353 peccatis
424 1288 603 1338 dolere
665 1288 874 1352 debeat,
926 1288 1221 1340 dicendum

148 1359 301 1424 quod
338 1358 505 1419 Deus,
539 1359 754 1424 quando
791 1359 1026 1410 absolvit
1050 1359 1224 1410 homi·

152 1443 278 1480 nem
307 1445 341 1480 a
378 1430 595 1480 vinculo
625 1431 842 1496 peccati,
866 1444 963 1483 seu
991 1444 1022 1482 a
1068 1433 1224 1497 culpa

148 1510 203 1550 et
223 1513 254 1551 a
283 1515 445 1566 poena
461 1509 671 1562 aeterna,
696 1500 828 1567 ligat
855 1517 981 1552 eum
1004 1502 1221 1552 vinculo

148 1580 422 1636 perpetuae
441 1569 806 1621 detestationis
825 1572 1042 1637 peccati.
1068 1572 1221 1625 Unde

149 1643 286 1693 utile
347 1652 429 1692 est
484 1643 631 1708 quod
668 1645 915 1694 sacerdos
980 1644 1219 1712 aliquam

144 1713 534 1780 poenitentiam,
577 1725 1072 1782 quantumcumque
1108 1732 1221 1782 par-

145 1798 290 1846 vam,
327 1795 638 1851 perpetuam
675 1786 932 1853 injungat,
965 1798 1028 1838 ut
1052 1787 1219 1839 homo

145 1867 243 1920 per
284 1855 407 1915 hoc,
447 1866 784 1920 peccatorum
811 1872 1036 1908 suorum
1078 1874 1218 1923 prae-

145 1924 454 1986 teritorum‚
501 1926 792 1992 aliquando
823 1927 881 1978 in
930 1929 1218 1979 contritio-

144 1996 234 2047 nis
257 1997 456 2063 spiritu
480 2008 885 2050 rememoretur.
918 2001 1024 2050 Sed
1065 2000 1217 2050 dete—

142 2069 308 2120 statio
337 2071 533 2137 peccati
581 2081 839 2137 perpetua
882 2083 963 2123 est
996 2073 1214 2138 duplex.

145 2140 414 2201 Quaedam
461 2143 518 2192 in
565 2153 703 2205 actu,
736 2145 804 2196 ad
840 2160 1006 2212 quam
1050 2146 1216 2197 homo

144 2226 257 2265 non
282 2224 497 2267 tenetur
540 2230 779 2283 semper-3
813 2218 859 2269 si
888 2218 1013 2286 quis
1035 2230 1216 2272 tamen

142 2283 358 2348 faceret,
393 2283 735 2353 perfectionis
783 2302 940 2351 esset,
982 2302 1096 2343 non
1131 2302 1216 2343 ta-

141 2372 271 2410 men
303 2361 531 2412 omnino
558 2364 627 2414 de
649 2365 899 2416 essentia.
924 2366 1073 2417 Sicut
1102 2368 1219 2418 bea-

140 2440 232 2482 tus
262 2433 453 2483 Petrus
479 2434 675 2501 legitur
694 2448 905 2502 semper
924 2437 1149 2500 flevisse,
1165 2448 1219 2489 et

138 2512 358 2554 sanctus
381 2504 550 2555 David
566 2507 661 2572 qui
676 2507 884 2558 dicebat
898 2523 913 2558 ε
927 2509 1216 2561 Peccatum

139 2585 334 2636 meum,
364 2577 571 2638 contra,
617 2576 672 2626 id
697 2587 778 2628 est
822 2590 1000 2629 coram
1030 2592 1114 2631 me
1136 2587 1219 2631 est

138 2653 371 2712 semper.
395 2646 518 2696 Alia
533 2657 619 2699 est
642 2648 699 2698 in
730 2649 939 2711 habitu,
961 2651 1029 2701 ad
1051 2665 1216 2719 quam

138 2711 313 2767 homo·
364 2730 576 2785 semper
608 2729 837 2784 tenetur,
881 2723 1045 2773 etiam
1093 2734 1218 2791 post

136 2788 433 2909 §effectam
481 2792 680 2857 peccati
717 2794 1115 2847 remissionem.
1140 2797 1217 2847 De

179 2869 239 2909 ac
269 2860 523 2922 secunda,
557 2861 689 2913 dicit
732 2865 1078 2930 Augustinus
1130 2868 1218 2917 lo·-

139 2942 317 2995 quens
380 2931 448 2982 de
507 2933 802 2998 poenitente
839 2950 853 2985 z
890 2953 920 2983 a
948 2936 1218 2989 Poenitens

136 3012 338 3052 omnes
364 2999 569 3054 fructus
591 3004 921 3069 poenitentiae
958 3018 1068 3058 suae
1091 3021 1218 3075 par-

137 3081 242 3121 vos
289 3068 501 3133 habeat,
546 3089 830 3142 nunquam
871 3078 1118 3144 sufficiat,
1164 3090 1219 3132 et

140 3153 358 3209 semper
409 3144 614 3206 doleat,
665 3157 719 3197 et
758 3147 825 3198 de
852 3147 1039 3199 dolore
1080 3164 1217 3217 gau-

138 3212 292 3277 deat3
337 3227 447 3263 non
485 3230 698 3282 semper
731 3217 970 3271 doluisse
1012 3238 1071 3273 se
1111 3224 1216 3275 do-

138 3281 266 3345 leat,
289 3295 502 3368 semper
515 3301 613 3353 pro
633 3289 891 3353 Domino,
913 3303 1214 3362 antequem

139 3365 410 3421 peccavit,
462 3359 763 3422 erubescat,
807 3362 1048 3415 dolorem
1089 3377 1213 3417 cum

134 3425 250 3478 vita
277 3426 448 3480 finiat.
473 3449 501 3478 >³
517 3430 588 3481 Et
606 3432 801 3484 iterum
827 3451 842 3485 z
873 3453 902 3483 (ι
919 3438 1030 3487 Aut
1050 3438 1218 3489 conti-

136 3499 241 3581 nui
276 3501 489 3554 dolores
517 3506 830 3559 cruciabunt
860 3511 1211 3575 poenitentem

134 3579 308 3621 vitam
369 3587 570 3640 meam;
624 3587 717 3629 aut
766 3580 951 3631 aeterni
1002 3583 1213 3633 crucia*

136 3650 233 3692 tus
268 3645 542 3697 vexabunt
585 3648 917 3713 puniendam
972 3653 1212 3705 animam

137 3724 320 3765 meam
364 3733 389 3792 Ἰε
436 3732 465 3766 n
522 3719 634 3771 haec
697 3721 1073 3788 Augustinus.'
1108 3727 1212 3777 Iste

136 3799 269 3853 ergo
327 3789 483 3842 dolor
519 3807 724 3845 cessare
780 3809 891 3846 non
938 3796 1101 3850 debet·
1152 3800 1210 3849 in

138 3858 454 3938 poenitente,
480 3878 576 3915 nec
598 3864 747 3917 finiri
768 3866 824 3917 in
848 3866 950 3919 hac
967 3869 1094 3931 vita,
1114 3869 1209 3921 sed

134 3938 280 3981 sicut
324 3931 492 3985 homo
533 3935 588 3986 in
629 3935 821 4000 Deum,
856 3939 952 4005 qui
980 3948 1211 3992 aeternus

2297 303 2398 355 203

1334 436 1440 486 est,
1485 424 1744 491 peccavit3
1797 423 1872 474 ita
1916 422 1974 472 in
2016 432 2216 472 aeterno
2268 437 2398 483 suo,

1334 498 1535 549 scilicet
1555 497 1816 564 quamdiu
1847 494 2056 555 vixerit,
2081 495 2260 545 dolere
2301 495 2401 545 de-

1334 571 1441 620 bet.
1468 570 1574 620 Sed
1598 568 1756 619 multi
1783 576 2008 634 gemunt
2046 582 2143 632 pro
2176 564 2402 631 peccatis

1333 656 1444 691 non
1494 639 1642 707 quod
1703 646 1909 705 peccata
1952 636 2031 687 eis
2082 634 2401 701 displiceant

1333 722 1551 779 propter
1578 714 1774 776 Deum,
1803 712 1895 761 sed
1919 720 2136 777 propter
2164 724 2397 774 poenam.

1333 786 1635 836 Nonnullos
1684 786 1846 836 etiam
1888 784 2111 850 poenitet
2139 796 2396 848 peccasse,

1331 873 1430 923 pro
1468 858 1584 907 solo
1618 855 1812 923 peccati
1858 854 2212 922 turpitudine.
2255 855 2398 904 Pru-

1329 939 1513 979 ctuosa
1537 944 1663 994 ergo
1692 927 1944 978 contritio
1991 936 2089 986 est,
2119 942 2242 976 cum
2272 924 2399 991 quis

1328 1004 1395 1053 de
1422 1011 1652 1068 peccam,
1677 1014 1786 1067 quo
1825 1001 1997 1050 Deum
2026 999 2265 1058 offendit,
2294 999 2398 1048 do·-

1327 1074 1419 1134 let‚
1449 1083 1501 1124 et
1530 1072 1658 1122 inde
1687 1072 1933 1122 turbatur
1965 1079 2018 1120 et
2050 1069 2240 1135 gemit;
2268 1068 2399 1135 quia

1328 1146 1607 1212 iniquitas,
1648 1159 1831 1195 amore
1862 1143 2097 1209 justitiae,
2143 1141 2247 1192 sibi
2278 1141 2397 1191 dis—

1327 1218 1504 1284 plicet.
1558 1218 1624 1267 Et
1674 1214 1993 1282 quantocius
2063 1213 2261 1279 aliquis
2319 1212 2399 1262 sic

1326 1306 1448 1342 vere
1477 1290 1731 1358 poenitet,
1774 1287 2043 1339 tantocius
2082 1287 2227 1337 Deus
2268 1301 2397 1352 pec-

1325 1371 1505 1412 catum
1532 1360 1778 1411 dimittit.
1815 1360 1909 1410 Est
1938 1368 2116 1408 autem
2147 1357 2244 1407 Dei
2278 1371 2398 1422 pec-

1325 1440 1440 1482 cata
1500 1430 1771 1481 dimittere
1792 1464 1811 1490 ,
1879 1429 1935 1480 id
2000 1437 2080 1479 est
2139 1437 2395 1477 aeternam

1326 1519 1542 1570 poenam
1574 1520 1672 1570 pro
1720 1501 1831 1555 illis
1867 1501 2122 1560 debitam,
2159 1514 2251 1565 per
2278 1500 2395 1550 col·—

1324 1577 1581 1629 lationem
1611 1575 1887 1643 praesentis
1929 1573 2111 1640 gratiae
2142 1573 2393 1623 relaxare.

1322 1649 1411 1699 Sic
1438 1663 1655 1715 quoque
1689 1646 1910 1698 actualis
1941 1643 2157 1710 peccati,
2186 1658 2279 1708 per
2305 1642 2395 1693 vi-

1323 1720 1684 1771 vificationem
1732 1718 1955 1778 mentiS,
1996 1727 2194 1767 aeterna
2237 1726 2395 1779 poena

1324 1793 1569 1856 relaxata,
1606 1790 1937 1858 relinquitur
1982 1785 2312 1852 temporalis,
2334 1783 2392 1834 in

1322 1876 1487 1929 quam
1532 1872 1730 1912 aeterna
1779 1871 1862 1912 est
1925 1866 2276 1916 commutata,
2331 1863 2394 1904 ut

1320 1935 1469 2001 quod
1530 1933 1718 1984 illicita
1759 1930 1958 1982 animae
2013 1926 2388 1986 delectatione.

1322 2007 1436 2058 sive
1474 2006 1639 2057 etiam
1702 2003 1917 2055 carnali
1937 2003 2209 2066 voluptate
2252 2013 2393 2049 com—

1318 2078 1555 2128 missum
1609 2086 1721 2137 est,
1770 2072 2150 2125 satisfactionis
2212 2069 2391 2135 dignae

1320 2147 1682 2199 amaritudine
1721 2153 1981 2211 purgetur
2030 2142 2098 2193 ab
2144 2139 2389 2199 homine,

1317 2221 1454 2272 dum
1491 2219 1631 2280 licet,
1660 2233 1731 2269 ne
1760 2215 2058 2268 districtius
2088 2229 2120 2264 a
2145 2212 2257 2263 Deo
2282 2225 2391 2277 pu·—

1322 2293 1503 2343 niatur
1541 2291 1600 2341 in
1627 2291 1829 2350 sutum,
1861 2287 1989 2354 quia
2027 2285 2239 2336 nullum
2267 2296 2390 2333 ma—

1320 2365 1438 2414 lum
1484 2360 1717 2429 praeterit
1759 2358 2112 2424 impunitum.
2156 2355 2252 2405 Est
2285 2368 2390 2404 au·-

1319 2448 1432 2488 tem
1484 2437 1682 2502 duplex
1737 2431 2066 2501 poenitentiae
2119 2427 2389 2495 gemitus.

1319 2508 1403 2559 vel
1426 2509 1559 2559 dum
1590 2507 1899 2575 plangimus
1930 2503 2075 2571 quod
2102 2500 2242 2550 male
2264 2509 2391 2566 ges-

1320 2580 1513 2641 simus,
1535 2580 1620 2631 vel
1643 2580 1777 2629 dum
1791 2576 2100 2643 plangimus
2121 2570 2252 2638 quia
2274 2575 2389 2619 non

1320 2651 1533 2719 egimus
1558 2651 1708 2718 quod
1738 2664 1894 2716 agere
1914 2645 2223 2697 debuimus.

1384 2722 1420 2773 8
1465 2723 1545 2773 Du
1585 2729 1936 2772 confussionis
1989 2729 2127 2765 orus.
2171 2739 2234 2751 -—
2282 2711 2388 2761 Se—

1320 2797 1499 2847 cunda
1524 2809 1648 2863 pars
1676 2791 1999 2861 poenitentiae
2034 2797 2116 2839 est
2142 2787 2253 2838 oris
2268 2801 2391 2837 con-

1320 2866 1503 2919 fessi0.
1566 2866 1662 2917 Est
1720 2875 1898 2916 autem
1963 2858 2249 2919 con-fessio,
2294 2868 2389 2925 per

1320 2954 1487 3007 quam
1510 2940 1735 2989 morbus
1759 2939 1949 2995 latenS‚
1964 2945 2060 3000 spe
2080 2931 2245 2984 veniae
2272 2945 2393 2996 ape-

1321 3011 1476 3061 ritur.
1510 3011 1577 3061 Et
1607 3019 1687 3059 est
1713 3006 1980 3059 confessio
2007 3003 2207 3071 duplex
2233 3012 2389 3068 quae-

1319 3081 1446 3131 dam
1479 3080 1747 3144 mentalis,
1797 3092 1918 3145 quae
1949 3076 2011 3126 fit
2037 3091 2216 3126 coram
2254 3074 2386 3133 Deo,

1318 3163 1372 3204 et
1414 3149 1527 3204 haec
1562 3162 1643 3204 est
1683 3153 1751 3203 de
1777 3152 1894 3218 jure
1939 3148 2199 3211 naturali3
2237 3159 2388 3212 quae—

1319 3226 1445 3275 dam
1474 3223 1671 3275 vocalis
1699 3238 1819 3291 quae
1847 3222 1908 3273 fit
1934 3219 2168 3279 homini,
2197 3226 2249 3267 et
2275 3216 2388 3266 hoec

1321 3312 1433 3348 non
1464 3306 1545 3348 est
1567 3298 1634 3347 de
1655 3298 1771 3363 jure
1794 3293 2045 3346 naturali.
2073 3291 2242 3358 igitur
2263 3296 2388 3337 ante

1321 3369 1749 3421 Incarnationern
1826 3367 2032 3419 Christi
2090 3359 2389 3414 sufficiebat

1319 3439 1576 3506 mentalis
1615 3439 1899 3501 confessiO,
1936 3437 2076 3487 facta-
2105 3435 2217 3484 Deo
2261 3428 2385 3490 soli·

1316 3513 1447 3581 quia
1479 3515 1624 3566 Deus
1650 3514 1892 3565 nondum
1921 3520 2035 3562 erat
2061 3510 2246 3560 horno·
2278 3497 2386 3555 sed

1319 3595 1608 3654 postquam
1654 3586 1799 3637 Deus
1845 3585 2011 3635 homo
2055 3580 2225 3633 factus
2262 3586 2343 3628 est
2367 3609 2384 3636 .

1318 3656 1549 3723 requirit
1593 3658 1660 3708 ab
1684 3652 1909 3708 homine
1939 3654 2088 3721 quod
2116 3647 2385 3702 confessio

1317 3728 1424 3778 sibi
1453 3737 1713 3797 tanquam
1757 3727 1967 3779 homini
2001 3726 2110 3777 fiat.
2157 3723 2230 3774 Et
2257 3719 2385 3788 quia

1318 3799 1436 3867 ipse
1467 3801 1525 3851 in
1567 3801 1742 3853 forma
1782 3801 2051 3859 humana,
2097 3796 2383 3847 nobiscum

1315 3871 1521 3938 ubique
1539 3883 1774 3938 pra-‚sens
1787 3883 1905 3921 esse
1938 3883 2050 3919 non
2079 3876 2271 3935 potest,
2296 3862 2385 3915 vi·

1315 3943 1489 3995 carios
1548 3957 1682 3995 suos
1758 3940 2038 3994 constituit
2095 3938 2384 4000 homines,
2469 3972 2472 3976 -
