2784 4452
776 259 870 310 DE
903 259 1122 310 PRIMA
1152 259 1691 313 DISCIPULORUM
1722 262 2154 316 VOCATIONE.

323 374 395 424 ad
415 373 714 432 Christum,
741 373 915 423 sciens
937 373 1003 422 de
1033 373 1242 441 reliquo
1266 388 1392 424 eum

330 463 442 498 non
476 445 951 506 contradicturum,
974 446 1020 497 si
1046 448 1205 498 verba
1232 458 1284 498 et
1305 450 1396 499 do-

327 519 558 569 ctrinam
587 517 734 568 illius
766 518 1075 584 gustaverit.
1099 519 1391 570 Nathanael

324 588 705 654 interpretatur
744 588 938 638 donum
979 588 1086 638 Dei
1092 604 1112 650 ,·
1154 598 1206 639 et
1245 591 1390 654 quod

326 660 524 726 aliquis
543 661 609 711 ad
638 659 919 710 Christum
947 660 1296 721 convertitur,
1327 678 1391 712 ex

325 734 470 782 dono
503 731 600 782 Dei
623 741 720 783 est.

395 818 458 857 xo
492 803 634 852 Hmc
669 819 896 853 secam-A
946 818 1185 854 nevi-:mr
1216 804 1391 854 Cum-

323 887 475 924 srus,
512 901 573 911 ——-
606 873 678 924 Et
705 874 838 924 vidit
863 875 1043 938 Jesus,
1079 874 1277 924 intuitu
1298 875 1388 924 di-

322 945 595 1006 lectionis,
627 946 940 997 Nathanael
981 947 1269 998 venientem
1315 947 1390 998 ad

322 1030 398 1078 se,
426 1025 479 1067 et
520 1017 694 1083 magis
731 1017 879 1068 intus
913 1032 1077 1084 quam
1111 1029 1259 1069 extra
1287 1034 1386 1085 ap-

322 1090 804 1158 propinquantem3
863 1091 996 1158 ¹quia
1037 1107 1150 1142 non
1208 1094 1385 1142 solum

319 1162 455 1213 vidit
483 1179 676 1229 corpus
702 1164 952 1223 exteriuS,
974 1164 1066 1215 sed
1094 1165 1255 1215 etiam
1297 1182 1387 1217 cor

320 1233 493 1300 ipsius
526 1234 769 1294 interius,
803 1241 854 1285 et
903 1235 1034 1285 dicit
1068 1236 1134 1285 de
1158 1251 1237 1299 eo,
1274 1236 1383 1287 cir-

320 1306 717 1375 cumstantibus
747 1323 762 1355 ι
793 1306 938 1356 Ecce
992 1320 1115 1356 vere
1167 1308 1384 1359 Israeli-

319 1383 393 1440 ta,
424 1379 598 1428 Deum
645 1378 851 1438 videnS,
895 1376 948 1427 in
976 1394 1079 1444 quo
1131 1380 1302 1442 doluS‚
1331 1391 1383 1432 et

311 1450 591 1502 simulatio
620 1466 722 1503 non
756 1457 838 1501 est
848 1467 868 1512 ;
893 1466 1020 1500 nam
1056 1452 1174 1503 sine
1213 1453 1383 1504 inten-

316 1521 461 1572 tione
513 1522 623 1572 doli
671 1531 724 1572 et
765 1521 1012 1571 falsitatis
1051 1523 1295 1574 veniebat
1320 1535 1384 1577 ut

315 1592 592 1643 veritatem
641 1603 990 1659 agnosceret:
1019 1593 1237 1644 sienim
1283 1595 1382 1646 ha-

315 1664 407 1714 bet
432 1674 658 1730 peccata,
680 1663 963 1715 confitetur
995 1680 1083 1728 ea;
1131 1682 1242 1716 non
1271 1666 1380 1734 igi-

316 1746 404 1785 tur
425 1746 579 1803 negat
605 1752 731 1787 eum
769 1751 885 1786 esse
914 1746 1257 1802 peccatorem,
1288 1739 1380 1788 sed

313 1807 493 1858 laudat
532 1807 587 1857 in
635 1823 699 1858 eo
743 1806 1380 1860 confessionem.-Dolosi

313 1878 518 1945 quippe
559 1888 704 1939 sunt,
739 1878 833 1944 qui
878 1894 935 1928 se
965 1880 1379 1945 praedicant-bo-

316 1964 415 1999 nos
445 1959 496 2015 et
530 1949 719 2014 justOS,
749 1964 873 1998 cum
899 1949 1010 2000 sint
1039 1950 1165 2000 mali
1186 1960 1238 2000 et
1256 1966 1379 2016 pec-

310 2030 530 2071 catores,
561 2022 784 2086 Magnus
823 2021 923 2071 iste
949 2022 1032 2073 vir
1063 2022 1376 2084 Nathanael,

311 2091 405 2141 cui
429 2090 545 2156 ipse
573 2091 842 2141 Dominus
867 2093 971 2142 tale
1001 2092 1376 2144 testimonium

309 2162 591 2231 perhibet!
615 2165 771 2214 Israel
795 2163 1168 2231 interpretatur
1192 2166 1376 2218 videns

310 2236 500 2298 Deum,
524 2235 670 2285 unde
695 2235 890 2285 dicitur
911 2252 1067 2287 verus
1105 2237 1340 2288 Israelita
1361 2256 1375 2289 z

310 2307 506 2372 prim0,
537 2322 602 2357 ex
644 2305 765 2370 fide,
806 2323 912 2374 qua
947 2307 1052 2372 jam
1082 2308 1255 2358 Deum
1288 2309 1376 2359 vi-

309 2379 436 2428 dere
469 2387 522 2428 et
563 2377 621 2427 in
660 2393 784 2428 eum
815 2379 1028 2430 credere
1052 2379 1374 2446 inbcipiebat3

309 2448 437 2515 quia
474 2449 774 2500 instructus
811 2449 867 2499 in
903 2450 1042 2517 Lege
1079 2467 1173 2518 per
1213 2451 1374 2504 fidem

308 2530 363 2570 et
389 2519 789 2587 intelligentiam
813 2521 1231 2588 Scripturarum,
1264 2525 1374 2574 sal-

309 2603 418 2642 tem
448 2607 541 2656 per
567 2592 868 2657 speculum,
898 2602 951 2643 et
981 2593 1036 2643 in
1069 2594 1371 2661 aenigmate‚

305 2662 482 2712 Deum
510 2661 740 2712 videbat.
769 2662 1031 2723 Secund0,
1071 2680 1136 2714 ex
1177 2665 1374 2716 confes-

303 2732 480 2792 sione,
521 2747 686 2797 quam
735 2732 953 2782 Christo
1000 2735 1372 2799 respondendo

305 2801 548 2853 faciebat.
617 2801 819 2852 Videns
888 2817 1013 2869 ergo
1078 2804 1371 2856 Nathanael

305 2875 453 2940 quod
504 2874 868 2925 conditionem
910 2890 1022 2926 suae
1061 2878 1260 2928 mentis
1289 2893 1373 2929 ex-

302 2955 593 3010 presserat,
645 2945 897 3012 quaesivit
977 2947 1119 2997 unde
1187 2947 1367 3014 ipsum

301 3015 520 3078 sciebat,
550 3017 774 3068 dicens:
809 3018 961 3069 Unde
1000 3033 1083 3069 me
1112 3019 1296 3071 nosti?
1315 3021 1369 3070 id

304 3098 404 3150 est,
454 3105 520 3139 ex
562 3105 668 3155 qua
719 3091 933 3151 virtute,
986 3106 1112 3141 cum
1167 3092 1270 3142 hoc
1301 3093 1371 3143 sit

298 3177 468 3228 supra
501 3163 753 3215 virtutem
788 3164 1159 3216 humanitatis.
1185 3165 1258 3216 Et
1286 3167 1372 3217 Je-

304 3238 400 3284 sus
425 3234 703 3301 respondit
741 3237 807 3298 ei,
857 3252 950 3303 per
991 3236 1368 3287 revelationem

298 3304 524 3355 alterius
548 3306 762 3368 occulti,
789 3308 970 3358 dicens
998 3324 1013 3358 ε
1039 3307 1368 3374 Priusquam

306 3382 356 3426 te
392 3376 679 3444 Philippus
719 3385 949 3441 vocaret,
977 3388 1030 3429 et
1055 3377 1155 3428 tibi
1193 3379 1260 3429 de
1282 3395 1370 3430 me

301 3446 631 3513 loqueretur,
649 3463 767 3499 cum
799 3463 945 3500 esses
962 3448 1204 3514 subficu,
1236 3450 1367 3513 uidi,

299 3516 358 3567 id
383 3527 464 3568 est
493 3518 717 3585 cognovi
749 3525 798 3569 te
824 3529 876 3569 et
898 3520 1236 3585 propositum
1262 3537 1372 3571 cor-

303 3585 390 3637 dis
430 3587 530 3638 tui.
579 3589 662 3639 Ad
703 3589 955 3650 litteram,
1007 3591 1109 3640 sub
1136 3592 1368 3656 quadam

300 3656 406 3708 ficu
426 3660 648 3722 sederat,
678 3660 816 3712 forte
838 3661 1078 3727 cogitans
1102 3663 1165 3712 de
1189 3660 1370 3712 futuro

301 3729 572 3781 Salvatore
605 3749 620 3781 ε
658 3732 753 3782 ubi
795 3731 1079 3798 Philippus
1115 3747 1368 3798 superve-

301 3799 473 3862 niens,
503 3803 569 3852 de
597 3802 816 3854 Christo
839 3819 962 3853 cum
994 3819 1058 3854 eo
1095 3803 1371 3870 singulari-

299 3879 397 3933 ter,
421 3872 573 3922 nullo
590 3872 698 3924 alio
723 3882 1001 3939 praesente,
1031 3874 1366 3940 loquebatur.

2468 263 2569 316 253

1495 414 1502 420 .
1572 390 1626 425 11
1670 375 1997 427 Nummum
2037 394 2125 428 Fu·
2150 379 2369 430 Cmusrt
2402 396 2570 431 mser-

1502 461 1691 496 Punus.
1725 474 1788 485 —
1822 446 1887 496 Et
1925 447 2043 498 ideo
2095 461 2310 515 propter
2354 451 2459 501 hoc
2485 452 2566 502 si·-

1500 532 1671 582 gnum
1749 525 1802 567 et
1861 520 2193 585 praecedens,
2269 523 2566 575 Nathanael

1499 589 1683 640 statim
1740 589 2017 641 confessus
2068 602 2149 642 est
2220 593 2397 659 ipsum
2450 610 2566 646 esse

1499 661 1797 713 Christum.
1828 663 1981 713 Unde
2012 663 2257 729 sequitur
2288 683 2306 727 ει
2330 667 2545 733 Respon

1498 732 1578 783 dit
1607 733 1934 796 Nathanael,
1961 741 2011 785 et
2037 736 2118 785 ait
2145 754 2161 786 :
2191 719 2385 799 Rabei,
2424 745 2478 789 tu
2507 754 2565 791 es

1497 804 1678 856 Filius
1694 806 1817 868 Dei,
1854 813 1909 856 tu
1934 821 1991 856 es
2021 807 2151 857 Rex
2183 807 2377 869 Israel,
2409 810 2462 859 id
2484 821 2566 862 est

1496 876 1750 927 Christus
1796 886 2129 942 exspectatus
2186 878 2252 928 ab
2300 880 2456 931 Israel
2505 882 2563 932 in

1494 947 1696 1012 Regem
1718 956 1770 997 et
1792 947 2147 998 defensorem.
2175 948 2567 1015 Exspectabant

1494 1017 1641 1066 enim
1666 1033 1855 1068 omnes
1880 1019 2050 1069 Judaei
2084 1020 2333 1070 Messiam
2358 1030 2564 1087 tempo-

1492 1091 1677 1153 ralem,
1708 1092 1909 1155 Regem
1933 1090 2179 1141 futurum
2206 1109 2219 1142 ε
2247 1102 2299 1142 et
2323 1092 2426 1143 hoc
2452 1110 2565 1143 mo-

1492 1161 1562 1211 do
1585 1161 1822 1212 'videtur
1876 1163 2024 1228 loqui
2087 1162 2188 1213 iste
2230 1164 2558 1229 Nathanae13

1493 1232 1622 1299 quia
1659 1249 1769 1283 non
1824 1231 2057 1283 habebat
2091 1234 2265 1284 adhuc
2294 1235 2560 1300 cognitio-

1491 1321 1615 1356 nem
1686 1306 1972 1372 perfectam
2034 1309 2099 1357 de
2155 1308 2388 1358 Christe.
2436 1309 2559 1360 Non

1490 1378 1635 1429 enirn
1656 1379 1869 1430 videtur
1883 1379 2208 1430 intellexisse
2230 1389 2359 1430 tunc
2387 1380 2559 1446 ipsius

1456 1449 1828 1501 'divinitatem
1857 1489 1871 1511 ,
1932 1450 2062 1516 quia
2118 1467 2228 1501 non
2283 1451 2508 1503 dixisset
2538 1468 2555 1502 t

1497 1525 1585 1574 Tu
1602 1540 1661 1576 es
1675 1525 1804 1576 Rex
1821 1524 2132 1586 Israel‚oed
2144 1524 2312 1574 totius
2330 1541 2420 1574 mu
2428 1525 2519 1574 ndi
2538 1540 2554 1588 ;

1489 1607 1541 1647 et
1582 1608 1860 1664 propterea
1893 1613 2014 1647 cum
2061 1597 2198 1647 dixit
2224 1614 2238 1647 t
2277 1597 2363 1648 Tu
2386 1612 2443 1648 es
2464 1599 2559 1650 Fi-

1490 1668 1596 1718 lius
1634 1667 1767 1730 Dei,
1814 1683 1926 1718 non
1971 1667 2074 1718 fuit
2126 1666 2403 1719 confessus
2441 1669 2557 1735 ejus

1487 1739 1839 1800 divinitatem,
1869 1740 1963 1790 sed
2006 1739 2268 1796 intellexit
2306 1739 2447 1791 hanc
2473 1740 2555 1791 -fi-

1487 1809 1779 1870 nationem,
1800 1825 1894 1876 per
1931 1811 2223 1876 quamdam
2267 1811 2445 1876 gratiae
2472 1826 2556 1861 ex-

1487 1879 1809 1930 cellentiam.
1856 1881 2014 1931 Unde
2050 1880 2181 1930 dicit
2218 1880 2556 1948 chrysosto-

1486 1965 1604 2001 mus
1614 1988 1632 2013 ,
1698 1952 1844 2016 quod
1920 1951 2096 2002 adhuc
2148 1951 2369 2002 credens
2438 1967 2555 2002 esse

1485 2021 1801 2086 sapientem,
1830 2021 1926 2088 qui
1963 2038 2028 2072 ex
2055 2022 2236 2087 aliqua
2268 2022 2552 2073 revelatio-

1485 2108 1551 2142 ne
1593 2092 1689 2143 Dei
1732 2103 1928 2144 secreta
1983 2094 2221 2154 noverit,
2270 2093 2553 2145 confitetur

1485 2180 1609 2215 eum
1648 2180 1764 2215 esse
1791 2165 1992 2215 Filium
2020 2165 2137 2225 Dei,
2188 2181 2297 2215 non
2328 2180 2421 2232 per
2448 2182 2551 2217 na·-

1484 2248 1680 2298 turam,
1706 2240 1799 2289 sed
1827 2254 1921 2305 per
1962 2238 2274 2304 adoptionis
2308 2239 2557 2305 gratiam;

1483 2309 1614 2375 quia
1643 2309 1819 2359 adhuc
1867 2305 1986 2358 non'
2005 2318 2117 2358 erat
2165 2309 2324 2375 plene
2353 2308 2553 2359 illumi-

1484 2389 1642 2430 natus
1670 2381 1736 2430 de
1770 2378 1877 2430 fine
1902 2378 2204 2429 Trinitatis,
2237 2379 2345 2428 Alii
2370 2390 2549 2430 tamen

1481 2450 1669 2502 dicunt
1696 2451 1841 2517 quod
1878 2451 1981 2500 hoc
2017 2466 2079 2500 ex
2119 2450 2276 2500 corde
2301 2449 2546 2511 credidit,

1481 2520 1624 2571 sicut
1655 2536 1747 2571 ore
1792 2519 2068 2571 confessus
2115 2518 2249 2583 fuit;
2281 2520 2374 2569 sed
2432 2520 2548 2586 pri-

1480 2607 1633 2641 mum
1663 2590 1993 2658 probabilius
2019 2600 2118 2650 est,
2147 2589 2287 2639 sicut
2324 2586 2549 2641 inferius

1482 2662 1698 2728 patebit.
1731 2662 1888 2713 Unde
1933 2660 2204 2711 Dominus
2236 2660 2388 2710 docet
2420 2676 2545 2711 eum

1478 2734 1745 2800 ampliuS,
1789 2735 1999 2785 elevans
2044 2750 2169 2783 eum
2216 2734 2282 2783 ad
2326 2732 2543 2797 majora,

1477 2808 1677 2858 scilicet
1709 2807 1775 2858 ad
1802 2806 2098 2858 divinitatis
2132 2822 2243 2857 suae
2278 2806 2547 2873 cognitio-

1479 2895 1624 2940 nem,
1673 2894 1767 2945 per
1820 2878 2144 2945 obsequium
2195 2879 2545 2944 Angelorum,

1477 2950 1582 3000 sibi
1645 2960 1905 3015 tanquam
1978 2947 2239 3013 superiori
2293 2947 2549 2998 exhiben-

1476 3019 1629 3070 dum.
1660 3018 1821 3069 Nulla
1848 3017 1995 3068 enim
2044 3029 2232 3068 natura
2282 3027 2363 3067 est
2385 3032 2546 3082 supra

1478 3089 1788 3156 angelicam,
1847 3088 1952 3139 nisi
1995 3088 2205 3150 divina3
2244 3098 2297 3138 et
2329 3088 2434 3138 hoc
2466 3097 2548 3138 est

1478 3163 1625 3229 quod
1661 3161 1897 3212 dicitur:
1928 3161 2227 3228 Respondit
2273 3161 2453 3221 Jesus,
2494 3165 2546 3210 et

1479 3231 1629 3282 dixit
1667 3230 1719 3281 ei
1753 3248 1771 3281 .-
1822 3231 1963 3291 Quia
2007 3231 2133 3281 dixi
2178 3230 2274 3280 tibi
2303 3247 2319 3280 .-
2353 3229 2466 3279 vidi
2496 3235 2546 3278 te

1478 3303 1575 3353 sub
1592 3303 1728 3369 ficu,
1760 3301 1954 3364 credis,
1991 3317 2079 3352 me
2102 3316 2218 3351 esse
2243 3299 2543 3360 Christum,

1477 3383 1739 3442 quantum
1795 3374 1861 3424 ad
1918 3372 2284 3424 excellentiam
2326 3371 2542 3438 gratiae,

1476 3445 1653 3507 maius
1673 3444 1758 3495 his
1786 3444 2003 3506 videbis
2038 3443 2400 3509 cognoscendo
2438 3442 2547 3492 vir-

1476 3527 1647 3569 tutem
1722 3516 1917 3567 divinae
1989 3514 2322 3566 substantiae.
2391 3513 2544 3564 Unde

1479 3587 1907 3655 Chrysostomus
1934 3603 1953 3637 .-
1980 3604 2008 3632 α
2038 3584 2204 3645 Quasi
2232 3584 2372 3633 dicat
2397 3599 2411 3634 ε
2438 3584 2544 3634 Ma-

1455 3649 1646 3723 ’gnum
1674 3657 1775 3708 tibi
1799 3657 1977 3708 visum
2005 3665 2085 3705 est
2115 3655 2218 3704 hoc
2247 3669 2363 3704 esse
2394 3652 2543 3719 quod

1476 3727 1607 3787 dixi,
1636 3738 1688 3778 et
1716 3737 1992 3794 propterea
2038 3740 2125 3774 me
2144 3726 2345 3791 Regem
2385 3724 2543 3774 Israel

1475 3799 1750 3849 confessus
1777 3814 1853 3849 es·
1883 3796 2027 3857 Quid
2064 3795 2229 3861 igitur
2252 3795 2396 3845 dices
2414 3809 2542 3845 cum

1474 3872 1647 3938 majus
1665 3869 1897 3959 vigleris?
1918 3889 1946 3920 »
1965 3871 2031 3921 Et
2043 3869 2176 3936 quid
2190 3870 2261 3920 sit
2277 3869 2415 3921 istud
2438 3882 2546 3919 ma·
