2784 4452
793 351 896 412 DE¹
915 352 1258 423 SERMQNE
1282 352 1538 404 DOMINI
1569 352 1640 403 IN
1672 352 1945 404 MONTE.
2381 353 2485 428 311⁴

258 482 363 524 ωε
386 482 514 520 vero
550 477 659 520 tres
690 482 723 520 a
760 468 937 519 seculo
975 483 1205 535 nequam
1223 468 1323 518 eri-

255 540 416 606 piunt
434 556 451 589 z
473 550 755 604 paupertas
773 537 922 589 enim
955 538 1169 590 divitias
1196 538 1321 605 abji-

254 613 347 674 cit,
370 616 726 665 mansuetudo
749 613 971 679 injurias
994 629 1104 663 non
1135 612 1317 673 sentit,

255 684 432 736 luctus
470 684 761 735 commissa
817 684 1003 749 diluit;
1034 699 1156 751 quae
1192 699 1318 735 vero

253 764 573 822 sequuntur,
599 756 665 805 ad
695 756 888 806 coelum
920 755 1152 821 erigunt.
1184 755 1319 815 Qua-

242 842 376 878 rum
421 826 596 893 prima
651 837 734 878 est
774 844 881 878 non
925 838 1035 878 tam
1090 826 1314 893 justitia,

251 912 419 963 quam
445 895 649 947 esuries
672 898 785 947 sive
806 897 1132 947 desiderium
1156 896 1317 962 justi-

251 967 374 1027 tiae,
429 966 559 1033 quia
610 967 668 1017 in
725 969 976 1034 praesenti
1028 966 1313 1034 perfectam

248 1038 511 1103 justitiam
536 1054 647 1089 non
667 1055 957 1104 possumus
982 1040 1194 1100 habere,
1223 1040 1316 1089 sed

249 1120 540 1174 possumus
568 1110 788 1162 esurire.
809 1111 963 1161 Unde
980 1110 1143 1161 dicit:
1165 1111 1315 1161 Bea-

250 1180 293 1232 ti
332 1181 427 1248 qui
453 1182 694 1233 esuriunt
731 1189 782 1233 et
814 1183 1001 1233 sitiunt
1018 1182 1310 1249 justitiam,

248 1250 305 1301 id
326 1262 425 1312 est,
465 1267 591 1303 cum
622 1252 773 1303 omni
810 1252 1076 1303 desiderio
1122 1263 1176 1303 et
1215 1268 1313 1303 ve-

248 1320 546 1384 hementer,
570 1325 635 1374 ad
675 1324 900 1374 modum
938 1323 1226 1375 esurientis
1262 1333 1314 1376 et

244 1392 496 1456 sitientiS,
518 1406 777 1462 appetunt
805 1412 947 1460 eam;
974 1412 1091 1457 nos,
1130 1410 1313 1447 secun-

242 1465 377 1518 dum
424 1467 658 1531 Bedam,
709 1468 983 1522 instruens
1031 1484 1312 1533 nunquam

243 1550 353 1588 non
401 1538 532 1588 satis
568 1540 739 1605 justos
775 1539 1043 1590 aestimare
1087 1538 1308 1600 debere,

242 1605 337 1656 sed
375 1607 693 1672 quotidiano
725 1609 944 1674 justitiae
984 1624 1197 1676 semper
1230 1624 1309 1659 ar-

242 1678 367 1730 dere
408 1682 669 1747 profectu.
712 1684 865 1734 Unde
889 1683 1266 1751 Hieronymus
1288 1700 1307 1733 .-

247 1769 276 1800 «
297 1752 421 1803 Non
459 1756 659 1822 sufficit
693 1755 852 1808 nobi's
870 1759 1003 1810 velle
1025 1757 1307 1823 justitiam,

244 1824 351 1876 nisi
391 1827 609 1892 justitiae
666 1830 930 1896 patiamur
970 1829 1202 1890 famem,
1249 1839 1311 1879 ut

245 1910 529 1965 nunquam
559 1915 661 1951 nos
689 1901 815 1952 satis
836 1902 1024 1967 justos,
1049 1902 1141 1952 sed
1162 1916 1311 1951 sem-

244 1980 341 2031 per
356 1968 561 2019 esurire
598 1987 756 2036 opera
789 1972 1008 2038 justitiae
1040 1970 1311 2037 intelliga-

244 2051 384 2087 mus,
415 2057 443 2085 »
470 2039 538 2089 Et
566 2041 824 2107 accipitur
863 2043 952 2093 hic
972 2041 1196 2109 justitia,
1230 2057 1310 2091 se-

239 2108 479 2159 cundum
518 2112 663 2176 quod
720 2123 800 2163 est
834 2113 1004 2163 virtus
1048 2111 1309 2179 generalis

239 2179 307 2230 ad
335 2195 540 2244 omnes,
574 2198 680 2250 qua
705 2184 997 2237 declinatur
1026 2200 1057 2236 a
1085 2184 1228 2235 malo
1254 2192 1306 2235 et

238 2249 300 2302 fit
346 2253 570 2317 bonum,
612 2258 910 2308 secundum
953 2258 1100 2324 quod
1138 2257 1305 2307 homo

236 2321 305 2373 ab
336 2338 398 2374 ea
436 2326 751 2391 generaliter
786 2329 957 2392 justus
989 2327 1186 2378 dicitur
1210 2343 1306 2394 per

235 2395 546 2447 exercitium
557 2415 575 2462 3
608 2398 755 2465 quia,
790 2400 1083 2449 secundum
1114 2400 1303 2467 Chry-

236 2473 541 2531 sostomum,
579 2469 750 2521 esurit
778 2471 1056 2536 justitiam,
1088 2471 1183 2539 qui
1211 2488 1302 2523 se-

235 2537 473 2589 cundum
544 2539 641 2590 Dei
715 2540 977 2606 justitiam
1035 2540 1302 2593 desiderat

234 2609 574 2675 conversari3¹
607 2611 747 2662 hanc
784 2611 1047 2677 justitiam
1083 2620 1137 2663 et
1174 2612 1299 2663 vitae

234 2678 627 2742 rectitudinem,
666 2698 776 2732 non
816 2683 994 2732 solum
1025 2682 1083 2732 in
1121 2682 1299 2744 nobiS,

233 2748 329 2799 sed
360 2759 412 2800 et
440 2749 500 2799 in
521 2752 778 2802 omnibus
804 2751 925 2802 aliis
950 2763 1195 2818 appetere
1214 2754 1297 2803 de-

234 2817 442 2873 bemus.
487 2822 553 2871 Et
595 2823 711 2873 haec
763 2832 844 2873 est
888 2822 1133 2888 justitia,
1174 2839 1296 2891 quae

231 2890 425 2943 tribuit
513 2894 810 2962 unicuique
912 2896 1057 2962 quod
1134 2911 1296 2947 suum

230 2970 312 3012 est
349 2978 365 3013 ς
412 2962 555 3024 De0,
604 2966 870 3030 proxime,
914 2976 966 3016 et
1020 2965 1143 3017 sibi.
1185 2966 1297 3017 Deo

228 3031 351 3094 tria,
417 3035 620 3086 scilicet
654 3053 669 3086 z
703 3037 966 3088 honorem
1024 3037 1294 3099 Creatori,

228 3119 468 3157 amorem
506 3108 872 3173 Redemptori‚
919 3110 1171 3160 timorem
1210 3110 1298 3160 Ju-

228 3177 354 3230 dici.
433 3179 685 3230 Proximo
732 3181 833 3231 tria
876 3199 889 3232 z
930 3180 1293 3232 obedientiam

228 3248 513 3313 superiori,
545 3251 885 3301 concordiam
922 3252 1057 3319 pari,
1087 3251 1294 3304 benefi-

226 3319 459 3370 centiam
497 3319 757 3372 inferiori.
796 3321 910 3372 Sibi
953 3322 1096 3374 tria:
1126 3340 1294 3375 mun-

226 3391 420 3442 ditiam
452 3393 616 3453 cordi,
655 3395 953 3445 custodiam
993 3395 1095 3455 ori,
1124 3396 1291 3448 disci-

227 3463 434 3528 plinam
476 3466 640 3516 carni.
687 3467 754 3516 Et
806 3482 928 3517 vere
958 3485 975 3517 2
998 3468 1161 3519 Beati
1201 3469 1294 3535 qui

221 3534 464 3599 esuriunt
501 3542 554 3586 et
589 3536 779 3591 sitiunt
805 3537 1111 3604 justitiam,
1151 3553 1289 3605 quo-

221 3607 367 3657 niam
403 3606 510 3675 ipsi
531 3610 933 3672 saturabuntur,
974 3622 1033 3661 ut
1064 3610 1159 3676 qui
1197 3626 1291 3677 per

223 3678 458 3736 esuriem
488 3689 541 3730 et
569 3680 718 3731 sitim
755 3680 973 3746 justitiae
994 3691 1287 3740 merentur,

222 3763 318 3814 per
343 3751 675 3802 saturitatem
705 3751 889 3817 gloriae
919 3751 1287 3817 praemientur,

223 3831 278 3877 et
315 3832 600 3884 conatum,
641 3839 806 3890 quem
858 3823 999 3890 passi
1048 3833 1177 3875 sunt
1230 3822 1288 3873 in

224 3895 499 3956 merendo,
523 3893 723 3946 reficiat
752 3895 1036 3960 praemium
1071 3895 1129 3945 in
1160 3910 1289 3962 per-

223 3962 470 4022 ficiendo.
503 3967 637 4027 Quae
669 3967 918 4033 saturitas
946 3967 1195 4027 reddetur
1228 3967 1288 4018 in

1428 468 1537 521 vita
1567 468 1734 532 beata,
1769 469 1835 518 de
1869 484 1976 536 qua
2005 468 2136 519 dicit
2167 468 2488 523 psalmista:

1426 542 1685 593 Satiabor
1734 556 1851 593 cum
1922 542 2235 608 apparuerit
2282 541 2492 610 ⁴gloria

1428 618 1536 664 tua.
1581 613 1642 663 In
1683 613 1932 678 praesenti
1974 627 2192 680 quoque
2231 612 2489 674 redditur,

1425 684 1552 751 quia
1611 685 1751 735 sicut
1792 685 2012 736 avaritia
2058 684 2173 735 sitit
2227 683 2401 735 aliena
2438 693 2491 736 et

1425 758 1610 820 esurit,
1649 758 1725 809 sic
1755 775 1849 825 per
1896 758 2158 825 justitiam
2200 755 2488 819 saturatus,

1425 840 1706 881 conten-tus
1760 841 1840 881 est
1882 832 2023 891 suiS,
2067 841 2121 881 et
2164 831 2337 881 aliena
2378 846 2490 884 non

1424 900 1589 966 cupit.
1625 902 1745 951 Non
1774 903 1951 952 solum
1972 901 2152 968 itaque
2176 900 2253 951 illi
2289 900 2386 967 qui
2404 899 2490 952 fa·-

1423 970 1572 1021 ciunt
1608 972 1889 1037 justitiam,
1933 988 2026 1022 seu
2071 972 2298 1040 justitiae*
2330 986 2488 1041 opuS,

1424 1042 1516 1091 sed
1549 1043 1709 1093 etiam
1737 1043 1843 1111 *qui
1882 1059 1999 1094 eam
2044 1042 2288 1093 esuriunt
2331 1052 2385 1094 et
2421 1039 2490 1093 si-

1421 1111 1582 1173 tiunt,
1618 1112 1672 1163 id
1724 1124 1820 1174 est,
1855 1113 1952 1180 qui
2001 1110 2119 1163 eam
2161 1112 2329 1164 facere
2355 1128 2487 1163 con-

1421 1183 1720 1249 cupiscunt,
1763 1183 1864 1234 etsi
1911 1200 2022 1234 non
2057 1192 2284 1250 possunt
2310 1181 2485 1234 facere

1420 1254 1566 1319 quod
1597 1254 1919 1316 desiderant,
1947 1265 2126 1304 tamen
2172 1253 2311 1303 beati
2340 1262 2487 1316 sunt,

1419 1323 1547 1390 quia
1589 1335 1861 1390 quantum·
1894 1325 1951 1374 in
1983 1323 2117 1390 ipsis
2169 1333 2248 1373 est
2283 1322 2488 1378 faciunt

1419 1397 1565 1463 quod
1587 1398 1921 1462 desiderant;
1952 1408 2003 1447 et
2027 1396 2116 1448 isti
2147 1396 2369 1464 quidem
2392 1411 2483 1449 sa-

1418 1469 1759 1529 turabuntur,
1801 1467 2016 1535 quando
2069 1466 2250 1517 omnia
2294 1482 2483 1517 eorum

1417 1538 1679 1589 desideria
1704 1539 2137 1606 complebuntur.
2177 1536 2332 1588 Unde
2364 1537 2486 1589 Au·-

1415 1609 1668 1675 gustinus
1696 1625 1713 1661 .·
1745 1628 1772 1656 ε(
1805 1610 1911 1670 Qui
1956 1608 2183 1674 perfecte
2246 1606 2398 1657 novit
2436 1614 2488 1658 et

1419 1679 1645 1746 perfecte
1679 1691 1822 1731 amat
1864 1681 2145 1746 justitiam,
2178 1680 2285 1746 jam
2309 1679 2484 1743 justus

1416 1761 1514 1811 est,
1539 1750 1747 1801 etiamsi
1776 1752 1924 1802 nulla
1959 1751 2150 1801 existat
2182 1749 2482 1799 secundum

1417 1837 1529 1872 eam
1557 1821 1856 1872 forinsecus
1890 1837 1984 1888 per
2016 1819 2260 1871 membra
2287 1827 2481 1885 corpo-

1416 1891 1490 1941 ris
1519 1891 1770 1958 operandi
1786 1892 2090 1943 necessitas.
2113 1909 2140 1938 u
2167 1890 2483 1941 Desiderent

1415 1977 1542 2028 ergo
1572 1962 1664 2013 alii
1699 1978 1853 2024 vana,
1881 1977 2001 2028 quae
2027 1977 2118 2012 eos
2145 1961 2336 2011 satiare
2367 1969 2482 2010 no'n

1415 2042 1695 2097 poterunt;
1729 2033 1868 2082 beati
1895 2043 2071 2082 autem
2101 2030 2195 2097 qui
2238 2031 2481 2081 esuriunt

1413 2110 1466 2153 et
1504 2103 1691 2153 sitiunt
1722 2102 2028 2168 justitiam,
2081 2100 2331 2167 quoniam
2372 2099 2482 2167 ipsi

1413 2175 1832 2237 saturabuntur,-
1862 2173 1950 2223 hic
1975 2189 2072 2241 pro
2108 2172 2347 2233 modu10,
2384 2171 2479 2223 sed

1413 2247 1649 2313 plenarie
1678 2246 1736 2296 in
1766 2247 1966 2297 futuro.

1474 2316 1506 2368 8
1535 2317 1748 2377 Qum-m
1799 2332 2092 2368 nean-runo
2122 2333 2136 2366 ε
2161 2330 2472 2366 msizmcon-

1410 2406 1516 2440 mn.
1562 2417 1623 2427 —
1669 2389 1875 2440 Deinde
1926 2389 2170 2456 sequitur
2212 2387 2405 2454 quinta
2455 2402 2470 2437 ε

1409 2464 1568 2515 Beati
1629 2463 2019 2525 misericordes,
2071 2462 2318 2529 quoniam
2369 2459 2477 2528 ipsi

1409 2533 1833 2585 misericordiam
1888 2538 2286 2601 consequentur.
2347 2533 2478 2584 Post

1407 2605 1666 2671 justitiam
1711 2616 1849 2656 recte
1889 2606 2110 2671 ponitur
2162 2602 2474 2655 misericor-

1406 2678 1519 2741 dia,
1555 2678 1684 2743 quia
1715 2694 1824 2729 una
1856 2694 1964 2727 non
2015 2678 2172 2727 debet
2209 2691 2326 2726 esse
2355 2675 2476 2727 sine

1404 2748 1525 2808 alia,
1553 2749 1645 2799 sed
1679 2750 1841 2799 altera
1868 2749 1935 2798 ab
1965 2749 2129 2798 altera
2151 2746 2470 2812 temperari;

1405 2837 1530 2871 nam
1577 2821 1944 2873 misericordia
1986 2822 2103 2871 sine
2138 2819 2343 2885 justitia
2373 2821 2473 2871 de*

1403 2893 1608 2944 scendit
1652 2893 1717 2942 ad
1758 2892 2200 2955 dissolutionem;
2271 2891 2474 2956 justitia
2530 2959 2535 2965 η
2620 2916 2624 2920 Δ

1403 2963 1521 3014 sine
1556 2963 1926 3013 misericordia
1949 2961 2220 3012 descendit
2250 2963 2315 3012 ad
2345 2977 2469 3013 cru-

1401 3033 1696 3096 delitatem3
1721 3049 1830 3083 una
1855 3049 1978 3082 cum
2021 3033 2124 3083 alia
2146 3031 2345 3082 incedit
2381 3047 2469 3082 se-

1402 3104 1643 3154 cundum
1673 3103 1997 3170 aequitatem.
2023 3105 2118 3154 Est
2143 3112 2324 3153 autem
2355 3102 2466 3152 mi-

1402 3176 1691 3227 sericordia
1766 3177 1985 3227 miseria
2059 3176 2241 3227 cordis
2305 3190 2469 3240 super

1402 3249 1572 3314 malo;
1618 3249 1762 3299 unde
1788 3249 2044 3300 dicuntur
2071 3247 2460 3312 misericordes,

1401 3319 1555 3387 quasi
1597 3319 1848 3370 miserum
1889 3335 1982 3372 cor
2028 3320 2292 3380 habentes,
2334 3317 2468 3388 quia

1398 3392 1618 3442 alterius
1641 3393 1915 3443 miseriam
1941 3392 2094 3458 quasi
2125 3405 2278 3441 suam
2307 3402 2468 3457 τερα-ζ

1398 3474 1527 3527 tant,
1572 3475 1622 3515 et
1645 3465 1711 3521 de
1740 3467 1882 3515 malo
1938 3463 2172 3523 alteriuS,
2209 3461 2361 3530 quasi
2398 3463 2465 3513 de·

1398 3555 1517 3600 su0,
1552 3540 1752 3590 dolent.
1785 3536 2149 3589 Misericordia
2171 3546 2251 3586 est
2280 3534 2464 3588 dimit·'

1395 3620 1504 3660 tere
1525 3609 1748 3676 injurias
1768 3609 1957 3669 illataS,
1987 3624 2045 3658 ac
2082 3623 2301 3659 omnem
2329 3616 2461 3660 ran·-=

1395 3696 1573 3732 eorem
1601 3691 1655 3734 et
1685 3682 1867 3731 odium
1889 3718 1903 3742 ,
1933 3689 1984 3729 et
2021 3679 2145 3730 dare
2172 3679 2462 3744 quodcun-

1395 3767 1501 3819 que
1545 3762 1718 3819 potest
1764 3749 2038 3817 spirituale
2090 3759 2141 3800 et
2189 3751 2462 3816 corporale

1395 3825 1717 3876 subsidium.
1747 3822 2133 3874 Misericordiae
2162 3832 2340 3874 autem
2362 3839 2459 3875 ex-

1395 3897 1644 3947 hibendae
1695 3896 1742 3947 is
1769 3905 1850 3947 est
1893 3896 2043 3957 ord0,
2091 3904 2151 3946 ut
2197 3894 2346 3963 prius
2385 3893 2459 3946 sit

1395 3983 1555 4035 super
1576 3967 1719 4018 malo
1737 3966 1975 4039 propi-ic,
2007 3967 2301 4018 secundum
2321 3965 2454 4045 illud
