2784 4452
632 260 727 311 DE
762 222 1204 310 NATIVITATE
1232 258 1675 311 SALVATORIS
1710 260 1990 314 NOSTRI.
2369 268 2436 334 93

175 378 319 438 sola,
352 376 563 427 scilicet
590 375 757 425 Maria
785 375 1134 435 excrescebat,
1165 374 1259 440 qui

175 462 295 500 tres
347 448 704 514 propagines,
763 446 966 497 scilicet
1014 461 1261 508 carnem,

175 521 452 581 animam,
475 520 730 570 deitatem
760 520 1024 583 habebat3
1047 520 1133 570 vel
1154 529 1264 570 tres

176 594 516 662 propagines
554 604 683 644 sunt
722 602 830 644 tres
856 608 1099 659 personae
1134 608 1263 644 san-

177 677 282 718 ctae
343 665 649 716 TrinitatiS.
705 665 890 717 Tertia
955 681 1082 716 vero
1138 665 1259 726 die,

175 747 479 803 postquam
520 735 715 787 vinum
754 735 1034 802 sanguinis
1073 735 1159 786 sui
1201 735 1259 786 in

175 824 339 861 cruce
385 818 467 859 est
510 824 823 874 expressum
841 846 854 869 ,
885 817 939 859 et
974 806 1108 874 Regi
1150 823 1260 859 coe-

172 880 307 930 lesti
353 879 597 929 oblatum
616 918 630 939 ,
676 889 808 929 tunc
845 893 1018 945 genus
1056 878 1260 929 huma-

176 966 322 1000 num
365 950 434 999 de
479 949 785 1015 captivitate
833 959 912 1000 est
959 964 1254 1016 egressum.

176 1021 300 1071 Hoc
354 1020 550 1071 vinum
608 1022 813 1088 Regem
869 1020 1137 1072 coelestem
1183 1020 1257 1071 ita

171 1092 491 1164 inebriavit,
535 1094 683 1159 quod
730 1108 950 1143 omnem
995 1092 1254 1144 offensam

172 1166 426 1216 humano
468 1166 652 1231 generi
695 1165 966 1216 relaxavit.
1012 1166 1128 1215 Hoc
1165 1165 1256 1216 vi-

173 1252 316 1287 num
341 1235 507 1285 nobis
525 1237 629 1286 sub
658 1244 990 1286 sacramento
1013 1235 1252 1303 reliquit,

170 1317 235 1357 ut
265 1306 516 1373 quotidie
543 1307 678 1373 Regi
704 1306 903 1358 coelesti
930 1322 1028 1372 pro
1059 1307 1251 1356 mundi

170 1378 382 1428 offensa
422 1376 710 1437 offeratur,
756 1377 884 1443 quia
930 1376 1175 1443 quotidie
1220 1392 1252 1427 a

170 1450 386 1499 mundo
419 1449 729 1499 offenditur.
759 1448 917 1499 Unde
944 1464 1071 1498 cum
1100 1448 1252 1499 Chri-

168 1531 292 1572 stus
326 1530 653 1580 nasceretur,
682 1519 856 1571 vineae
886 1519 1129 1586 Engaddi
1159 1520 1251 1569 flo-

165 1601 417 1652 ruemnt,
453 1600 507 1641 et
546 1591 829 1642 Christum
870 1606 1051 1642 veram
1080 1591 1245 1641 vitem

163 1663 385 1714 venisse
399 1663 765 1714 ostenderunt.
778 1663 1038 1714 —Modus
1064 1672 1245 1713 autem

162 1734 468 1785 nativitatis
500 1734 727 1795 Christi,
761 1734 1023 1801 figuratus
1064 1746 1144 1787 est
1185 1735 1242 1786 in

159 1807 316 1873 virga
338 1808 540 1865 Aaron,
567 1821 691 1872 quae
718 1805 903 1868 floruit
930 1816 983 1856 et
1006 1806 1241 1858 fructum

155 1877 576 1944 amygdalinum
620 1877 865 1942 protulit.
906 1878 1057 1929 Sicut
1091 1879 1241 1930 enim

156 1949 313 2015 virga
355 1949 449 1999 illa
491 1949 815 2000 mirabiliter
851 1961 1039 2003 contra
1076 1962 1240 2003 natu-

155 2035 279 2070 ram
331 2019 689 2085 germinavit,
738 2020 816 2071 sic
863 2021 1032 2073 Maria
1076 2038 1257 2088 supra·

152 2089 412 2141 ordinem
443 2098 651 2140 naturae
687 2089 1009 2142 mirabiliter
1035 2092 1238 2143 Filium

153 2162 454 2230 generavit.
485 2162 651 2230 Virga
676 2164 855 2214 Aaron
880 2166 1106 2232 protulit
1133 2165 1241 2217 fru-

153 2245 307 2285 ctum
357 2234 480 2284 sine
522 2235 883 2300 plantatione;
934 2237 1102 2288 Maria
1144 2254 1239 2305 ge-

153 2307 283 2358 nuit
299 2306 509 2356 Filium
530 2307 650 2357 sine
666 2307 810 2358 virili
830 2309 1233 2362 commixtione.

154 2379 217 2428 In
257 2388 399 2429 testa
431 2378 775 2443 amygdalina
804 2379 981 2430 dulcis
1012 2382 1236 2432 nucleus

147 2449 375 2509 latebat,
406 2449 464 2498 in
502 2459 632 2499 testa
661 2450 839 2501 carnis
872 2451 1077 2503 Christi
1108 2454 1235 2504 dul-

150 2521 379 2572 cissima
417 2521 589 2572 deitas
633 2522 947 2574 abscondita
996 2523 1117 2576 fuit.
1173 2527 1232 2576 In

148 2593 306 2658 virga
361 2593 544 2643 Aaron
605 2592 915 2645 invenimus
954 2593 1233 2646 frondium

147 2664 508 2726 viriditatem,
555 2665 751 2715 florum
799 2667 1137 2729 suavitatem,
1180 2679 1234 2719 et

149 2735 441 2786 fructuum
470 2737 914 2800 ubertatem;·sic
940 2738 1109 2790 Maria
1143 2740 1261 2791 ha-·

147 2807 277 2858 buit
303 2808 631 2859 viriditatem
660 2809 1007 2875 virginitatis,
1045 2812 1232 2862 suavi-

146 2880 318 2932 tatem
346 2882 581 2948 pietatis,
618 2893 672 2933 et
701 2883 1004 2934 ubertatem
1037 2900 1231 2951 perpe-

142 2963 260 3004 tuae
290 2954 570 3005 satietatiS.

212 3024 284 3076 25
311 3027 445 3078 lps1s
469 3027 696 3078 Prie-..mis
716 3043 1060 3078 Annunrmn
1083 3043 1228 3079 surr.

145 3125 212 3137 -
245 3097 371 3148 Non
414 3098 592 3148 solum
621 3107 803 3148 autem
833 3098 1086 3149 Christus
1127 3101 1229 3150 Ju-

141 3167 304 3229 daeis,
336 3169 429 3219 sed
470 3178 522 3220 et
563 3169 797 3235 Paganis
842 3179 1024 3220 ortum
1065 3185 1228 3221 suum

142 3242 608 3308 praemonstravit,
635 3240 766 3308 quia
788 3256 970 3293 omnes
991 3243 1229 3295 homines

140 3312 338 3362 salvos
364 3313 501 3378 fieri
544 3312 734 3362 voluit.
780 3313 935 3364 Unde
975 3315 1227 3366 Octavia-

141 3398 278 3442 nuS,
309 3383 407 3449 qui
438 3391 564 3433 tunc
592 3384 689 3434 toti
733 3385 938 3435 mundo
969 3386 1226 3438 domina-

141 3452 329 3512 batur,
355 3462 408 3502 et
435 3451 557 3504 ideo
604 3469 635 3504 a
677 3455 1225 3524 Romanis-tanquam

140 3521 297 3573 Deus
345 3524 690 3588 reputabatur
707 3563 721 3586 ,
769 3525 1031 3592 sybillam
1093 3543 1226 3593 pro-

141 3591 456 3658 phetissam
487 3594 818 3656 consulebat,
850 3594 898 3646 si
928 3595 986 3647 in
1015 3597 1224 3649 mundo

137 3661 350 3728 aliquis
392 3679 456 3714 eo
497 3668 669 3732 major
709 3666 923 3718 futurus
953 3679 1080 3720 erat.
1111 3666 1225 3720 ΕΟ·-

136 3732 274 3783 dem
302 3744 483 3785 autem
511 3736 600 3788 die
635 3740 854 3805 quando
892 3739 1142 3791 Christus
1168 3739 1224 3790 in

135 3803 332 3854 Judaea
392 3808 723 3872 nascebatur,
774 3809 980 3877 Sybilla
1035 3812 1222 3864 Romae

132 3877 413 3931 circulum
452 3897 678 3936 aureum
705 3885 852 3951 juxta
877 3885 1060 3953 {solem
1086 3902 1222 3941 con-

1368 377 1755 443 templabatur,
1797 381 1854 431 in
1897 397 2009 447 quo
2047 382 2251 434 circulo
2286 385 2439 453 virgo

1369 452 1733 516 pulcherrima
1783 455 2076 519 residebat,
2126 474 2249 524 quae
2299 476 2436 526 pue-

1370 537 1493 572 rum
1522 525 1985 589 speciosissimum
2017 526 2071 576 in
2106 530 2314 593 gremio
2342 547 2436 597 ge*-

1368 593 1531 644 rebat.
1577 596 1737 656 Quod
1778 597 1871 648 illa
1908 598 2105 649 Caesari
2142 599 2435 653 Octaviano

1367 666 1705 744 monstravit,
1741 677 1793 719 et
1834 669 2036 735 Regem
2074 670 2433 734 potentiorem

1366 750 1486 801 ipso
1516 746 1704 788 natum
1733 754 1847 789 esse
1875 738 2166 790 intimavit.

1431 804 1500 855 26
1532 808 1923 860 Sensum-rurs
1951 825 2177 860 murts
2209 810 2433 864 Cmusrr

1364 893 1693 931 uriom-runo.
1734 909 1796 919 —
1836 881 2081 931 Meditari
2110 897 2236 948 ergo
2268 882 2434 935 debes

1363 964 1490 999 cum
1542 951 1769 1017 gaudi0,
1817 961 2016 1017 quanta
2056 952 2129 1003 sit
2173 953 2435 1006 hodierna

1362 1019 1691 1073 solemnitaS.
1718 1022 1893 1072 Hodie
1914 1038 2148 1088 namque
2171 1034 2326 1075 natus
2351 1035 2432 1076 est

1362 1090 1631 1153 ChristuS‚
1661 1102 1714 1143 et
1740 1093 1819 1144 sic
1838 1109 1965 1145 vere
1992 1103 2072 1145 est
2099 1094 2216 1145 dies
2241 1097 2431 1149 natalis

1361 1162 1528 1227 Regis
1558 1164 1763 1225 aeterni,
1794 1173 1848 1215 et
1882 1165 2008 1216 Filii
2039 1165 2136 1216 Dei
2164 1166 2292 1217 vivi.
2324 1168 2431 1218 Ho-

1358 1232 1447 1281 die
1479 1232 1629 1283 Puer
1659 1241 1819 1286 natus
1847 1241 1928 1287 est
1953 1237 2122 1298 nobiS,
2154 1233 2208 1287 et
2247 1237 2429 1290 Filius

1357 1303 1521 1355 datus
1547 1311 1630 1356 est
1653 1306 1821 1357 nobis.
1858 1307 2033 1357 Hodie
2062 1308 2164 1359 Sol
2171 1308 2427 1376 justitioe,

1355 1374 1452 1441 qui
1503 1375 1561 1426 in
1609 1376 1846 1427 nubibus
1892 1387 2020 1438 erat,
2069 1379 2209 1430 clare
2253 1378 2425 1431 fulsit.

1356 1446 1533 1497 Hodie
1560 1463 1796 1513 sponsus
1830 1449 2100 1511 Ecclesiae,
2131 1451 2425 1502 electorum

1353 1530 1544 1586 caput,
1589 1522 1659 1572 de
1704 1522 1942 1573 thalamo
1992 1538 2094 1573 suo
2148 1525 2423 1591 processit.

1354 1593 1531 1644 Hodie
1579 1596 1855 1661 speciosus
1893 1597 2086 1662 forma
2119 1610 2245 1664 prae
2276 1598 2424 1664 filiis

1350 1664 1622 1715 hominum
1668 1666 2025 1717 desideratam
2071 1666 2262 1718 faciem
2309 1669 2424 1734 ejus

1351 1735 1605 1786 ostendit.
1656 1737 1830 1801 Hodie
1875 1737 2055 1788 illuxit
2098 1738 2260 1789 nobis
2306 1739 2423 1791 dies

1349 1806 1740 1872 redemptionis
1785 1818 2013 1868 nostrae,
2068 1809 2422 1874 reparationis

1347 1876 1605 1944 antiquae,
1650 1878 1919 1930 felicitatis
1964 1889 2196 1930 aeternae.
2243 1880 2422 1931 Hodie

1349 1962 1450 2013 pax
1484 1958 1567 1999 est
1597 1949 1845 1999 nuntiata
1880 1948 2041 1999 nobis
2078 1949 2418 2011 hominibus,

1346 2027 1409 2067 ut
1437 2018 1648 2069 canitur
1682 2018 1738 2069 in
1774 2019 1985 2085 hymno
2013 2019 2290 2085 Angelic0,
2321 2020 2418 2086 qui

1344 2088 1510 2139 hodie
1548 2099 1629 2139 est
1668 2088 1857 2140 factuS.
1895 2089 2105 2151 Hodie,
2144 2098 2206 2139 ut
2241 2099 2447 2141 cantat⁴

1346 2159 1603 2220 Ecclesia,
1622 2174 1727 2225 per
1764 2165 1930 2211 totum
1960 2159 2210 2209 mundum
2236 2159 2416 2209 melli-

1328 2232 1443 2298 flui
1457 2231 1608 2297 facti
1634 2237 1760 2282 sunt
1780 2231 1922 2282 coeli.
1956 2230 2132 2280 Hodie
2159 2231 2417 2297 apparuit

1344 2303 1653 2370 benignitas
1692 2309 1744 2353 et
1768 2302 2077 2354 humanitas
2102 2300 2413 2352 Salvator-is

1342 2376 1518 2429 nostri
1552 2376 1660 2426 Dei
1672 2392 1693 2438 ,-
1733 2377 1881 2443 quia,
1902 2386 1967 2427 ut
2002 2375 2136 2426 dicit
2164 2377 2413 2427 Bernar-

1341 2452 1460 2513 dus,
1506 2468 1534 2498 α
1566 2450 1809 2501 Potentia
1846 2450 2133 2517 apparebat
2151 2450 2209 2500 in
2229 2465 2412 2501 rerum

1339 2521 1627 2582 creatione,
1668 2520 1930 2588 sapientia
1966 2537 2093 2573 vero
2133 2521 2188 2571 in
2225 2536 2410 2572 earum

1338 2593 1747 2662 gubernatione,
1781 2595 1877 2646 sed
1906 2595 2210 2662 benignitas
2238 2595 2411 2645 mise-

1340 2667 1584 2718 ricordiae
1620 2667 1857 2718 maxime
1891 2682 2038 2718 nunc
2074 2667 2322 2734 apparuit
2349 2666 2410 2716 in
2446 2676 2450 2680 ’

1338 2740 1694 2792 humanitate.
1739 2758 1769 2789 n
1816 2740 1994 2791 Hodie
2034 2742 2283 2791 adoratus
2326 2748 2408 2790 est

1337 2811 1486 2863 Deus
1514 2811 1572 2862 in
1602 2811 1964 2863 similitudine
1987 2810 2165 2861 carnis
2192 2810 2409 2876 peccati.

1332 2882 1512 2933 Hodie
1554 2893 1608 2934 et
1645 2898 1748 2935 nos
1786 2897 1912 2933 cum
1958 2880 2179 2931 Christo
2217 2896 2410 2932 sumus

1338 2954 1642 3020 congeniti,
1696 2953 1826 3021 quia
1878 2953 2152 3020 generatio
2202 2952 2407 3004 Christi

1335 3025 1490 3090 origo
1531 3035 1611 3076 est
1653 3025 1840 3092 populi
1869 3022 2188 3075 Christiani.
2229 3022 2405 3073 Hodie

1335 3096 1429 3147 illa
1455 3098 1565 3147 duo
1596 3098 1852 3148 miracula
1887 3095 2250 3162 contigerunt,
2280 3110 2405 3162 quae

1334 3183 1555 3218 omnem
1584 3177 1842 3234 superant
1868 3167 2217 3226 intellectum,
2241 3175 2294 3216 et
2324 3181 2407 3217 so-

1331 3242 1382 3292 la
1407 3240 1541 3292 fides
1566 3240 1965 3307 apprehendere
1987 3250 2181 3307 potest,
2200 3239 2404 3290 scilicet

1332 3312 1483 3379 quod
1515 3313 1660 3363 Deus
1687 3311 1942 3374 nascitur,
1974 3321 2028 3362 et
2051 3313 2221 3377 Virgo
2241 3310 2398 3377 parit.

1341 3385 1520 3436 Hodie
1535 3385 1769 3437 aliorum
1797 3385 2179 3436 miraculorum
2207 3383 2401 3439 claruit

1334 3459 1647 3511 multitud0.
1677 3459 1929 3526 Denique
1961 3458 2147 3509 omnia
2181 3473 2306 3525 quae
2332 3458 2401 3508 de

1335 3529 1709 3581 lucarnatione
1745 3529 1886 3580 dicta
1941 3537 2101 3589 sunt,
2123 3527 2278 3593 quasi
2309 3525 2400 3576 hic

1328 3599 1529 3651 clarius
1592 3602 1927 3664 elucescunt;
1996 3597 2091 3650 ibi.
2120 3597 2400 3658 inchoata,

1332 3671 1425 3722 hic
1468 3673 1833 3734 manifestata,
1879 3672 2065 3724 videas
2106 3684 2248 3719 nunc
2286 3665 2397 3728 illa,

1322 3757 1391 3792 ac
1424 3740 1545 3794 istis
1588 3743 1854 3809 conjunge
1895 3750 1949 3793 et
1988 3739 2209 3807 applica.
2241 3736 2400 3788 Meri·

1328 3823 1385 3864 to
1416 3828 1543 3880 ergo
1575 3822 1657 3866 est
1683 3815 1785 3864 ista
1811 3811 1927 3864 dies
1945 3809 2126 3878 gaudii
2146 3819 2198 3860 et
2225 3808 2400 3861 exsul-

1324 3880 1565 3949 tationis,
1589 3899 1651 3937 ac
1676 3883 1878 3938 laetitioe
1915 3896 2128 3948 magnoe
2153 3879 2337 3935 nimis..
