2784 4452
356 327 465 394 246

356 440 511 505 cujus
534 436 835 502 baptismus
862 444 974 485 erat
1002 433 1244 500 quaedam
1276 447 1419 498 prae-

358 509 562 576 paratio
630 518 682 557 et
760 504 1078 573 significatio
1152 503 1336 555 futuri.
1357 530 1418 539 —

357 579 597 645 Septima
640 588 720 629 est
768 576 1054 627 ministerii
1105 573 1419 633 exterioriS,

359 667 524 718 quam
602 649 746 700 dedit
815 646 1056 699 Ecclesiae
1136 645 1421 696 ministriS.

358 722 649 774 Nesciebat
676 720 840 786 igitur
871 734 995 769 eum
1020 727 1129 768 tam
1160 717 1280 776 alte,
1310 726 1420 766 tam

354 791 658 851 subtiliter,
693 805 875 856 quem,
903 787 1109 853 Spiritu
1151 786 1208 836 in
1232 801 1296 837 eo
1328 787 1424 835 de-

356 865 660 922 scendente,
672 861 941 927 cognovit.
953 860 1109 910 Tunc
1126 857 1426 910 enimdidi-

356 934 433 986 cit
454 933 601 1016 quod
631 932 771 982 sicut
801 931 1031 981 aliorum
1062 938 1425 980 sacramento-

360 1022 502 1066 rum,
527 1004 603 1056 sic
635 1015 687 1055 et
714 998 968 1069 baptismi
998 1003 1083 1054 sui
1111 1011 1426 1069 potestatem

360 1077 629 1129 Dominus
675 1084 812 1126 esset
854 1074 960 1124 sibi
1002 1083 1332 1133 retentum,
1375 1082 1428 1122 et

356 1149 496 1201 nulli
519 1164 636 1199 eam
664 1163 816 1199 servo
844 1149 1081 1198 daturus.
1110 1165 1137 1193 n
1166 1145 1254 1196 Sic
1279 1159 1425 1211 ergo,
1467 1146 1470 1151 ⁴

361 1220 578 1272 Christo
635 1219 880 1271 veniente
928 1219 993 1268 ad
1064 1217 1391 1283 baptismum
1410 1255 1425 1276 ,

352 1290 566 1354 didicit,
605 1291 903 1341 secundum
947 1289 1423 1355 Chryses-tomum,

362 1364 508 1429 quod
538 1363 636 1414 iste
664 1364 720 1414 in
744 1378 969 1429 persona
989 1362 1079 1413 ille
1106 1371 1236 1422 erat,
1263 1376 1426 1427 quem

363 1437 735 1502 praedicaverat
778 1447 1085 1487 venturum.
1119 1435 1428 1484 Secundum

357 1509 726 1574 Augustinum
762 1523 905 1567 ver0,
940 1505 1130 1556 didicit
1165 1505 1311 1571 quod
1340 1504 1431 1554 ha-

354 1582 508 1633 beret
559 1582 617 1632 in
660 1581 928 1646 baptismo
970 1589 1286 1645 potestatem
1323 1593 1427 1628 au-

357 1651 624 1702 :ctoritatis
657 1662 710 1701 et
739 1648 1081 1709 excellentiae,
1121 1663 1284 1714 quam
1316 1647 1428 1698 sibi

364 1723 645 1786 retinerem
704 1722 819 1772 sive
879 1735 1117 1786 praesens
1179 1719 1238 1769 in
1289 1728 1431 1769 terra

364 1809 585 1861 corpore
605 1832 621 1857 ,
671 1794 787 1844 sive
836 1793 1032 1843 absens
1064 1806 1286 1857 corpore
1312 1829 1327 1851 ,
1379 1800 1432 1841 et

365 1881 600 1931 praesens
630 1866 914 1930 majestate.
944 1864 1102 1924 Quod
1125 1878 1253 1929 ergo
1281 1863 1435 1914 Chri·
1469 1892 1470 1897 =

362 1947 484 1988 stus
507 1947 820 2002 potestatem
860 1934 1113 2000 baptismi
1145 1933 1397 1985 retineret
1418 1972 1431 1992 ,

366 2008 472 2059 hoc
499 2010 733 2059 Joannes
777 2006 1001 2059 nescivit
1021 2045 1036 2067 ,
1081 2007 1174 2057 sed
1206 2021 1306 2072 per
1332 2022 1433 2056 co-

366 2079 609 2129 lumbam
637 2077 844 2127 didicit.

437 2147 471 2198 6
505 2150 877 2200 Tssruromux
910 2170 915 2173 ·
941 2162 1299 2205 Qunnuru-:x
1366 2163 1434 2196 nn

368 2218 623 2272 Culusro.
666 2248 726 2258 —
766 2217 921 2270 Unde
974 2217 1223 2268 subditur
1266 2234 1280 2268 ε
1323 2216 1437 2268 Sed

360 2291 463 2357 qui
488 2291 636 2341 misit
673 2306 789 2373 me,
840 2290 1044 2340 scilicet
1072 2290 1216 2340 Deus
1249 2298 1300 2340 et
1327 2299 1438 2340 tota

371 2360 630 2421 Trinitas,
661 2362 813 2426 cujus
841 2375 1002 2425 opera
1032 2369 1160 2411 sunt
1183 2359 1434 2421 indivisa,

371 2430 648 2497 baptizare
682 2430 734 2480 in
765 2444 939 2495 aqua,
973 2445 1083 2480 non
1119 2428 1175 2479 in
1207 2429 1435 2495 Spiritu,

373 2501 466 2552 ille
488 2502 651 2551 etiam
674 2501 804 2552 mihi
832 2501 995 2563 dixit,
1023 2516 1118 2566 per
1146 2502 1437 2566 subjectam

370 2583 702 2633 creaturam,
758 2572 961 2624 scilicet
1019 2576 1289 2641 Angelum
1353 2577 1438 2625 vel

366 2643 782 2709 inspirationem
835 2660 848 2692 :
885 2643 1063 2709 Super
1089 2658 1267 2709 quem,
1298 2645 1442 2695 inter

371 2715 572 2765 multos
594 2730 733 2780 quos
757 2712 1069 2779 baptizabis,
1090 2713 1293 2765 videris
1318 2715 1442 2781 Spi-

372 2783 535 2834 ritum
567 2785 672 2835 Dei
701 2784 1100 2835 descendentem
1140 2790 1191 2835 et
1232 2799 1444 2835 manen·

368 2862 477 2906 tent
528 2870 689 2922 super
738 2871 885 2918 eum,
934 2855 991 2906 in
1034 2855 1191 2937 signo
1239 2855 1440 2908 visibili

370 2926 653 2984 columbae,
683 2925 768 2977 hic
782 2927 935 2976 solus
956 2926 1149 2991 estqui
1181 2925 1439 2993 baptizat,

374 2996 684 3048 auctoritate
714 3007 766 3047 et
801 3006 1090 3064 potestate,
1130 2997 1182 3047 in
1228 2997 1443 3063 Spiritu

372 3067 576 3119 ,Sancto
598 3104 617 3129 ,
678 3068 879 3119 scilicet
938 3068 997 3119 in
1064 3067 1440 3119 remissionem

366 3147 711 3202 {peccatorum
734 3176 748 3198 ,
782 3153 904 3205 quae
941 3148 1021 3189 est
1047 3153 1142 3204 per
1176 3137 1439 3204 Spiritum

366 3207 651 3266 Sanctum,
676 3208 823 3274 quod
851 3216 933 3258 est
956 3208 1235 3273 proprium
1273 3207 1444 3274 ipsius

300 3319 303 3326 .
374 3276 496 3338 Dei,
528 3277 730 3328 scilicet
760 3277 933 3327 lavare
960 3278 1169 3329 animas
1194 3294 1288 3344 per
1315 3294 1441 3344 gra-

376 3347 508 3399 tiam
538 3347 771 3413 Spiritus
794 3346 1000 3410 Sancti;
1030 3348 1152 3399 aliis
1178 3363 1305 3398 vero
1332 3365 1441 3398 non

385 3428 700 3486 potestatem
747 3417 1006 3478 contulit,
1051 3418 1145 3469 sed
1191 3419 1444 3470 ministe-

371 3488 524 3539 rium
566 3488 856 3539 commisit.
887 3488 1135 3539 Minister
1161 3489 1309 3539 enim
1349 3491 1446 3540 mi-

375 3560 590 3624 nisti-at,
620 3560 714 3610 sed
736 3559 987 3611 Christus
1012 3560 1263 3625 baptizat.
1294 3562 1444 3621 Qua-
1473 3559 1484 3622 ³.
1539 3566 1915 3621 refectionem.
1988 3570 2232 3620 Tandem
2285 3571 2616 3622 recreatione

382 3643 598 3701 propter
631 3633 744 3682 sive
771 3647 801 3682 a
824 3630 1049 3694 clericis,
1080 3632 1191 3682 sive
1221 3648 1251 3683 a
1277 3634 1443 3693 laicis,

379 3706 492 3758 sive
519 3705 678 3756 etiam
703 3721 734 3756 a
760 3704 1078 3757 mulieribus
1095 3744 1108 3766 ,
1137 3706 1447 3757 necessitate

380 3777 727 3837 imminente,
772 3777 1081 3844 Baptismus
1116 3777 1302 3841 detur,
1336 3795 1445 3828 non

381 3859 561 3902 tamen
608 3849 843 3901 iteratur.
880 3851 963 3912 Et,
1001 3851 1295 3902 secundum
1336 3852 1447 3902 Be-
1483 3859 1486 3862 ’

385 3923 528 3987 dam,
559 3923 671 3976 sive
698 3924 1007 3988 haereticus,
1047 3925 1159 3978 sive
1178 3925 1448 3977 schisma-

980 323 1217 374 PRIMA-2
1248 320 1498 372 PARTIS
1527 278 1762 372 CAPUT
1791 319 1978 369 XXIII.

1524 430 1699 489 ticuS,
1753 429 1865 479 sive
1903 429 2235 488 facinorosus
2261 428 2496 496 quisque
2533 428 2591 477 in

1526 499 1864 551 confessione
1931 508 2127 550 sanctae
2173 499 2458 550 Trinitatis
2490 498 2594 547 ba-

1527 572 1770 639 ptizetur,
1811 573 1966 634 valet,
2010 583 2061 623 et
2099 589 2210 622 non
2253 572 2410 622 debet
2445 571 2536 621 ille
2561 586 2596 620 a

1528 643 1808 694 catholicis
1848 642 2184 709 rebaptisari,
2219 658 2288 693 ne
2328 640 2593 692 confessio

1527 716 1612 766 vel
1641 716 1901 767 invocatio
1921 715 2054 766 tanti
2085 715 2328 765 nominis
2350 714 2597 765 videatur

1529 788 1817 839 annullari.
1845 789 2084 838 Potestas
2108 787 2332 853 quidem
2355 801 2386 838 a
2414 786 2598 837 Domi-

1521 877 1603 911 no
1641 861 1698 910 in
1736 861 2010 911 neminem
2042 860 2247 923 transit,
2287 859 2381 910 sed
2427 859 2595 909 mini·

1529 933 1754 983 sterium
1783 932 1837 982 in
1873 933 2041 983 bonos
2064 942 2117 983 et
2148 933 2350 983 malos,
2368 931 2449 982 Ne
2469 928 2598 997 quis

1531 1019 1657 1069 ergo
1697 1003 1978 1054 exhorreat
2028 1003 2293 1053 malorum
2346 1001 2596 1052 ministe-

1533 1074 1696 1136 rium,
1730 1075 1980 1141 respiciat
2018 1075 2074 1125 in
2118 1075 2337 1126 Domini
2363 1084 2598 1141 potesta-

1532 1155 1676 1206 tem,
1714 1146 1910 1196 veritas
1948 1146 2094 1196 enim
2140 1155 2598 1195 sacramentorum

1536 1235 1645 1269 non
1673 1218 1940 1268 minuitur
1975 1217 2169 1268 merito
2202 1217 2596 1268 ministrorum.

1534 1289 1607 1341 Et
1653 1290 1932 1355 subjungit
1972 1306 1986 1339 ε
2028 1289 2157 1355 Ego
2208 1290 2345 1351 vidi,
2400 1287 2602 1339 scilicet

1534 1361 1794 1426 Spiritum
1841 1361 2098 1410 Sanctum
2145 1359 2398 1425 praedicto
2435 1359 2602 1408 modo

1534 1430 1943 1482 descendentem
1987 1447 2147 1497 super
2184 1432 2387 1490 Jesum,
2429 1436 2481 1480 et
2537 1435 2603 1479 te-

1534 1502 1839 1553 stimonium
1880 1502 2133 1567 perhibui
2160 1519 2178 1551 .·
2210 1501 2337 1567 quia
2401 1501 2485 1551 hic
2522 1506 2604 1550 est

1538 1572 1719 1622 Filius
1746 1572 1852 1622 Dei
1884 1571 2109 1631 unicus,
2155 1586 2264 1620 non
2297 1571 2612 1636 adoptatus,

1537 1644 1598 1693 In
1646 1659 1757 1710 quo
1807 1643 2135 1701 ostenditur,
2188 1641 2321 1709 quid
2365 1641 2609 1708 Baptista

1537 1730 1602 1765 ex
1627 1714 1728 1764 hac
1762 1713 1970 1763 visione
2007 1711 2359 1773 intellexerit,
2405 1711 2606 1762 scilicet

1537 1784 1686 1851 quod
1709 1783 1959 1834 Christus
1981 1792 2121 1833 esset
2160 1783 2332 1832 Filius
2365 1781 2464 1832 Dei
2505 1797 2603 1832 ve-

1539 1870 1632 1905 rus
1654 1864 1707 1905 et
1735 1854 2003 1904 naturalis
2022 1893 2035 1914 ,
2067 1863 2119 1905 et
2147 1869 2240 1920 per
2265 1854 2604 1919 consequens

1540 1926 1783 1977 eamdem
1808 1924 2064 1976 virtutem
2097 1925 2302 1976 habens
2339 1940 2464 1975 cum
2497 1924 2604 1974 Pa-

1538 2009 1637 2050 tre.
1681 1999 1783 2049 Hic
1807 2008 2030 2050 testatur
2056 1999 2152 2049 Dei
2180 1998 2382 2049 Filium
2403 2037 2417 2062 ,
2443 2012 2606 2065 quem

1535 2074 1646 2137 iam
1671 2088 1832 2138 supra
1871 2072 2084 2123 dixerat
2123 2073 2301 2123 virum
2320 2112 2334 2133 ,
2364 2081 2423 2123 ut
2449 2073 2516 2122 ab
2543 2086 2608 2122 eo

1543 2145 1802 2195 habeatur
1827 2144 2114 2211 utriusque
2141 2154 2343 2193 naturae
2354 2143 2606 2194 testimo-

1546 2217 1720 2267 nium.
1738 2215 2199 2282 Quadripartitum
2220 2225 2395 2268 autem
2417 2215 2610 2267 habuit

1543 2291 1806 2341 Dominus
1879 2289 2253 2340 testimonium
2327 2306 2340 2340 :
2419 2288 2612 2339 habuit

1544 2361 1690 2412 enim
1757 2360 2129 2411 testimonium
2190 2377 2220 2412 a
2284 2360 2573 2427 Prophetis
2593 2399 2609 2423 ,

1523 2432 1672 2506 ‘quia
1700 2432 1791 2482 hic
1818 2442 1956 2482 esset
1983 2432 2115 2483 Chri
2129 2431 2491 2495 stus;habuit
2535 2441 2612 2482 te-

1543 2502 1866 2554 stimonium
1921 2503 2144 2553 Joannis
2192 2520 2207 2553 ε
2243 2503 2387 2554 Ecce
2416 2504 2612 2569 Agnus

1544 2575 1652 2627 Dei
1657 2591 1679 2638 ‚⁶
1715 2574 1911 2625 habuit
1966 2575 2343 2626 testimonium
2386 2574 2558 2626 Patris
2595 2591 2611 2624 ε

1545 2645 1658 2695 Hic
1681 2651 1762 2695 est
1781 2645 1961 2695 Filius
1983 2659 2130 2696 meus
2149 2646 2373 2697 dilectus
2384 2662 2406 2708 ‚-
2424 2644 2618 2696 habuit

1546 2714 1921 2766 testimonium
1952 2732 2178 2781 operum
2210 2734 2225 2766 ε
2254 2717 2323 2767 Si
2345 2730 2446 2766 non
2455 2714 2614 2780 facio

1549 2784 1715 2851 opera
1734 2785 1927 2838 Patris
1947 2786 2066 2849 mei,
2098 2797 2197 2837 etc.

1613 2873 1644 2923 7
1676 2857 2029 2908 Commota-rio
2051 2857 2274 2908 Camsrx
2293 2872 2433 2910 Arm)
2460 2857 2614 2909 Jom·

1548 2943 1673 2978 uzu.
1694 2956 1754 2966 -—
1787 2928 2031 2979 Meditari
2062 2927 2152 2979 hic
2172 2939 2321 2994 potes
2339 2931 2616 2996 quomodo

1548 2999 1817 3050 Dominus
1867 3000 2039 3063 Jesus,
2064 3015 2095 3050 a
2136 3000 2341 3051 Joanne
2377 3000 2618 3052 alacriter

1548 3080 1846 3137 susceptuS,
1878 3070 1954 3120 ibi
1978 3070 2376 3137 aliquantulum
2403 3072 2614 3124 substi-

1548 3143 1633 3207 tit,
1660 3153 1712 3193 et
1734 3141 1829 3193 illa
1861 3144 2026 3194 cruda
2065 3143 2231 3193 eremi
2273 3143 2473 3196 cibaria
2515 3160 2612 3195 co-

1550 3214 1718 3264 medit
1742 3229 1864 3264 cum
1905 3229 2008 3277 e0;
2051 3226 2110 3266 tu
2144 3231 2269 3266 vero
2297 3227 2478 3268 astans
2501 3216 2616 3267 ibi-

1549 3284 1672 3334 dem
1700 3294 1755 3334 et
1782 3284 2049 3349 aspiciens
2074 3324 2088 3346 ,
2123 3287 2358 3337 extende
2386 3301 2613 3337 manum

1552 3354 1691 3405 sicut
1745 3354 2025 3405 mendicus
2066 3357 2464 3423 eleemosynam
2516 3372 2616 3423 pe-

1552 3436 1700 3489 tens;
1750 3427 1965 3478 insinua
2003 3429 2157 3496 quasi
2201 3430 2491 3482 tabefactus
2527 3428 2615 3481 fa-

1555 3512 1733 3557 mem,
1781 3497 1830 3547 si
1877 3497 2014 3549 forte
2046 3500 2220 3550 vocari
2259 3499 2513 3552 merearis
2547 3501 2614 3551 ad

1554 3638 1739 3690 habita
1766 3648 1818 3689 et
1839 3640 2135 3705 gratiarum
2162 3643 2371 3694 actione
2388 3652 2614 3709 peracta,

1554 3708 1825 3759 Dominus
1837 3711 2032 3761 Joanni
2053 3712 2313 3777 valefecit,
2334 3723 2387 3764 et
2402 3714 2469 3764 ad
2487 3724 2617 3764 tem-

1557 3797 1657 3849 pus
1686 3782 1754 3832 ab
1776 3798 1839 3832 eo
1872 3783 2142 3849 discessit3
2168 3796 2299 3837 tunc
2322 3796 2503 3837 autem
2526 3800 2616 3836 se-

1557 3868 1732 3920 quens
1772 3853 1980 3918 Jesum,
2023 3867 2076 3906 et
2105 3856 2160 3905 in
2184 3857 2448 3917 adventu,
2479 3865 2531 3907 et
2561 3857 2615 3907 in

1556 3925 1815 3989 discessu,
1841 3926 2359 3995 genuflecteJoanni,
2385 3929 2616 3980 deoscu-
