2784 4452
554 410 557 413 .
625 370 720 421 DE
747 369 1033 422 JEJUNIO
1067 369 1165 421 ET
1198 370 1775 426 TENTATIONIBUS
1807 377 2082 429 DOMINI.

226 485 466 545 minicae‚
494 485 622 552 quia
645 484 911 551 significat
942 501 1041 535 nos
1073 501 1104 536 a
1137 501 1296 536 mun·

225 559 279 610 di
343 559 579 608 amicitia
642 558 833 608 debere
894 559 1187 623 continere,
1230 567 1291 609 ut

222 631 396 680 Deum
421 631 571 696 sequi
588 632 874 682 valeamus.
893 650 920 677 n
937 631 1091 682 Unde
1109 633 1295 699 Augu-

222 702 399 752 stinus
421 718 438 753 .·
460 703 727 769 «Moyses,
744 712 796 752 et
811 701 973 762 Elias,
987 712 1038 752 et
1059 701 1174 768 ipse
1185 701 1293 752 Do·

222 774 409 825 minus
436 774 783 841 quadraginta
808 774 997 825 diebus
1015 774 1289 840 jejunave-

222 855 382 906 runt,
429 855 491 895 ut
530 845 893 896 insinuaretur
920 845 1107 905 nobiS,
1145 855 1199 895 et
1229 844 1286 894 in

222 920 437 985 Moyse,
479 929 532 970 et
558 919 614 969 in
664 919 805 979 Elia,
848 928 900 968 et
935 918 989 968 in
1029 917 1286 978 Christo,

221 990 327 1039 hoc
365 1001 473 1052 est,
516 991 573 1040 in
613 991 751 1056 Lege
796 999 848 1039 et
898 989 1205 1056 Prophetis,
1236 998 1288 1039 et

218 1059 277 1110 in
313 1060 431 1127 ipso
476 1060 762 1126 Evangelio
791 1060 844 1109 id
868 1060 1153 1111 nobiscum
1182 1059 1286 1126 agi,

221 1149 289 1184 ne
326 1134 728 1185 conformemur
756 1142 808 1183 et
836 1133 1133 1184 haereamus
1161 1132 1289 1183 huic

217 1207 433 1269 secu103
479 1205 570 1255 sed
598 1203 972 1269 crucifigamus
1005 1202 1287 1255 hominem

216 1289 470 1342 veterem,
501 1288 553 1328 et
579 1276 752 1327 carnis
777 1292 960 1327 curam
991 1292 1059 1327 ne
1094 1275 1286 1327 feceri-

218 1366 344 1401 mus
392 1350 449 1400 in
502 1349 966 1415 concupiscentiis.
1019 1347 1286 1413 Congruit

215 1422 365 1471 enim
409 1431 602 1471 nostrae
626 1419 926 1483 devotioni,
959 1429 1020 1470 ut
1047 1419 1140 1485 qui
1172 1419 1287 1469 Do·-

215 1494 354 1545 mini
385 1491 619 1544 crucifixi
641 1492 950 1542 Passionem
968 1491 1286 1542 celebraturi

215 1581 436 1626 sumuS,
486 1563 943 1630 reprimendarum
986 1562 1284 1613 carnalium

213 1639 554 1704 voluptatum
578 1652 787 1686 crucem
813 1635 972 1685 nobis
1000 1634 1102 1701 ipsi
1123 1635 1283 1686 etiam

217 1708 495 1767 faciamus,
521 1706 659 1757 sicut
677 1706 807 1756 dicit
825 1706 1116 1772 Apostolus
1137 1723 1150 1756 z
1175 1705 1285 1768 Qui

213 1786 394 1830 autem
437 1784 562 1829 sunt
609 1778 831 1839 Christi,
880 1792 1092 1828 carnem
1127 1791 1280 1827 suam

214 1852 607 1909 crucifixerunt
633 1865 750 1902 cum
784 1850 929 1901 vitiis
957 1856 1008 1900 et
1027 1850 1282 1915 concupi-

212 1923 452 1975 scentiis.
483 1923 542 1972 In
575 1922 674 1972 hac
701 1921 921 1988 quidem
958 1936 1140 1981 cruce,
1188 1936 1282 1986 per

214 2005 384 2046 totam
438 1993 595 2044 istam
631 1992 822 2053 vitam,
859 2007 980 2059 quae
1005 1992 1061 2041 in
1088 1991 1282 2041 mediis

210 2065 605 2117 tentationibus
634 2064 876 2127 ducitur,
903 2072 1159 2128 perpetuo
1181 2062 1280 2113 de-

212 2138 305 2187 bet
330 2136 561 2201 pendere
587 2133 944 2186 Christianus,
978 2133 1100 2183 Non
1133 2132 1280 2182 enim

212 2217 295 2259 est
336 2206 393 2256 in
451 2205 551 2256 hac
595 2205 704 2256 vita
755 2214 966 2271 tempus
1020 2202 1278 2254 evellendi

213 2279 422 2339 claVOS,
465 2277 531 2328 de
564 2277 765 2342 quibus
804 2275 860 2325 in
902 2273 1112 2324 Psalmo
1141 2273 1279 2323 dici-

213 2360 304 2399 tur
324 2366 338 2399 :
361 2349 408 2399 C
410 2363 474 2399 on
463 2349 588 2416 fige
603 2349 792 2398 timore
806 2352 893 2397 tuo
909 2359 1100 2395 carnes
1114 2359 1278 2396 meas,

212 2422 414 2471 Carnes
459 2420 602 2470 enirn
656 2428 783 2469 sunt
818 2418 1051 2468 carnales
1075 2433 1279 2467 concu-

210 2491 486 2559 piscentiae
506 2531 520 2552 ,
554 2490 684 2541 clavi
723 2500 850 2540 sunt
883 2499 1143 2556 praecepta
1193 2490 1279 2555 ju-

210 2566 395 2617 stitiae.
428 2565 529 2616 His
550 2565 666 2615 illas
702 2564 867 2614 timor
894 2563 991 2613 Dei
1021 2562 1275 2629 configit,

210 2637 307 2704 qui
361 2652 461 2687 nos
510 2636 588 2686 illi
630 2634 1005 2702 acceptabilem
1041 2634 1276 2685 hostiam

208 2707 491 2773 crucifigit.
511 2707 599 2757 Sic
623 2721 833 2772 semper
857 2706 945 2756 hic
967 2705 1102 2767 vive,
1122 2704 1279 2757 Chri·
1320 2708 1324 2711 ⁴

207 2781 383 2831 stiane
401 2819 416 2841 ,
444 2780 491 2830 si
521 2790 729 2830 terreno
754 2778 886 2828 limo
919 2793 1134 2844 gressus
1169 2794 1277 2828 non

207 2852 292 2903 vis
342 2851 688 2917 immergere,
739 2849 850 2900 noli
898 2849 964 2899 de
995 2849 1095 2900 ista
1124 2864 1277 2899 cruce

204 2923 533 2974 descendere
564 2939 578 2972 2
604 2941 630 2969 n
653 2922 765 2972 haec
788 2921 1145 2986 Augustinus.
1172 2921 1276 2971 Sed

204 3011 332 3047 cave
360 3010 428 3045 ne
445 2996 512 3045 de
538 2994 641 3045 ista
662 3009 813 3044 cruce
836 3009 930 3059 per
949 2993 1277 3059 voluptatum

205 3065 596 3117 admixtionem
647 3066 968 3128 descendas;
1025 3065 1183 3131 quia,
1216 3075 1278 3116 ut

204 3139 578 3206 Augustinus,
633 3138 772 3188 nihil
811 3138 1027 3204 prodest
1058 3137 1278 3190 tota.die

204 3212 441 3276 longum,
458 3209 676 3260 duxisse
702 3208 990 3275 jejunium,
1025 3208 1070 3259 si
1097 3217 1279 3273 postea

203 3281 449 3341 ciborum
493 3280 750 3331 suavitate
773 3319 787 3340 ,
841 3280 923 3331 vel
979 3279 1273 3340 nimietate,

202 3353 388 3403 anima
398 3354 673 3403 obruatur.
691 3353 915 3417 Insuper
929 3351 1031 3401 hoc
1051 3365 1277 3400 numero

204 3424 468 3475 solvimus
506 3422 740 3473 decimas
772 3434 824 3472 et
872 3421 1140 3488 primitias
1164 3423 1275 3472 Do-

205 3494 379 3545 mino.
419 3496 558 3544 Sunt
597 3493 742 3545 enim
780 3493 837 3544 in
872 3509 1015 3544 anno
1052 3493 1275 3543 trecenti

202 3565 480 3631 sexaginta
499 3579 591 3615 sex
619 3564 751 3624 dies,
783 3580 1038 3631 quorum,
1068 3573 1276 3629 praeter-

201 3651 369 3703 quam
385 3651 476 3685 sex
491 3636 721 3696 dierum,
742 3634 949 3686 decima
963 3644 1042 3684 est
1062 3633 1280 3700 triginta

201 3722 297 3757 sex
311 3723 326 3770 ;
366 3717 419 3757 et
461 3721 529 3756 ne
576 3722 668 3757 sex
719 3705 920 3756 residui
966 3718 1277 3757 remaneant

202 3776 534 3841 indecimati,
561 3775 776 3827 additur
808 3793 951 3827 unus
981 3795 995 3828 ε
1024 3778 1153 3844 quia
1181 3777 1278 3827 mi-

202 3863 310 3899 nus
353 3848 476 3897 addi
527 3864 635 3897 non
685 3858 884 3914 potest,
940 3858 1050 3899 tres
1096 3858 1274 3900 autem

198 3919 293 3969 alii
336 3918 666 3984 superadditi
700 3919 981 3970 solvuntur
1024 3933 1122 3985 pro
1157 3918 1276 3985 pri-

200 3990 408 4054 mitiis,
451 4005 548 4057 pro
584 3990 786 4061 quibus
841 3990 1095 4042 similiter
1149 4001 1275 4043 sunt

2356 392 2460 446 229

1398 488 1591 554 jejunia
1619 503 1850 558 quatuor
1876 504 2197 562 temporum,
2232 515 2330 566 per
2353 512 2463 556 tres

1398 560 1532 612 dieS.
1585 563 1738 613 Sicut
1790 580 1916 631 ergo
1972 566 2028 616 in
2084 568 2223 634 Lege
2272 571 2464 624 offerre

1397 633 1649 698 jubemur
1685 636 1949 703 primitias
1991 650 2044 690 et
2079 640 2313 692 decimas
2375 660 2464 696 re·-

1398 721 1547 766 rum,
1591 706 1665 757 ita
1705 709 2055 775 quadraginta
2100 711 2291 763 diebus
2327 715 2464 779 jeju-

1397 776 1576 826 nando
1608 777 1886 830 offerimus
1927 781 2195 846 primitias
2226 793 2277 834 et
2311 785 2466 836 deci-

1397 863 1513 898 mas
1554 849 1781 901 dierum.
1825 851 1896 902 Ut
1934 851 2027 918 qui
2056 853 2461 922 nobismetipsis

1395 933 1489 984 per
1528 931 1799 986 acceptum
1833 939 2035 973 annum
2074 925 2309 976 viximus
2345 927 2462 978 Au-

1395 988 1529 1039 ctori
1559 1001 1762 1052 nostro,
1789 1009 1889 1044 nos
1924 994 2039 1059 ejus
2070 994 2124 1044 in
2153 996 2379 1047 decimis
2407 1006 2462 1048 et
2537 1005 2541 1009 ⁴

1396 1062 1651 1128 primitiis
1702 1079 1796 1130 per
1840 1065 2221 1117 abstinentiam
2266 1067 2461 1118 morti-

1394 1134 1651 1198 ficemus;
1699 1146 1752 1186 et
1782 1137 1876 1202 qui
1920 1153 1950 1187 a
1977 1139 2207 1202 paradisi
2248 1139 2460 1205 gaudiis

1394 1221 1489 1271 per
1529 1206 1710 1256 cibum
1745 1207 2066 1269 cecidimus,
2114 1211 2180 1259 ad
2224 1210 2366 1271 haec,
2400 1210 2459 1262 in

1391 1286 1654 1343 quantum
1696 1293 2016 1343 possumus,
2062 1294 2154 1344 per
2193 1279 2464 1331 abstinen-

1392 1348 1524 1399 tiam
1576 1365 1937 1416 resurgamus.
1990 1351 2158 1417 Igitur
2220 1361 2461 1418 tempore

1392 1419 1815 1485 quadragesimae
1844 1422 1964 1486 plus
2001 1421 2161 1472 solito
2198 1422 2458 1474 debemus

1388 1488 1725 1540 abstinentiae
1765 1500 1818 1539 et
1845 1490 2116 1541 devotioni
2159 1491 2454 1553 intendere,

1391 1570 1444 1610 et
1483 1561 1713 1611 aliorum
1752 1571 2056 1628 temporum
2106 1563 2457 1630 negligentias

1391 1634 1495 1684 hoc
1514 1644 1756 1700 tempore
1783 1644 1965 1685 sancto
1985 1635 2189 1685 diluere
2208 1646 2261 1685 et
2280 1651 2459 1686 emen-

1389 1706 1532 1756 dare.
1572 1706 1672 1756 Hic
1709 1721 1967 1756 numerus
1999 1706 2456 1772 quadragenarius

1389 1778 1761 1845 multipliciter
1800 1788 1880 1830 est
1916 1790 2281 1843 consecratus;
2327 1795 2456 1830 nam

1388 1850 1740 1917 quadraginta
1792 1850 1953 1901 annis
2000 1851 2143 1916 pavit
2187 1852 2456 1904 Dominus

1386 1920 1529 1971 filios
1557 1921 1717 1971 Israel
1749 1936 1885 1986 pane
1914 1921 2243 1985 Angelorum
2273 1921 2330 1970 in
2365 1921 2457 1971 de·-

1387 2003 1559 2055 serto;
1592 1992 1941 2059 quadraginta
1969 1991 2249 2042 mensibus
2269 1992 2458 2059 praedi-

1387 2066 1524 2116 cavit
1588 2065 1643 2115 in
1684 2066 1889 2114 mundo
1903 2080 1918 2127 ;
1964 2064 2316 2130 quadraginta
2362 2081 2453 2116 se—

1388 2135 1646 2203 ptimanis
1698 2135 1803 2186 fuit
1856 2134 1914 2184 in
1974 2144 2125 2185 utero
2180 2134 2452 2200 virgine03

1387 2208 1742 2275 quadraginta
1803 2207 1996 2257 diebus
2059 2207 2312 2273 jejunavit
2394 2207 2453 2258 in

1385 2280 1623 2342 deserto;
1668 2278 2021 2345 quadraginta
2052 2278 2204 2327 horis
2249 2276 2353 2327 fuit
2391 2278 2453 2327 in

1385 2349 1703 2416 sepulchrO,
1736 2350 1803 2399 ab
1832 2348 1982 2399 horis
2007 2348 2198 2399 mortis
2226 2365 2455 2414 compu-

1383 2422 1582 2485 tando;
1612 2420 1963 2488 quadraginta
1988 2420 2179 2472 diebus
2206 2420 2309 2471 fuit
2332 2431 2454 2487 post

1385 2492 1826 2544 resurrectionem
1890 2508 2014 2543 cum
2063 2492 2346 2567 discipulis
2393 2492 2452 2543 in

1385 2567 1610 2617 mundo.
1665 2566 1830 2627 Item,
1874 2567 2169 2616 secundum
2219 2566 2451 2617 Ambro-

1384 2638 1541 2700 sium,
1563 2637 1692 2705 quia
1713 2638 2064 2705 quadraginta
2081 2637 2272 2687 diebus
2296 2653 2462 2704 aquae,

1381 2710 1571 2760 diluvii
1592 2710 2014 2768 inundaverunt,
2043 2725 2139 2775 per
2166 2724 2300 2774 quas
2323 2725 2452 2775 pec-

1381 2791 1583 2831 catores
1601 2780 1936 2831 exterminati
1964 2779 2201 2840 fuerunt,
2230 2791 2283 2831 et
2304 2781 2453 2831 exin-

1382 2853 1451 2903 de
1484 2853 1603 2904 coeli
1642 2853 1900 2904 serenitas
1932 2853 2137 2912 illuxit,
2177 2862 2229 2902 et
2271 2852 2450 2904 refusa

1379 2922 1485 2973 fuit
1503 2938 1518 2985 ;
1553 2922 1632 2973 sic
1678 2938 1827 2973 sacro
1861 2922 1965 2972 isto
1994 2921 2179 2987 jejunii
2207 2932 2449 2989 tempore

1379 2994 1665 3043 abolentur
1691 3002 1920 3059 peccata,
1940 3001 1991 3042 et
2015 2991 2240 3058 refulget
2266 2992 2452 3045 divina

1381 3063 1683 3114 clementia.

1445 3133 1479 3184 8
1513 3135 1631 3185 Cun
1675 3149 2050 3191 Quannacmu
2107 3150 2321 3194 mamm,
2351 3149 2450 3184 msc

1381 3220 1515 3255 rnus
1543 3220 1642 3254 nnc
1667 3220 1845 3265 mum,
1874 3220 2151 3256 :munuu-
2174 3205 2449 3256 Doumus?

1380 3301 1446 3312 —
1470 3275 1628 3337 Cum,
1660 3290 1812 3339 erg0,
1837 3274 2144 3342 jejunasset
2181 3276 2450 3326 Dominus

1382 3344 1751 3410 quadraginta
1780 3345 1982 3408 diebus,
2005 3352 2056 3397 et
2082 3345 2452 3412 quadraginta

1382 3415 1649 3477 noctibus,
1701 3432 1808 3465 non
1869 3417 2008 3467 ultra
2061 3415 2318 3483 processit
2368 3417 2452 3466 vel

1381 3485 1596 3535 transiit
1636 3486 1955 3552 jejunando,
2013 3502 2079 3537 ne
2117 3485 2452 3537 incredibilis

1382 3557 1651 3609 videretur
1691 3559 1868 3609 carnis
1910 3557 2235 3624 assumpti0,
2287 3568 2339 3608 et
2392 3567 2455 3608 ut

1380 3631 1552 3683 virtus
1582 3632 1879 3683 divinitatis
1909 3635 2165 3683 celaretur
2203 3632 2451 3694 diabolo;

1383 3706 1513 3773 quia
1544 3707 1704 3757 etiam
1733 3717 1812 3757 tot
1838 3708 2028 3757 diebus
2068 3707 2281 3772 Moyses
2314 3706 2453 3771 jeju-

1384 3778 1550 3837 navit,
1581 3787 1633 3827 et
1663 3777 1836 3841 Elias;
1884 3782 1936 3826 et
1957 3783 2152 3843 postea
2179 3775 2451 3828 Dominus

1382 3848 1592 3898 esuriit.
1617 3848 1738 3897 Non
1769 3859 1947 3898 autem
1976 3846 2313 3907 necessitate,
2353 3849 2448 3898 sed

1381 3918 1655 3968 voluntate
1688 3918 1907 3981 esuriit,
1939 3928 1991 3969 et
2014 3934 2207 3984 corpus
2244 3918 2447 3969 esurire

1381 3990 1649 4057 permisit,
1677 4000 1739 4042 ut
1766 3991 1824 4040 in
1861 4006 1918 4041 se
1947 4003 1998 4043 et
2025 3992 2302 4043 veritatem
2337 3991 2447 4042 hu-
