2784 4452
561 314 655 365 DE
691 313 971 366 OFFICIO
1005 313 1099 365 ET
1127 311 1298 366 VITA
1327 311 1623 363 JOANNIS
1656 311 2037 362 BAPTISTAE.

185 442 330 494 runt,
387 430 482 498 qui
540 430 631 480 hic
671 439 937 494 tacentur3
994 439 1046 480 et
1082 428 1251 495 tangit

183 502 522 569 Evangelista
549 502 729 552 solum
770 501 892 551 illos
920 502 1022 551 sub
1050 500 1250 568 quibus

180 574 490 643 praedicatio
519 574 719 639 incepit
745 572 979 634 Joannis,
995 581 1046 623 et
1065 588 1250 638 passus

181 656 261 697 est
286 644 557 697 Christus.
591 645 749 706 Quod
780 654 958 695 autem
988 644 1247 710 praedica-

176 718 256 768 tio
283 718 311 767 J
317 717 503 768 oannis
530 726 640 767 tam
659 716 967 766 solemniter
988 714 1247 765 describi-

176 800 286 854 tur,
318 790 520 840 scilicet
537 806 630 856 per
659 788 1015 855 ImperatoriS,
1045 798 1096 839 et
1116 790 1252 838 Pon-

175 862 410 923 tificum,
443 872 494 912 et
540 862 852 928 Principum
881 871 1139 926 tempora,
1169 869 1248 909 est

175 934 245 982 ad
293 932 682 997 designandum
722 931 1088 981 excellentiam
1131 931 1246 995 ejus

179 1020 351 1069 quem
382 1003 630 1054 nuntiare
654 1002 916 1062 veniebat,
937 1012 1122 1067 utpote
1150 1001 1244 1068 qui

178 1090 434 1127 summus
459 1075 750 1139 Imperator
785 1083 836 1123 et
864 1072 1109 1123 Pontifex
1133 1110 1147 1133 ,
1197 1081 1249 1122 et

178 1146 524 1195 Gubernator
541 1142 789 1193 omnium
818 1143 1088 1193 existebat.

244 1213 273 1264 3
339 1214 439 1264 Frr
485 1228 698 1263 vamum
738 1214 839 1263 D1·:1
886 1228 953 1263 AD
982 1213 1244 1263 Jomnssu.

177 1313 241 1323 —
274 1286 435 1334 Tunc
465 1298 592 1350 ergo
628 1285 843 1351 sactum
892 1290 975 1335 est
1032 1284 1246 1334 verbum

173 1356 418 1417 Domini,
451 1356 504 1405 id
533 1365 630 1419 est,
673 1371 906 1422 superna
937 1355 1132 1407 mentis
1164 1356 1250 1405 in-

174 1425 420 1491 spiratiO,
450 1441 571 1492 quae
623 1425 818 1476 dicitur
843 1427 1089 1486 verbum,
1120 1425 1249 1492 quia

177 1497 333 1547 intus
364 1497 422 1547 in
454 1507 634 1548 mente
660 1497 924 1563 loquitur,
950 1498 1247 1548 secundum

177 1570 317 1621 illud
349 1570 548 1621 Psalmi
581 1572 852 1622 :Audiam
894 1572 1023 1637 quid
1073 1572 1252 1637 loqua-

182 1650 274 1691 tur
322 1642 375 1691 in
419 1657 501 1692 me
547 1643 811 1694 Dominus
853 1644 1026 1707 Deus;
1072 1657 1234 1709 super

176 1715 447 1765 Joannem
475 1716 765 1767 Zachariae
775 1717 961 1783 filium
990 1716 1042 1767 in
1074 1717 1249 1767 deser-

177 1790 250 1847 to,
285 1785 383 1851 qui
414 1795 542 1836 tunc
573 1787 626 1836 in
655 1803 794 1838 anno
823 1798 934 1838 erat
951 1788 1244 1854 trigesimo,

173 1857 331 1921 quod
359 1866 572 1923 tempus
601 1857 963 1924 praedicationi
1004 1858 1244 1908 debitum

168 1939 285 1991 est3
321 1930 450 1996 quia
478 1940 605 1981 tunc
631 1942 758 1982 aetas
784 1931 958 1982 virilis
983 1932 1154 1998 viget3
1186 1942 1248 1982 ut

168 2000 454 2065 baptizans
483 2011 536 2051 et
570 2002 866 2068 praedicans
912 2002 1113 2054 Christi
1147 2004 1246 2054 ad-

165 2081 393 2122 ventum
415 2110 428 2132 ,
476 2081 529 2123 et
573 2073 952 2139 redemptionis
994 2073 1246 2125 solatium

169 2144 539 2195 annuntiaret.
562 2145 784 2196 Audivit
796 2146 1026 2196 Joan-nes
1052 2162 1145 2212 per
1162 2146 1246 2196 in..

168 2225 386 2267 ternam
422 2216 842 2282 inspirationem,
880 2233 939 2267 ac
966 2217 1248 2268 revelatio-

172 2303 304 2337 nem
332 2288 567 2339 divinam
598 2297 650 2339 et
673 2289 858 2339 auditu
890 2288 1100 2354 mentiS,
1124 2305 1246 2339 ver-

170 2359 310 2408 bum
336 2358 560 2409 Domini
600 2361 715 2410 sola
745 2359 911 2425 gratia
939 2360 1168 2425 desuper
1195 2359 1243 2409 ei

168 2431 465 2498 loquentis
523 2432 693 2493 Unde,
723 2434 1018 2483 secundum
1062 2433 1249 2500 Chry-

167 2509 490 2565 sostomum,
520 2504 744 2554 verbum
771 2503 1088 2554 Dominihic
1103 2520 1250 2554 man·

166 2577 378 2637 datum,
416 2591 511 2627 seu
541 2587 864 2642 praeceptum
898 2577 995 2627 Dei
1029 2576 1246 2637 dicitur,

167 2650 304 2716 quia
335 2667 442 2701 non
487 2667 518 2701 a
558 2651 844 2718 semetipso
879 2652 1124 2712 Joanne5‚
1153 2652 1245 2702 sed

165 2723 287 2773 Deo
322 2722 479 2772 illum
506 2733 776 2783 monente,
792 2723 856 2773 ad
885 2722 1246 2773 ministerium

166 2793 307 2844 inud
340 2795 578 2845 accessit.
609 2794 760 2845 Unde
790 2804 840 2844 et
863 2793 976 2860 ipse
994 2794 1069 2845 ait
1095 2810 1108 2844 τ
1141 2794 1248 2855 Qui

167 2879 257 2914 me
283 2865 438 2915 misit
469 2865 751 2932 baptizare
775 2864 829 2915 in
852 2879 1012 2930 aqua,
1045 2874 1147 2915 etc.
1181 2865 1247 2915 Et

164 2950 238 2984 ne
265 2946 486 3001 propter
517 2936 780 2986 defectum
832 2950 983 3001 aquae
1009 2935 1248 3012 differre:

166 3015 258 3056 tur
304 3006 602 3071 baptismus
655 3021 862 3070 eorum,
906 3005 999 3072 qui
1047 3005 1104 3055 in
1132 3006 1246 3071 ejus

165 3079 554 3145 praedicatione
594 3081 1056 3140 convertebantur,
1108 3089 1161 3130 et
1186 3089 1248 3130 ut

164 3150 517 3216 praedicando
547 3152 719 3218 magis
760 3150 1016 3217 proficere
1043 3160 1242 3218 posset,

165 3225 340 3276 exivit
363 3226 430 3278 de
461 3227 689 3288 deserto,
719 3227 812 3276 ubi
842 3227 948 3292 jam
982 3226 1244 3292 poeniten-

163 3298 302 3349 tiam
357 3301 617 3366 agendam
655 3301 942 3367 praedicare
983 3310 1239 3366 coeperat3

160 3371 252 3422 Et
281 3373 425 3422 venit
452 3372 506 3422 in
554 3387 757 3423 omnem
783 3372 1078 3439 regionem,
1109 3373 1245 3424 circa

159 3446 485 3507 Jordanem,
551 3446 644 3497 ubi
701 3446 852 3512 copia
893 3462 1152 3513 aquarum
1192 3456 1245 3497 et

157 3518 291 3568 loca
338 3518 602 3583 populosa
661 3527 826 3579 erant,
876 3517 1149 3583 baptizans
1190 3527 1243 3568 et

146 3589 484 3657 praedicans
505 3589 823 3656 baptismum
839 3588 1171 3654 poenitentiae
1185 3589 1239 3639 in

155 3662 544 3714 remissionem
566 3669 927 3729 peccatorum.
959 3663 1024 3712 Et
1056 3662 1111 3711 in
1141 3662 1243 3711 hoc

154 3733 325 3784 d‘edit
356 3734 669 3798 exemplum
706 3732 1144 3799 praedicatoribus
1180 3742 1243 3782 ut

150 3807 289 3857 loca
302 3804 728 3855 fructificationis
744 3803 890 3855 verbi
904 3802 1070 3854 divini
1091 3817 1244 3869 quae-

151 3886 308 3937 rant,
332 3892 441 3927 non
460 3871 818 3927 recreationis·

236 3965 275 4014 4
301 3949 606 4001 Bari-istus
644 3948 863 4001 Joaums
891 3963 998 4000 uox
1039 3962 1241 3999 uuum·

2325 312 2426 382 169

1359 445 1459 480 ΒΑτ
1493 445 1611 480 snm
1647 443 1999 479 pmmrmvrm.
2030 456 2091 466 —
2120 428 2426 493 Baptismus

1355 502 1577 552 Joannis
1607 501 1922 569 disponebat
1937 500 2185 550 homines
2210 502 2276 551 ad
2299 517 2424 553 sus-

1356 572 1665 638 cipiendum
1711 572 1988 624 Christum
2013 609 2027 634 ,
2055 571 2174 621 ideo
2196 587 2302 622 non
2324 573 2422 624 ba·

1356 644 1692 709 ptizabantur
1713 644 1780 693 ab
1810 659 1905 708 e0,
1936 642 2039 693 nisi
2066 642 2256 705 Judaei,
2286 644 2416 709 qui-

1357 717 1458 767 bus
1522 716 1881 784 principaliter
1954 714 2252 782 promissus
2317 716 2421 767 fuit

1355 789 1621 840 Christus.
1679 788 1932 840 Mulieres
1979 788 2135 838 etiam
2184 803 2294 837 non
2320 788 2420 837 ba-

1356 861 1687 926 ptizabantur
1706 897 1721 922 ,
1778 860 1906 927 quia
1956 858 2086 924 ipsae
2143 867 2292 908 erant
2334 857 2419 906 in-

1355 934 1619 983 struendae
1665 948 1695 983 a
1737 932 1886 982 viris,
1933 931 2040 980 Nec
2073 929 2296 980 infantes
2323 930 2420 979 ba·-

1353 1004 1686 1070 ptizabantur
1716 1040 1731 1068 ,
1770 1002 1897 1069 quia
1951 1000 2266 1067 mysterium
2312 1015 2420 1049 non

1355 1076 1723 1142 intelligebant
1768 1084 1819 1126 et
1847 1073 2077 1140 cognitio
2120 1070 2419 1123 necessaria

1354 1159 1482 1199 erat.
1513 1149 1820 1214 Baptismus
1846 1162 1973 1198 vero
2015 1145 2217 1198 Christi
2263 1144 2419 1194 datur

1356 1218 1504 1269 omni
1539 1217 1876 1280 sexui,omni
1905 1217 2067 1283 genti,
2097 1215 2247 1288 omni
2279 1213 2419 1265 aetati

1355 1291 1410 1341 in
1440 1292 1815 1343 remissionem
1859 1299 2216 1354 peccatorum.
2260 1288 2420 1348 Quod

1355 1380 1481 1431 ergo
1532 1364 1623 1415 hic
1672 1364 1895 1427 dicitur,
1943 1364 1995 1414 in
2053 1361 2418 1412 remissionem

1348 1443 1710 1501 peccatorum,
1743 1452 1853 1495 non
1881 1445 1962 1486 est
1989 1434 2324 1485 referendum
2353 1432 2419 1482 ad

1356 1506 1683 1572 baptismum
1736 1506 1987 1569 Joannis,
2027 1505 2118 1555 sed
2155 1504 2215 1553 ad
2247 1501 2421 1567 poeni-

1353 1578 1575 1628 tentiam
1595 1594 1717 1644 quae
1731 1577 1997 1643 baptismo
2024 1574 2418 1633 annectebatur,

1354 1649 1468 1699 sola
1493 1649 1639 1699 enim
1670 1650 1787 1715 ipsa
1815 1646 2132 1715 poenitentia
2160 1661 2219 1695 ea
2246 1644 2422 1695 remit-

1351 1722 1510 1772 tebat.
1567 1721 1869 1788 Baptismus
1921 1720 2138 1787 quidem
2182 1716 2418 1777 Joannis,

1355 1794 1655 1861 baptismus
1694 1794 2013 1861 poenitentiae
2040 1803 2167 1857 erat,
2197 1792 2325 1858 quia
2351 1791 2419 1841 ad

1353 1864 1723 1929 poenitentiam
1770 1864 2109 1931 baptizandos
2137 1862 2416 1918 monebat,

1330 1937 1407 1988 'et
1429 1954 1538 1987 non
1572 1938 1674 1988 nisi
1704 1938 1913 1988 adultos
1935 1976 1949 2001 ,
1987 1952 2126 2003 quos
2148 1935 2418 2001 poeniten-

1352 2019 1433 2059 tes
1478 2008 1721 2069 videbat,
1765 2009 2079 2074 baptizabat.
2111 2007 2265 2057 Unde
2293 2005 2418 2055 licet

1352 2079 1619 2145 baptismo
1659 2078 1837 2145 ipsius*
1877 2094 1983 2128 non
2024 2077 2419 2128 dimitterentur

1350 2162 1589 2219 peccata,
1627 2152 1891 2218 susceptio
1932 2161 2108 2201 tamen
2136 2149 2282 2200 illius
2307 2157 2419 2199 erat

1351 2223 1599 2290 quaedam
1618 2222 1924 2290 protestatio
1950 2220 2138 2289 agendi
2166 2219 2420 2286 poeniten-

1351 2295 1503 2359 tiam,
1537 2310 1633 2361 per
1661 2310 1824 2360 quam
1851 2293 2200 2343 dimittuntur
2229 2305 2418 2356 pecca-

1352 2376 1422 2417 ta.
1489 2366 1613 2416 Erat
1658 2365 1816 2416 etiam
1854 2363 2154 2430 baptismus
2199 2361 2419 2412 Joannis

1354 2440 1408 2490 in
1428 2438 1793 2489 remissionem
1814 2442 2175 2502 peccatorum,
2208 2449 2316 2483 non
2338 2433 2420 2484 ef-

1351 2513 1560 2574 fective,
1612 2513 1704 2563 sed
1733 2509 2089 2577 praeparative,
2120 2509 2249 2575 quia
2274 2523 2419 2575 prae-

1353 2588 1567 2652 parabat
1594 2587 1658 2637 ad
1700 2584 1902 2636 Christi
1947 2582 2279 2648 Baptismum
2298 2620 2311 2643 ,
2359 2580 2418 2631 in

1353 2675 1464 2726 quo
1490 2659 1648 2710 fiebat
1686 2657 1930 2709 remissio
1949 2665 2304 2722 peccatorum.
2324 2654 2420 2704 Ba-

1352 2731 1585 2798 ptismus
1604 2745 1730 2796 ergo
1756 2728 1975 2780 Joannis
1997 2736 2106 2777 erat
2119 2725 2420 2790 baptismus

1352 2802 1696 2868 poenitentiae,
1726 2800 1854 2866 quia
1882 2796 2245 2864 poenitentiam
2281 2796 2420 2846 deli-

1345 2882 1565 2923 ctorum
1620 2871 1876 2932 habebat;
1924 2869 2016 2918 sed
2073 2883 2133 2918 ea
2186 2867 2418 2918 relaxare

1352 2961 1460 2995 non
1479 2954 1684 3011 poterat
1712 2941 2050 3008 :Baptismus
2069 2950 2246 2990 autem
2266 2940 2419 2991 Chri-

1354 3015 1423 3066 sti
1470 3025 1551 3065 est
1608 3013 1918 3080 Baptismus
1973 3009 2326 3077 gratiae‚quia
2360 3010 2415 3060 in

1354 3087 1577 3140 Christo
1628 3087 1807 3147 datur,
1833 3095 1884 3136 et
1922 3094 2131 3150 peccata
2180 3085 2419 3135 relaxan-

1349 3169 1457 3210 tur.
1506 3158 1658 3209 Unde
1706 3156 2131 3224 Chrysostomus
2155 3172 2173 3206 .-
2206 3172 2234 3201 «
2279 3153 2416 3204 Illud

1348 3231 1657 3293 datumest
1702 3228 1759 3277 in
1802 3226 2138 3293 poenitentia,
2201 3225 2304 3275 hoc
2356 3223 2415 3273 in

1350 3303 1548 3370 gratia3
1592 3301 1667 3352 ibi
1709 3301 1889 3361 venia,
1944 3300 2034 3350 hic
2089 3297 2326 3350 victoria.
2383 3316 2412 3345 »

1351 3375 1418 3425 Et
1437 3374 1751 3433 notandum,
1763 3372 2061 3423 secundum
2087 3367 2414 3433 Gregorium

1348 3445 1781 3512 Nazianzenum,
1803 3444 1966 3510 Aquod
1995 3440 2316 3507 quintuplex
2335 3449 2417 3489 est

1349 3515 1649 3566 differentia
1699 3514 2077 3580 baptismatum
2108 3527 2122 3560 :
2153 3519 2234 3560 est
2265 3509 2413 3560 enim

1349 3587 1620 3654 quoddam
1650 3585 2009 3653 figurativum,
2038 3597 2147 3649 quo
2181 3580 2413 3646 baptiza-

1348 3659 1427 3710 vit
1456 3660 1684 3726 Moyses,
1720 3658 1813 3708 sed
1844 3656 1897 3706 in
1926 3669 2062 3721 aqua
2088 3653 2285 3715 solum,
2319 3650 2414 3701 sci-

1350 3731 1472 3781 licet
1501 3730 1555 3779 in
1586 3729 1729 3780 nube
1755 3738 1807 3778 et
1826 3725 1985 3786 mari;
2016 3723 2162 3775 aliud
2179 3732 2257 3774 est
2280 3737 2413 3788 prae-

1349 3802 1665 3868 parativum,
1691 3815 1801 3867 quo
1845 3796 2127 3863 baptizavit
2164 3796 2410 3859 joannes,

1348 3876 1415 3924 de
1442 3889 1551 3940 quo
1578 3872 1668 3922 hic
1695 3870 1917 3932 dicitur;
1951 3867 2168 3918 tertium
2197 3875 2277 3917 est
2289 3881 2413 3932 per-

1347 3945 1620 4006 fectivum,
1650 3953 1711 3995 ut
1728 3941 2001 4007 Baptisma
2022 3938 2244 4002 Christi,
2264 3937 2411 4005 quod
