2784 4452
730 301 1086 352 SERMONIS
1117 302 1194 351 IN
1219 302 1476 354 MONTE
1506 290 2025 356 CONTINUATIO.

245 429 326 464 no
350 414 838 467 dissimulationem
865 416 943 467 rei
964 416 1233 467 certitudo
1250 433 1328 468 re·

245 497 417 548 cusat,
458 488 621 538 suade
659 488 1021 539 nihilominus
1051 489 1172 554 ipse
1203 488 1323 550 tibi,

241 569 306 609 et
332 559 495 609 dicito
524 560 673 625 apud
704 560 940 626 teipsum
971 578 984 610 z
1018 561 1326 611 Vehemens

242 630 356 682 fuit
385 632 552 683 nimis
577 632 804 683 tentatio
814 648 828 696 3
868 633 1001 699 quid
1029 634 1094 683 de
1125 649 1213 684 me
1234 634 1327 684 illa

249 702 483 765 fecisset,
526 705 572 754 si
603 704 887 771 accepisset
914 705 972 754 in
1011 721 1099 756 me
1126 705 1325 755 sir-nili-

248 783 335 823 ter
374 775 722 840 potestatem?
758 794 786 822 n
816 776 934 826 haec
980 776 1320 827 Ber-nardum.

201 902 205 905 ,
248 844 329 895 De
374 846 557 896 dubiis
590 861 722 911 ergo
755 846 1012 912 judicare,
1040 858 1093 898 et
1134 862 1324 913 suspe-

247 923 367 965 ctos
410 916 565 982 quasi
607 931 729 966 reos
773 918 1151 979 condemnare,
1179 916 1324 983 peni-

245 994 336 1036 tus
371 987 586 1052 repellit
628 1003 659 1037 a
707 988 870 1038 nobis
918 989 1205 1039 Dominus
1257 989 1324 1043 Et

237 1056 598 1123 ‘ideosemper
615 1058 779 1109 dubia
800 1067 928 1109 sunt
944 1060 1003 1109 in
1026 1059 1223 1110 melius
1245 1059 1321 1109 in-

244 1133 601 1196 terpretanda,
625 1141 677 1181 et
714 1131 770 1181 in
793 1133 973 1183 dubiis
1005 1133 1321 1199 benigniora

238 1214 377 1253 sunt
400 1204 741 1269 praeferenda.
758 1205 912 1255 Unde
938 1206 1284 1271 Augustinus
1300 1225 1317 1257 .-

248 1293 279 1321 «
307 1276 423 1325 Hoc
453 1276 567 1326 loco
613 1275 752 1325 nihil
796 1276 943 1326 aliud
972 1277 1132 1327 nobis
1176 1293 1317 1342 prae-

245 1345 356 1410 cipi
389 1345 657 1406 existimO,
689 1346 789 1397 nisi
823 1355 884 1396 ut
916 1362 977 1397 ea
1015 1346 1150 1397 facta
1193 1363 1315 1416 quae

240 1418 477 1469 dubium
529 1429 610 1470 est
662 1436 773 1486 quo
816 1419 996 1470 animo
1042 1420 1201 1481 fiant,
1261 1422 1315 1471 in

246 1492 528 1542 meliorem
606 1503 811 1558 partem
885 1494 1310 1559 interpretemur.

242 1563 395 1613 Sunt
439 1562 586 1612 enim
642 1564 888 1629 quaedam
941 1563 1078 1613 facta
1137 1563 1314 1614 media

242 1649 368 1700 quae
409 1634 717 1699 ignoramus
769 1650 878 1700 quo
934 1634 1112 1683 animo
1159 1634 1309 1698 fiant,

242 1705 375 1773 quia
402 1717 455 1756 et
490 1708 631 1756 bono
657 1716 709 1757 et
735 1708 877 1757 malo
916 1706 1029 1757 fieri
1063 1717 1309 1773 possunt,

242 1778 312 1827 de
346 1776 547 1842 quibus
573 1778 916 1827 temerarium
945 1785 1024 1827 est
1058 1777 1310 1842 judicare,

242 1846 480 1897 maxime
507 1856 568 1896 ut
598 1849 1038 1898 condemnemus⁴
1070 1848 1192 1897 Duo
1212 1863 1311 1897 au-

238 1927 354 1968 tem
380 1926 506 1967 sunt
548 1918 603 1967 in
628 1918 829 1984 quibus
864 1918 1208 1967 temerarium
1237 1919 1312 1983 ju-

236 1986 448 2038 dicium
478 2003 663 2038 cavere
686 1988 961 2048 debemus,
993 2004 1117 2038 cum
1148 1988 1311 2039 incer-

233 2068 361 2109 tum
402 2069 488 2109 est
535 2076 643 2125 quo
706 2060 892 2109 animo
937 2059 1068 2125 quid
1109 2059 1308 2109 factum

236 2130 335 2194 sit,
357 2132 440 2181 vel
470 2130 736 2181 incertum
775 2144 854 2181 est
893 2131 1067 2197 qualis
1095 2129 1309 2182 futurus

234 2199 311 2251 sit
337 2200 432 2268 qui
463 2216 608 2251 nunc
634 2202 809 2252 malus
828 2202 911 2252 vel
936 2202 1111 2252 bonus
1141 2217 1309 2268 appa-

239 2282 340 2323 ret.
355 2272 477 2322 Non
492 2288 619 2339 ergo
636 2274 1088 2338 reprehendamus
1112 2288 1173 2323 ea
1186 2288 1308 2338 quae

238 2343 515 2394 nescimus
559 2361 669 2411 quo
728 2345 911 2395 animo
951 2345 1101 2406 fiant,
1134 2360 1310 2411 neque

237 2413 316 2466 ita
361 2416 817 2480 reprehendamus
862 2431 982 2482 quae
1024 2417 1309 2467 manifesta

203 2496 386 2546 ·.sunt,
428 2498 488 2538 ut
524 2489 869 2553 desperemus
910 2489 1223 2551 sanitatem;
1256 2498 1308 2538 et

235 2558 532 2609 vitabimus
582 2557 843 2624 judicium
876 2559 942 2608 de
1000 2574 1110 2625 quo
1162 2574 1307 2609 nunc

238 2629 472 2680 dicitur:
500 2630 688 2680 Nolite
711 2630 971 2696 judicare
1004 2646 1071 2680 ne
1106 2630 1308 2696 judice-

227 2714 328 2754 tur
371 2704 440 2753 de
478 2703 633 2754 vobis
665 2720 678 2753 ε
722 2722 749 2750 n
777 2704 890 2754 haec
944 2705 1305 2770 Augustinus·

237 2774 397 2826 Unde
445 2783 499 2824 et
558 2774 982 2840 Chrysostomus
1039 2791 1056 2824 .·
1114 2795 1137 2822 α
1187 2775 1308 2825 Non

221 2854 450 2910 -oportet
490 2846 808 2910 exprobrare
835 2845 1088 2894 delictum
1132 2860 1308 2911 neque

223 2915 397 2966 ⁴illurn
430 2917 526 2983 qui
578 2925 789 2981 peccato
838 2915 1022 2980 aliquo
1066 2914 1139 2964 sit
1182 2931 1309 2980 prae-

233 2995 429 3036 ventus
466 2986 757 3036 insolenter
785 2985 1030 3048 obruere,
1071 2984 1164 3034 sed
1212 2984 1308 3034 cle-

235 3066 448 3106 menter
502 3071 753 3118 monere;
824 3071 999 3122 neque
1058 3054 1306 3120 persequi

223 3128 432 3194 jurgiO,
480 3129 573 3178 sed
633 3130 817 3194 juvare
877 3127 1124 3178 consilio,
1184 3127 1308 3176 Non

223 3200 385 3251 enim
426 3200 601 3262 illum,
640 3202 731 3250 sed
774 3201 1120 3265 temetipsum
1177 3214 1307 3264 pro-

233 3269 376 3320 fecto
415 3272 759 3334 condemnaS,
790 3281 842 3321 et
871 3270 1002 3321 facis
1048 3269 1148 3319 tibi
1196 3279 1308 3319 ter-

233 3341 453 3392 ribilius
478 3358 594 3393 esse
632 3342 911 3408 judicium,
942 3342 1198 3408 cogisque
1225 3341 1310 3390 ad—

234 3427 424 3462 versus
511 3422 563 3463 te
626 3412 1097 3478 diligentissimam
1163 3410 1305 3471 fieri,

233 3483 401 3535 etiam
462 3484 529 3534 de
579 3484 845 3549 minimis,
891 3483 1176 3534 ultionem.
1234 3483 1308 3534 Ut

233 3554 386 3604 enim
416 3555 732 3621 diligentius
761 3564 970 3620 peccata
989 3554 1306 3605 examinen-

234 3635 325 3675 tur
356 3635 466 3685 tua,
491 3627 663 3691 legem
698 3625 905 3691 primus
931 3625 1046 3690 ipse
1074 3623 1304 3690 posuisti

223 3695 473 3746 severius
496 3697 562 3747 de
598 3695 685 3745 his
723 3711 844 3762 quae
876 3695 1156 3761 proximus
1179 3710 1305 3761 pec-

232 3767 434 3818 caverit
470 3769 772 3834 judicanda
823 3770 961 3819 Sunt
1002 3778 1181 3818 autem
1222 3767 1306 3818 hae

225 3836 511 3889 diabolieae
549 3838 864 3889 tentationis
893 3838 1120 3888 insidiae.
1167 3837 1303 3887 Nam

220 3908 333 3973 ‘qui
361 3923 540 3960 severe
566 3909 787 3960 discutit
802 3908 993 3970 aliena,
1024 3923 1304 3974 nunquam

2394 302 2498 371 375

1436 421 1781 486 propriorum
1819 429 2064 471 reatuum
2096 420 2390 470 merebitur
2406 436 2502 471 ve-

1436 491 1601 542 niam.
1624 510 1650 539 »
1665 492 1737 542 Et
1751 492 1947 541 iterum
1965 508 1979 541 ε
1999 509 2024 537 α
2043 490 2101 539 Si
2117 492 2327 540 nullum
2342 490 2502 542 nobis

1433 561 1580 611 aliud
1627 573 1899 628 peccatum
1942 560 2134 611 fuisset
2179 560 2498 621 admissum,

1434 647 1531 697 pro
1559 632 1662 683 hoc
1691 635 1805 683 solo
1834 633 2094 698 gehennae
2124 646 2224 680 nos
2251 629 2386 679 tradi
2425 644 2502 680 sa-

1432 705 1504 754 tis
1577 706 1897 771 abundeque
1950 704 2231 755 sufficeret.
2288 701 2502 767 Quippe

1433 776 1527 841 qui
1594 776 1652 826 in
1702 775 1933 827 aliorum
1976 774 2182 837 delictis
2232 772 2401 823 severi
2447 782 2500 823 et

1431 847 1756 897 amarissimi
1798 846 1998 913 judices
2030 845 2346 905 residemuS‚
2392 859 2499 893 no-

1431 927 1567 968 stras
1611 927 1791 967 autem
1852 917 2029 967 trabes
2084 915 2252 965 oculis
2306 913 2500 965 infixas

1429 990 1665 1056 propriis
1709 1006 1818 1040 non
1868 989 2133 1049 videmus,
2165 987 2261 1054 qui
2304 987 2497 1048 aliena,

1428 1062 1591 1113 etiam
1648 1062 1895 1122 minima,
1926 1070 2038 1111 tam
2088 1059 2319 1110 sollicite
2369 1072 2498 1123 per·
2581 1120 2589 1132 x

1427 1143 1728 1183 scrutamur
1753 1170 1767 1193 ,
1814 1142 1867 1183 et
1923 1132 1988 1181 ad
2061 1128 2498 1180 condemnandos

1425 1213 1625 1253 ceteros
1667 1218 1832 1253 omne
1874 1202 1999 1252 vitae
2047 1209 2244 1251 nostrae
2284 1209 2498 1265 tempus

1423 1276 1793 1339 absumimus3
1824 1291 1853 1325 a
1883 1290 1994 1341 quo
2017 1274 2168 1334 vitio,
2194 1288 2368 1338 neque
2405 1286 2496 1322 se-

1422 1347 1527 1397 culi
1568 1348 1868 1407 hominem,
1899 1361 2072 1413 neque
2102 1345 2495 1395 monachorum

1423 1421 1598 1470 ullum
1645 1418 1798 1470 facile
1845 1418 2088 1468 invenias
2152 1417 2386 1468 liberum
2416 1432 2434 1465 t
2463 1432 2492 1462 n

1422 1489 1536 1540 haec
1566 1490 2006 1557 Chrysostomus.
2029 1489 2092 1538 In
2115 1502 2216 1553 quo
2245 1488 2381 1537 enim
2391 1486 2494 1553 ju-

1421 1561 1578 1625 dicic,
1613 1560 1668 1609 id
1703 1571 1787 1611 est
1827 1575 1924 1625 pro
1966 1558 2133 1625 quali,
2166 1557 2368 1607 scilicet
2403 1557 2494 1621 ju-

1420 1642 1504 1681 sto
1575 1634 1661 1683 vel
1728 1632 1958 1697 injuste,
2019 1627 2354 1678 misericordi
2408 1627 2494 1676 vel

1419 1705 1575 1765 duro,
1599 1703 1998 1771 judicaveritiS,
2037 1702 2189 1761 alios,
2209 1698 2492 1767 judicabi-

1419 1778 1566 1841 mini,
1617 1793 1649 1827 a
1690 1778 1833 1840 De0;
1891 1783 1944 1827 et
1991 1776 2046 1825 in
2087 1789 2192 1840 qua
2242 1786 2492 1824 mensura

1419 1849 1587 1899 mensi
1629 1849 1875 1915 fuer-itiS,
1933 1846 2054 1897 aliis
2085 1846 2267 1903 m0d0,
2316 1856 2492 1893 reme—

1420 1921 1581 1970 tietur
1623 1921 1788 1984 vobiS,
1845 1918 2048 1969 scilicet
2096 1917 2154 1966 in
2184 1915 2403 1981 judicio,
2433 1914 2490 1965 id

1418 2005 1499 2044 est
1527 1995 1673 2058 juxta
1721 1992 2032 2058 qualitatem
2077 1987 2395 2040 temeritatis
2430 1986 2490 2037 ’m

1415 2066 1719 2130 judicand0,
1773 2063 1875 2115 erit
1918 2061 2147 2128 qualitas
2197 2074 2387 2127 poenae,
2436 2068 2490 2109 et

1418 2137 1713 2186 secundum
1753 2149 2063 2184 mensuram
2092 2146 2268 2197 pravae
2302 2130 2491 2180 volun-

1417 2206 1562 2268 tatis,
1595 2205 1698 2256 erit
1733 2218 1988 2255 mensura
2022 2200 2397 2253 retributionis
2426 2200 2488 2250 in

1417 2279 1619 2330 futuro.
1645 2277 2024 2328 Comminatur
2051 2290 2177 2340 ergo
2223 2275 2350 2333 du0,
2377 2272 2488 2323 sci-

1416 2350 1542 2399 licet
1583 2348 1842 2414 judicium
1872 2356 1924 2397 et
1963 2359 2306 2406 mensuram3
2337 2341 2488 2408 judi.-

1416 2419 1562 2469 cium
1611 2417 1838 2468 refertur
1890 2416 1956 2466 ad
2015 2415 2186 2480 culpae
2226 2422 2279 2464 et
2316 2426 2488 2478 poenae

1416 2488 1746 2555 qualitatem,
1764 2501 2017 2537 mensura
2030 2486 2096 2535 ad
2117 2500 2301 2534 earum
2322 2498 2488 2549 quan-

1415 2562 1640 2611 titatem.
1664 2561 1747 2620 Et,
1778 2559 2073 2610 secundum
2097 2556 2483 2624 Augustinum,

1415 2647 1524 2680 non
1580 2639 1663 2680 est
1719 2629 2133 2695 intelligendum
2190 2628 2235 2678 si
2290 2635 2489 2676 temere

1416 2719 1516 2753 nos
1570 2703 2006 2769 judicaverimuS,
2067 2703 2215 2768 quod
2288 2710 2487 2750 temere

1415 2774 1482 2824 de
1528 2773 1686 2823 nobis
1739 2773 1883 2823 Deus
1938 2771 2231 2837 judicabit;
2287 2778 2379 2819 aut
2435 2768 2483 2819 si

1416 2860 1671 2896 mensura
1715 2845 1906 2910 iniqua
1961 2843 2136 2894 mensi
2178 2843 2443 2892 fuerimus
2467 2879 2482 2903 ,

1415 2917 1562 2982 quod
1593 2917 1736 2982 apud
1787 2916 1960 2966 Deum
1998 2915 2185 2981 iniqua
2232 2927 2485 2963 mensura

1419 2987 1578 3036 nobis
1603 2986 1930 3047 remetietur,
1982 2987 2075 3036 sed
2105 2985 2367 3052 quoniam
2414 2992 2486 3033 te·

1418 3057 1637 3107 meritas
1681 3072 1789 3122 qua
1832 3057 1997 3122 punis
2044 3056 2245 3120 alium,
2296 3054 2484 3105 eadem

1417 3127 1535 3192 ipsa
1561 3137 1615 3177 te
1642 3127 1847 3193 puniet.
1893 3127 2049 3178 Unde
2087 3144 2197 3177 non
2228 3123 2485 3189 accipitur

1417 3198 1508 3247 hic
1543 3197 1821 3264 aequalitas
1860 3197 2159 3264 iniquitatis
2190 3196 2255 3246 ad
2288 3194 2486 3261 iniqui-

1415 3278 1608 3332 tatem3
1653 3269 1747 3319 sed
1788 3269 1957 3334 culpae
1998 3270 2063 3318 ad
2114 3282 2329 3332 poenam
2353 3305 2367 3327 ,
2421 3274 2484 3317 ut

1417 3339 1514 3405 qui
1572 3354 1669 3405 per
1737 3339 1951 3404 culpam
2022 3339 2162 3388 male
2237 3337 2436 3403 judicat
2464 3375 2482 3398 ,

1414 3426 1510 3476 per
1578 3426 1793 3478 poenam
1854 3411 1982 3476 justi
2061 3409 2228 3459 divini
2296 3409 2482 3475 judicii

1416 3485 1558 3534 mala
1610 3484 1872 3534 sustineat
1906 3522 1920 3545 ,
1994 3493 2046 3533 et
2121 3483 2267 3548 juxta
2333 3497 2483 3532 men-

1416 3570 1597 3605 suram
1652 3556 1822 3620 culpae
1870 3553 1942 3603 sit
1992 3569 2246 3604 mensura
2295 3568 2479 3619 poenae.

1413 3625 1495 3675 Ad
1523 3625 1671 3675 hunc
1699 3639 1923 3674 sensum
1953 3623 2116 3674 etiam
2144 3632 2483 3689 retorquetur

1414 3693 1550 3744 illud
1580 3711 1594 3744 ε
1622 3693 1731 3754 Qui
1761 3692 1965 3759 gladie,
2018 3693 2221 3743 scilicet
2276 3691 2480 3758 iniquae

1412 3764 1713 3822 sententiae,
1729 3763 1887 3828 judex
1911 3779 2181 3829 quemque
2214 3777 2482 3828 percusse·

1412 3835 1501 3896 rit,
1549 3834 1728 3901 gladio
1768 3834 1967 3886 divinae
2006 3834 2284 3886 sententiae
2339 3835 2478 3900 juste

1411 3905 1649 3965 ferietur,
1678 3914 1732 3955 et
1758 3914 1955 3956 aeterna
1982 3915 2156 3956 morte
2194 3905 2471 3958 morietur.
