2784 4452
564 390 763 451 QUOD
797 390 985 442 PUER
1013 388 1215 442 JESUS
1244 369 1604 441 INVENTUS
1634 390 1771 441 EST
1796 390 1868 442 ΙΝ
1902 389 2217 444 TEMPLO.
2415 411 2518 463 :49

266 509 419 568 dam,
467 507 596 559 huic
636 508 816 559 simile
843 516 926 559 est
966 507 1112 574 quod
1151 506 1341 558 scribit

267 582 504 631 Joannes
526 595 652 630 eum
674 580 892 646 plenum
911 579 1115 646 gratiae
1135 585 1189 629 et
1204 579 1340 630 veri·

264 655 422 716 tatis,
452 654 694 704 eamdem
724 652 840 719 ipse
859 652 1156 704 divinitatis
1175 653 1340 703 excel·

268 724 495 774 lentiam
527 722 749 773 nomine
770 722 1028 782 veritatiS,
1046 737 1209 788 quam
1221 722 1337 771 Lu-

265 809 358 844 cas
377 792 655 859 sapientiae
678 793 899 843 nomine
919 792 1335 842 commendavit.

271 864 473 915 Habuit
514 862 717 930 quippe
748 863 999 914 Christus
1041 863 1337 929 plenitudi-

269 951 392 986 nem
447 934 701 986 omnium
743 934 1037 994 virtutum,
1070 935 1335 984 donorum

264 1009 505 1075 Spiritus
534 1007 734 1068 Sancti,
764 1007 999 1074 exceptis
1022 1006 1127 1058 fide
1147 1018 1199 1058 et
1218 1023 1334 1073 spe,

267 1093 365 1145 pro
394 1078 595 1144 quibus
623 1077 817 1127 habuit
829 1087 1029 1127 certam
1058 1076 1336 1127 scientiam

267 1159 321 1200 et
370 1148 582 1199 firmam
626 1147 1020 1214 possessionem
1055 1163 1070 1197 ε
1104 1146 1234 1213 quia
1268 1147 1336 1197 ab

266 1220 489 1271 instanti
502 1236 613 1271 suae
624 1219 991 1285 conceptionis
1007 1219 1194 1269 beatus
1211 1218 1333 1270 fuit.

267 1292 494 1353 Quoties
547 1307 675 1358 ergo
716 1291 967 1342 Christus
1013 1306 1251 1341 crescere
1282 1299 1335 1340 et

266 1362 573 1422 confortari,
598 1361 683 1412 vel
714 1361 819 1411 tale
850 1360 1240 1427 aliquid-agere
1259 1360 1336 1410 di·

265 1434 423 1493 citur,
454 1432 639 1483 omnia
679 1432 747 1482 ad
780 1447 976 1498 corpus
1012 1430 1333 1482 referuntur.

267 1504 405 1554 Nam
439 1504 740 1554 secundum
763 1502 1003 1553 animam
1023 1502 1091 1552 ab
1111 1502 1334 1553 instanti

264 1575 635 1641 conceptionis
660 1574 891 1625 totaliter
921 1573 1184 1640 perfectus
1213 1573 1333 1635 fuit,

266 1648 362 1698 sed
391 1645 530 1696 hanc
558 1645 939 1711 perfectionem
961 1660 1071 1694 non
1097 1645 1337 1695 ostende-

268 1718 375 1778 bat,
389 1717 493 1768 nisi
517 1727 678 1783 prout
695 1715 1067 1766 convenientia
1076 1716 1334 1783 temporis

264 1789 526 1854 exigebat.
583 1788 738 1839 Unde
773 1787 1092 1838 Ber-nardus
1123 1804 1143 1838 .-
1185 1805 1214 1833 α
1237 1786 1335 1837 Vir

263 1870 376 1911 erat
403 1860 558 1910 Jesus
611 1859 856 1908 nondum
888 1867 1064 1922 natuS,
1108 1857 1201 1907 sed
1243 1872 1334 1907 sa·

266 1929 485 1997 pientia,
520 1944 630 1979 non
667 1938 844 1991 aetate3
886 1927 1082 1978 animae
1130 1927 1331 1993 vigore,

266 2017 377 2051 non
398 2000 642 2068 corporis
666 2000 997 2062 maturitate3
1029 1999 1341 2066 integritate*

263 2088 543 2134 sensuum,
575 2088 686 2122 non
711 2070 1045 2137 corpulentia
1071 2072 1336 2122 membro·

264 2158 404 2194 rum.
455 2143 643 2208 Neque
700 2142 849 2192 enim
897 2141 1079 2192 minus
1142 2141 1334 2192 habuit

262 2215 498 2266 scientiae
526 2215 677 2266 Jesus
702 2223 1008 2281 conceptus,
1038 2230 1202 2280 quam
1234 2229 1334 2265 na-

266 2297 371 2347 tus,
401 2303 615 2353 parvus,
642 2301 808 2353 quam
832 2301 1081 2352 magnus.
1116 2285 1239 2336 Sive
1258 2301 1335 2335 er·

269 2377 338 2429 go
363 2362 534 2412 latens
562 2361 619 2411 in
645 2370 820 2422 utero,
874 2360 988 2412 sive
1014 2359 1237 2426 vagiens
1273 2359 1332 2409 in

265 2432 558 2498 praesepi0‚
603 2431 714 2481 sive
755 2431 858 2497 jam
921 2430 1333 2496 grandiusculus

264 2503 594 2568 interrogans
607 2502 765 2568 Legis
777 2503 1023 2552 doctores
1037 2502 1095 2552 in
1110 2502 1330 2566 templo,

264 2575 377 2628 sive
405 2575 515 2640 jam
572 2572 816 2638 perfectae
843 2572 1012 2623 aetatis
1040 2572 1239 2622 docens
1274 2572 1330 2622 in

263 2646 482 2711 populo,
515 2659 667 2710 aeque
712 2643 941 2709 perfecte
995 2641 1101 2693 fuit
1139 2643 1334 2708 plenus

264 2717 473 2784 Spiritu
504 2717 719 2767 Sancto.
740 2736 767 2764 ›>
791 2717 868 2767 De
884 2716 971 2768 his
991 2726 1044 2767 et
1067 2715 1332 2781 ejusmodi

264 2789 431 2841 habes
457 2789 621 2840 etiam
651 2788 789 2839 infra
815 2787 874 2838 in
904 2786 1013 2838 fine
1041 2787 1203 2852 hujus
1238 2803 1334 2839 ca·-

263 2862 443 2935 pituli.

327 2951 358 2986 2
407 2937 786 2986 FasrrvrrAn-:s
842 2949 1075 2984 Leonas
1114 2934 1141 2983 J
1147 2949 1334 2984 una-:o-

264 3021 390 3057 anu.
423 3034 484 3045 -·
511 3006 591 3056 Et
612 3006 760 3057 ibant
772 3011 1028 3071 parentes
1047 3004 1180 3071 ejuS,
1212 3014 1334 3055 tan-

265 3092 430 3143 quam
453 3077 629 3128 devoti
647 3087 700 3127 et
712 3074 949 3141 religiosi
972 3075 1130 3141 Legis
1145 3074 1333 3124 obser-

259 3159 485 3214 vatores,
507 3163 612 3215 per
635 3163 817 3200 omnes
835 3162 1023 3209 αηηοε,
1056 3156 1115 3197 ut
1136 3157 1330 3208 essent,

259 3222 315 3272 in
369 3221 674 3272 Jerusalem
725 3220 780 3269 in
821 3219 909 3270 die
950 3219 1177 3279 solemni
1212 3220 1330 3269 Pa-

262 3293 424 3355 schoe,
461 3290 662 3342 scilicet
698 3292 979 3341 Parasceve
1001 3327 1014 3353 ,
1043 3299 1104 3340 ut
1134 3291 1329 3357 Legem

260 3360 527 3424 audirent,
584 3359 862 3410 sacrificiis
916 3358 1328 3424 participarent,

257 3431 587 3483 solemnitati
603 3431 940 3493 interessent3
957 3439 1009 3480 et
1024 3431 1138 3496 ejus
1156 3432 1218 3480 ad
1227 3430 1333 3480 huc

261 3506 469 3557 umbrae
498 3503 819 3563 serviebant,
846 3504 998 3568 cujus
1019 3504 1124 3569 jam
1140 3504 1332 3554 verita·

261 3586 372 3627 tem
400 3576 674 3627 tenebant.
704 3574 809 3625 Ubi
840 3578 968 3625 nota
1009 3576 1157 3640 quod
1182 3575 1331 3641 lega-

263 3649 344 3701 les
371 3647 689 3699 festivitates
731 3646 1042 3698 Judaeorum
1085 3648 1329 3713 quaedam

265 3733 416 3774 erant
446 3737 764 3773 communes
783 3731 837 3771 et
864 3721 1147 3781 continuae,
1174 3736 1331 3787 quae-

263 3794 388 3843 dam
443 3791 844 3843 anniversariae.
899 3791 1229 3842 Communes
1281 3801 1335 3843 et

264 3864 536 3915 continuae
564 3873 714 3914 erant
739 3863 877 3927 duae,
909 3862 1111 3913 scilicet
1140 3880 1155 3912 z
1185 3862 1332 3913 Sab-

266 3937 462 3999 batum,
479 3952 592 4004 quo
610 3936 869 3986 vacabant
890 3936 957 3986 ab
983 3936 1133 3986 omni
1154 3950 1332 4001 opere,

264 4008 411 4079 quod
430 4007 525 4059 illo
544 4007 630 4059 die
647 4008 790 4058 Deus
812 4005 1077 4073 requievit
1097 4007 1164 4056 ab
1185 4005 1333 4057 omni

1444 522 1607 574 opere
1630 507 1943 572 creationis;
1970 508 2073 560 alia
2088 520 2170 560 est
2193 511 2514 577 Neomenia,

1445 577 1505 628 in
1538 577 1810 644 principio
1835 579 2039 629 scilicet
2065 595 2217 631 novae
2248 582 2420 643 lunae,
2450 585 2517 634 ad

1445 649 1659 699 laudem
1682 649 1967 712 Creatoris,
1986 650 2080 717 qui
2110 652 2308 703 creavit
2333 655 2517 706 omnia

1444 728 1704 785 tempora.
1731 721 2122 772 Anniversariae
2147 738 2275 773 vero
2307 722 2520 775 festivi-

1445 799 1580 842 tates
1598 800 1750 841 erant
1768 791 2034 858 quinque,
2052 792 2254 843 scilicet
2279 809 2291 843 :
2316 792 2516 846 festum

1444 864 1692 926 Paschae,
1728 865 1874 930 quod
1908 866 2273 916 celebrabatur
2299 866 2509 919 decima

1443 945 1634 1000 quarta
1666 936 1793 986 luna
1821 935 2025 988 mensis
2044 936 2236 1002 primi;
2267 947 2380 987 erat
2401 938 2516 991 haec

1443 1006 1703 1057 festivitas
1733 1007 1787 1057 in
1817 1008 2137 1059 memoriam
2174 1008 2516 1061 liberationis

1443 1080 1508 1129 de
1535 1080 1787 1145 AEgyptO.
1819 1081 2061 1132 Secunda
2097 1092 2210 1132 erat
2252 1081 2516 1135 festivitas

1442 1153 1802 1215 Pentecoste5‚
1830 1169 1950 1219 quae
1973 1154 2341 1204 celebrabatur
2358 1154 2516 1221 quin-

1442 1224 1754 1289 quagesima
1783 1225 1870 1275 die
1907 1240 1938 1275 a
1978 1224 2213 1286 Pascha,
2265 1241 2328 1275 eo
2368 1228 2516 1292 quod

1442 1304 1571 1345 tunc
1598 1297 1719 1346 data
1747 1295 1852 1346 fuit
1881 1296 1992 1346 Lex
2020 1296 2217 1347 Judaeis
2246 1296 2305 1346 in
2333 1307 2517 1349 monte

1443 1368 1595 1419 Sinai
1647 1384 1678 1420 a
1726 1370 1857 1420 Deo·
1902 1369 2086 1420 Tertia
2113 1369 2375 1420 festivitas
2404 1381 2515 1423 erat

1450 1441 1728 1492 Tubarum
1756 1452 1808 1493 et
1839 1442 2195 1510 Clangorum,
2242 1458 2364 1509 quae
2404 1455 2516 1496 erat

1442 1512 1616 1579 prima
1642 1513 1732 1564 die
1761 1514 1964 1564 mensis
2005 1514 2342 1580 septembris,
2383 1525 2514 1566 tunc

1441 1584 1585 1635 enim
1642 1585 2000 1636 buccinabant
2048 1585 2306 1636 cornibus
2350 1601 2516 1653 peco-

1442 1670 1582 1712 rum,
1618 1654 1672 1705 in
1694 1656 2015 1706 memoriam
2042 1656 2188 1722 quod
2212 1657 2398 1707 eadem
2424 1657 2515 1708 die

1441 1724 1544 1775 fuit
1573 1725 1714 1775 Isaac
1754 1725 2014 1776 liberatus
2042 1726 2109 1776 ab
2139 1725 2512 1778 immolatione

1441 1794 1608 1861 patris
1625 1833 1639 1855 ,
1699 1810 1886 1861 pecore
1928 1795 2222 1847 substituto
2281 1813 2379 1863 pro
2426 1813 2512 1851 ee.

1442 1866 1641 1926 Quarta
1663 1866 1925 1918 festivitas
1944 1878 2054 1918 erat
2069 1868 2509 1933 PropitiationiS,

1439 1949 1492 1988 et
1523 1940 2125 1996 celebrabamadecima
2166 1941 2254 1991 die
2300 1942 2510 1993 mensis

1438 2012 1795 2078 septembris;
1845 2013 1975 2079 quia
2017 2014 2202 2064 eadem
2231 2015 2320 2064 die
2364 2015 2513 2066 venit

1439 2084 1504 2133 ad
1548 2098 1639 2133 eos
1692 2083 1906 2148 Moyses
1945 2083 2182 2134 referens
2231 2084 2329 2134 Dei
2373 2085 2513 2136 iram

1441 2153 1701 2218 placatam
1730 2153 1797 2203 de
1817 2152 2021 2203 offensa
2048 2153 2385 2204 conflationis
2421 2154 2512 2205 vi·-

1441 2223 1540 2274 tuli
1569 2239 1734 2289 quem
1788 2223 2098 2274 adorabant.
2148 2223 2352 2283 Quinta
2400 2235 2512 2276 erat

1440 2294 1807 2360 Scenopegia,
1839 2293 2044 2344 scilicet
2090 2292 2289 2343 festum
2327 2295 2511 2345 taber-

1441 2365 1778 2427 naculorum,
1808 2365 1954 2430 quod
1983 2374 2097 2415 erat
2125 2365 2333 2415 decima
2354 2380 2511 2431 quar-

1439 2446 1493 2486 ta
1516 2436 1603 2487 die
1631 2436 1971 2502 septembriS,
2013 2445 2065 2486 et
2097 2446 2226 2486 tunc
2254 2436 2363 2487 illis
2388 2436 2510 2487 die-

1441 2508 1543 2558 bus
1579 2508 1893 2558 habitabant
1933 2507 1990 2558 in
2028 2508 2403 2568 tabernaculiS,
2455 2509 2510 2558 in

1441 2578 1763 2630 memoriam
1788 2581 1934 2646 quod
1966 2590 2142 2645 patres
2169 2595 2358 2630 eorum
2380 2596 2510 2646 qua-

1440 2652 1680 2718 draginta
1721 2651 1884 2702 annis
1926 2651 1984 2701 in
2033 2653 2245 2703 deserto
2288 2652 2509 2703 fuerunt

1440 2723 1542 2773 sub
1606 2722 1938 2773 umbraculis
1997 2722 2314 2773 habitantes,
2361 2723 2509 2774 Inter

1441 2794 1539 2845 has
1566 2794 1811 2860 quinque
1851 2792 2164 2844 festivitates
2205 2795 2333 2845 solae
2375 2803 2508 2856 treS,

1439 2866 1644 2916 scilicet
1662 2865 1895 2926 Paschae,
1919 2866 2278 2927 Pentecostes,
2307 2877 2360 2917 et
2381 2868 2523 2916 Sce-

1439 2938 1680 3004 nopegiae
1710 2948 1861 2987 erant
1889 2938 2260 2999 solemniores,
2302 2949 2355 2988 et
2379 2954 2511 3004 pro-

1439 3008 1796 3058 tendebantur
1836 3017 2041 3074 septem
2087 3009 2296 3060 diebus.
2331 3010 2392 3059 ln
2425 3008 2512 3058 his

1438 3078 1613 3129 tribus
1629 3093 1791 3128 omne
1809 3078 2192 3139 masculinum,
2209 3081 2508 3130 secundum

1439 3159 1762 3216 praeceptum
1791 3149 1972 3215 Legis,
2005 3151 2324 3200 ascendebat
2345 3151 2401 3200 in
2422 3150 2513 3200 Je-

1438 3222 1752 3282 rusalem‚ut
1765 3232 2041 3288 appareret
2051 3239 2228 3273 coram
2245 3221 2477 3273 Domino
2496 3238 2511 3271 ι

1438 3294 1533 3360 qui
1562 3302 1741 3344 tamen
1768 3303 1915 3344 erant
1953 3293 2166 3354 remoti,
2195 3309 2257 3344 ex
2288 3293 2514 3343 rationa-

1395 3383 1400 3387 “
1439 3364 1535 3415 bili
1570 3379 1728 3415 causa
1761 3365 1827 3414 de
1854 3365 2170 3415 Pentecoste
2203 3374 2255 3413 et
2303 3364 2511 3414 Sceno—

1441 3435 1594 3501 pegia
1637 3451 1696 3486 se
1736 3444 1980 3500 poterant
2022 3449 2293 3498 excusare,
2324 3434 2418 3483 sed
2447 3433 2514 3483 de

1444 3506 1644 3557 Pascha
1663 3520 1772 3555 non
1795 3505 1899 3556 nisi
1932 3504 2245 3556 infirmitate
2265 3514 2511 3570 cogente.

1439 3578 1545 3628 Ista
1578 3588 1758 3628 autem
1779 3579 1921 3642 Lege
1950 3575 2203 3626 mulieres
2229 3591 2338 3624 non
2363 3584 2516 3624 erant

1439 3649 1721 3709 adstrictae,
1778 3650 1869 3699 sed
1913 3659 2092 3697 tamen
2140 3646 2387 3712 plurimae
2415 3661 2514 3696 ve·-

1443 3721 1663 3771 niebant
1693 3736 1758 3771 ex
1786 3718 2091 3769 devotione.
2117 3719 2269 3769 Unde
2289 3727 2341 3768 et
2363 3717 2517 3768 beata

1438 3791 1607 3857 Virgo
1644 3789 1964 3840 ascendebat
2019 3788 2255 3855 singulis
2309 3788 2469 3839 annis
2495 3824 2516 3851 ‚

1439 3862 1628 3912 nolens
1656 3863 1894 3911 Puerum
1923 3860 2195 3911 dimittere
2220 3860 2341 3911 sine
2364 3876 2513 3924 cura,

1442 3932 1678 3983 maxime
1730 3931 1973 3998 quandiu
2014 3932 2254 3998 regnavit
2304 3932 2516 3983 Arche-

1439 4006 1574 4056 laus·
1606 4002 1867 4063 Quamvis
1904 4019 2031 4069 ergo
2068 4013 2320 4070 parentes
2349 4005 2517 4067 time-
