2784 4452
698 357 1053 408 SERMONIS
1082 356 1152 406 IN
1184 356 1442 408 MONTE
1473 355 1988 407 CONTINUATIO.

215 475 428 526 consilii
456 475 637 539 dandi,
662 474 747 525 vel
782 474 827 524 si
863 473 951 522 dat
984 473 1285 537 eleemosy-

214 561 341 595 nam
396 544 555 595 alicui
628 543 882 603 mulieri,
956 552 1009 592 et
1069 558 1133 592 ex
1182 542 1283 591 hoc

213 616 470 682 percipiat
542 614 873 665 occasionem
948 611 1120 662 ruinae
1180 612 1282 662 sibi

213 688 566 749 imminentis,
603 704 697 754 per
732 696 913 737 ortum
940 686 1165 750 alicujus
1200 685 1284 736 fa-

213 760 537 820 miliaritatis
595 761 764 819 malae,
813 757 896 808 vel
967 757 1283 807 tentationis

211 831 543 898 periculosae,
592 832 748 881 debet
790 828 923 879 illud
970 828 1177 878 bonum
1217 828 1283 878 de

210 919 405 969 genere
441 903 732 963 dimittere,
759 918 826 953 ne
854 911 964 951 tota
1006 900 1283 967 congeries

209 976 496 1025 bonorum‘
520 991 744 1040 operum
787 974 1053 1039 subjaceat
1092 972 1279 1023 ruinae.

212 1047 281 1097 Et
308 1046 430 1096 ideo
450 1046 578 1095 dicit
604 1045 817 1095 Alanus
847 1061 865 1095 .·

208 1185 276 1239 Si
306 1189 480 1239 vitare
515 1187 648 1238 velis
691 1181 956 1248 Venerem,
984 1186 1121 1249 loca,
1159 1192 1281 1236 tem-

921 1253 1101 1321 [pora,
1136 1256 1248 1306 vita
1260 1273 1280 1319 ;

209 1332 290 1382 Et
312 1331 461 1383 locus
481 1337 532 1382 et
556 1337 775 1396 tempuS,
795 1329 1001 1394 pabula
1025 1329 1189 1379 donat
1210 1330 1279 1379 ei.

202 1471 278 1521 Et
306 1472 449 1523 idem
473 1473 771 1523 remedium
801 1479 881 1521 est
910 1469 967 1519 in
1002 1468 1277 1540 omnibuS.

203 1543 363 1594 Unde
404 1545 610 1594 Seneca
631 1562 647 1593 .·
675 1563 701 1589 «
729 1543 835 1603 Qui
874 1543 1141 1606 deponere
1165 1542 1279 1591 vult

200 1614 467 1665 desideria
506 1630 687 1665 rerum
737 1614 1004 1672 omnium,
1046 1628 1277 1678 quarum

202 1686 491 1751 cupiditate
511 1686 769 1752 flagravit,
796 1696 848 1736 et
876 1685 1079 1743 oculos,
1097 1694 1149 1734 et
1178 1700 1279 1734 au·-

199 1771 305 1817 reS,
355 1756 422 1805 ab
461 1756 549 1805 his
582 1772 701 1822 quae
729 1756 965 1822 reliquit,
1003 1764 1222 1805 avertat.
1249 1775 1276 1802 ³>

199 1825 276 1876 Et
331 1826 432 1875 hoc
491 1830 633 1891 patet
688 1841 753 1875 ex
821 1840 884 1875 eo
947 1825 1092 1892 quod
1148 1825 1278 1875 dicit

200 1898 348 1949 idem
388 1915 401 1949 :
446 1916 473 1945 «
518 1898 744 1950 Avarior
794 1900 984 1958 rede0,
1031 1898 1278 1948 ambitio-

202 1969 334 2031 sior,
366 1969 713 2029 luxuriosior,
760 1969 871 2019 imo
908 1985 1032 2019 vero
1078 1971 1274 2019 crude-—

199 2042 325 2103 lior,
357 2043 485 2108 quia
513 2042 653 2092 inter
683 2042 935 2091 homines
957 2041 1036 2091 fui
1060 2058 1073 2091 ε
1106 2061 1132 2089 n
1158 2041 1273 2092 haec

200 2116 424 2167 Seneca.
455 2116 554 2166 Vel
598 2115 780 2180 accipe
818 2115 909 2165 hic
956 2116 1175 2165 oculum
1222 2127 1273 2165 et

200 2205 424 2242 manum
466 2190 799 2251 interiorem,
840 2189 1038 2241 scilicet
1078 2189 1270 2251 cordiS‚

199 2265 348 2329 quod
390 2265 698 2314 membrum
739 2264 987 2314 dextrum
1027 2263 1116 2312 hic
1150 2262 1274 2312 dici-

198 2344 289 2384 tur
333 2335 731 2400 comparatione
777 2334 985 2384 sinistri
1029 2343 1081 2384 et
1126 2344 1273 2384 exte-

195 2406 389 2467 rioris,
431 2407 632 2458 scilicet
684 2407 925 2473 corporis
964 2405 1271 2473 fragilioris·

196 2477 258 2527 Si
312 2493 437 2544 ergo
487 2479 704 2528 dextera
751 2478 1071 2528 scandalizat
1132 2478 1272 2528 sini—-

195 2561 383 2613 stram,
420 2553 551 2619 quid
595 2552 782 2603 faciet?
815 2553 970 2603 Unde
999 2552 1274 2619 Hierony-

193 2638 315 2674 mus
343 2641 361 2674 .·
392 2643 420 2671 «
448 2625 759 2675 Cavendum
807 2633 888 2674 est
935 2639 1001 2673 ne
1036 2624 1182 2690 quod
1214 2623 1271 2675 in

195 2696 358 2747 nobis
395 2708 476 2748 est
508 2698 796 2763 optimum,
824 2697 1036 2747 labatur
1078 2696 1135 2746 in
1183 2695 1270 2746 vi-

191 2768 352 2821 tium.
425 2771 481 2821 Si
533 2771 678 2821 enim
747 2771 931 2820 dexter
981 2770 1169 2819 oculus
1221 2778 1273 2818 et

188 2841 407 2891 dextera
438 2857 632 2892 manus
665 2840 1040 2900 scandalizant,
1070 2850 1270 2905 quanto

191 2912 370 2977 magis
420 2928 496 2972 ea,
554 2928 674 2978 quae
723 2912 780 2961 in
839 2910 996 2960 nobis
1050 2910 1272 2960 sinistra

192 2984 356 3033 sunt?
387 2984 442 3034 Si
467 2985 648 3034 anima
672 2984 889 3044 labitur,
914 2991 1119 3048 quanto
1149 2998 1271 3032 ma-

190 3053 277 3119 gis
331 3070 526 3119 corpus
549 3093 562 3115 ,
611 3055 758 3120 quod
802 3064 884 3104 est
940 3053 1006 3102 ad
1059 3063 1272 3118 peccata

190 3123 515 3188 proclivius?
557 3145 583 3173 »
629 3125 780 3175 Unde
834 3133 888 3174 et
931 3123 1270 3191 Chrysosto-

191 3209 311 3245 mus
337 3213 354 3245 .·
382 3213 410 3241 «
444 3196 681 3246 Oculum
724 3195 831 3255 hic,
880 3193 967 3244 vel
1025 3209 1268 3254 manum,

190 3281 305 3314 non
336 3267 573 3331 corporis
602 3265 830 3316 humani
862 3264 1147 3332 significat,
1178 3266 1302 3329 sed,>

189 3336 429 3397 oculum,
476 3338 579 3387 vel-
611 3352 833 3387 manum
881 3335 1076 3395 cordiS,
1109 3335 1164 3385 id
1190 3346 1270 3386 est

189 3424 413 3460 sensum
473 3411 626 3460 malae
669 3409 1122 3475 concupiscentiae
1147 3447 1161 3469 ,
1218 3420 1271 3460 et

190 3480 421 3531 carnalis
494 3480 751 3530 desiderii
842 3480 1229 3546 cogitationem
1253 3520 1267 3540 ,

187 3566 354 3617 quam
386 3566 480 3616 per
512 3550 674 3600 fidem
706 3551 978 3601 coelestem
1030 3550 1164 3612 erui,
1218 3563 1268 3602 et

186 3621 432 3671 abscindi
476 3637 506 3671 a
550 3621 801 3671 cordibus
829 3621 1094 3687 praecipit,
1123 3623 1266 3672 unde

186 3691 376 3760 omni-a
425 3693 566 3742 mala
609 3691 925 3757 procedunt.
970 3692 1127 3743 Unde
1177 3692 1265 3741 hic

185 3762 361 3827 magis
390 3763 634 3813 membra
660 3763 919 3814 vitiorum
946 3763 1099 3813 malae
1121 3779 1265 3813 men·

183 3832 259 3883 tis
300 3842 353 3883 et
393 3850 566 3900 pravae
634 3832 975 3899 cogitationis
1023 3833 1263 3883 excidere

184 3918 288 3954 nos
316 3903 582 3954 Dominus
629 3903 893 3969 praecipit,
926 3912 1142 3969 propter
1170 3919 1261 3953 re-

184 3990 358 4041 gnum
408 3977 704 4044 coelorum,⁴
736 3992 805 4029 ne
858 3975 1258 4026 dominantibus

2361 355 2464 424 329

1388 472 1556 536 vitiis,
1603 482 1654 522 et
1701 487 1897 537 corpus
1949 480 2000 521 et
2049 471 2247 534 anima,
2293 470 2345 520 id
2386 481 2466 522 est

1390 554 1538 596 totus
1591 545 1779 606 hom0,
1839 560 1963 595 reus
2013 544 2273 594 efficiatur
2321 544 2466 610 ignis

1388 615 1591 666 aeterni.
1620 635 1647 662 n

1460 706 1519 740 12
1576 690 1902 751 Drvonrmu,
1953 705 2082 739 omn
2122 704 2462 748 romanum,

1388 775 1694 811 DAMNATUR.
1719 787 1779 797 —-
1806 760 2013 810 Deinde
2051 770 2337 826 postquam
2375 760 2467 810 do·

1388 829 1498 880 cuit
1526 830 1757 880 alienam
1799 845 2021 879 uxorem
2055 846 2163 879 non
2193 845 2307 879 esse
2332 845 2464 879 con-

1388 901 1768 966 cupiscendam
1794 938 1809 962 ,
1868 910 2259 966 consequenter
2311 901 2464 950 docet

1388 990 1543 1025 suam
1575 991 1685 1024 non
1716 990 1832 1024 esse
1862 974 2268 1036 dimittendam3
2295 983 2348 1023 et
2371 974 2463 1023 dat

1387 1046 1718 1096 intellectum
1766 1046 2044 1111 cujusdam
2097 1044 2342 1110 permissi
2402 1044 2460 1094 in

1387 1118 1545 1184 Lege,
1581 1115 1784 1166 scilicet
1807 1117 1875 1166 de
1894 1115 2080 1166 uxoris
2116 1114 2458 1174 dimissione,

1385 1198 1440 1238 et
1496 1188 1665 1238 libelli
1711 1186 1923 1253 repudii
1978 1185 2214 1236 datione.
2262 1186 2464 1236 Crede-

1385 1262 1515 1312 bant
1547 1261 1695 1311 enim
1738 1259 1929 1321 Judaei,
1977 1260 2122 1326 quod
2174 1259 2279 1309 hoc
2323 1269 2461 1309 esset

1384 1332 1703 1398 simpliciter
1730 1331 1939 1381 licitum
1962 1347 1977 1394 ;
2013 1332 2105 1381 sed
2139 1341 2220 1380 est
2243 1329 2462 1390 falsum,

1384 1403 1533 1468 quia.
1559 1402 1680 1452 ideo
1730 1402 1832 1452 hoc
1882 1401 2305 1468 permittebatur,
2349 1416 2460 1451 non

1384 1472 1513 1538 quia
1541 1472 1770 1532 licitum,
1801 1474 1893 1522 sed
1922 1473 1987 1522 ad
2014 1471 2323 1521 evitandum
2344 1486 2463 1521 ma-

1384 1545 1468 1609 jus
1488 1544 1710 1604 malum,
1736 1544 1939 1594 scilicet
1963 1542 2341 1593 uxoricidium.
2365 1543 2462 1593 Mi·

1384 1632 1488 1665 nus
1517 1615 1664 1665 enim
1690 1614 1896 1665 malum
1928 1625 2040 1665 erat
2057 1630 2255 1665 uxores
2280 1614 2460 1664 dimit-

1382 1697 1493 1738 tere
1511 1726 1525 1748 ,
1569 1702 1733 1753 quam
1767 1702 1855 1736 eas
1902 1685 2193 1736 interficere
2219 1703 2233 1735 :
2260 1695 2312 1735 et
2340 1685 2464 1734 ideo

1383 1774 1493 1808 non
1546 1768 1657 1808 erat
1681 1758 1910 1817 licitum,
1945 1757 2050 1807 nisi
2088 1766 2303 1824 propter
2347 1756 2460 1806 for-

1382 1828 1731 1893 nicationem,
1788 1844 2012 1879 uxorem
2053 1828 2340 1877 dimittere.
2390 1827 2456 1877 In

1379 1900 1528 1963 Lege
1553 1914 1679 1964 ergo
1731 1898 1965 1966 Moyses
1997 1899 2171 1965 jussit
2218 1898 2345 1947 dari
2385 1898 2459 1947 li-

1379 1970 1571 2020 bellum
1637 1970 1849 2036 repudii
1913 1975 2141 2035 propter
2206 1968 2464 2018 duritiam

1381 2042 1563 2093 cordis
1631 2042 1950 2092 maritorum
1977 2080 1990 2102 ,
2063 2041 2188 2090 odio
2263 2056 2460 2091 uxores
2496 2049 2503 2055 ’

1378 2128 1503 2162 suas
1581 2111 1929 2171 habentium,
1993 2128 2104 2161 non
2167 2110 2457 2161 dissidium

1378 2182 1698 2243 concedens,
1747 2182 1841 2231 sed
1886 2180 2243 2232 homicidium
2297 2179 2456 2232 aufe-

1378 2271 1530 2318 rens;
1559 2265 1611 2305 et
1644 2255 1828 2305 minus
1859 2255 2067 2304 malum
2115 2254 2450 2320 permittenS,

1377 2338 1439 2378 ut
1489 2329 1662 2393 maius
1728 2327 2041 2386 abscideret,
2118 2341 2192 2376 ne
2261 2325 2462 2386 mariti,

1377 2410 1595 2466 propter
1636 2398 1843 2458 odium,
1883 2397 2202 2463 sanguinem
2251 2395 2452 2446 funde-

1377 2481 1513 2520 rent.
1548 2469 1799 2520 Christus
1847 2479 2025 2519 autem
2056 2469 2205 2534 jubet
2233 2482 2457 2518 uxorem

1377 2558 1488 2592 non
1518 2541 1722 2592 dimitti
1759 2541 1970 2600 debere,
2015 2547 2244 2605 excepta
2271 2539 2451 2604 forni-

1377 2614 1606 2664 cationis
1628 2627 1816 2674 causa,
1845 2612 1973 2678 quia
2006 2621 2135 2661 tunc
2171 2611 2291 2676 ipsa
2318 2626 2456 2660 uxor

1375 2700 1491 2734 esse
1521 2684 1698 2750 primo
1727 2683 1923 2743 noluit,
1953 2697 2075 2748 quae
2117 2681 2279 2731 fidem
2322 2697 2456 2731 con—

1374 2754 1604 2820 jugalem
1652 2754 1850 2804 marito
1888 2769 1998 2803 non
2024 2752 2270 2803 servavit.
2299 2753 2456 2802 Tunc

1374 2825 1521 2874 enim
1563 2824 1772 2874 licitum
1844 2833 1924 2873 est
1977 2838 2096 2872 eam
2155 2821 2457 2885 dimittere,

1374 2904 1640 2961 quantum
1669 2895 1733 2944 ad
1777 2892 2255 2953 cohabitationem,
2280 2902 2332 2942 et
2355 2893 2457 2941 de-

1374 2966 1475 3016 biti
1507 2966 1895 3027 redditionem;
1921 2974 2103 3015 manet
2123 2974 2302 3014 tamen
2328 2964 2454 3014 vin-

1375 3037 1558 3087 culum
1579 3035 1933 3096 matrimonii,
1957 3051 2050 3100 per
2074 3044 2240 3085 totam
2262 3049 2452 3084 eorum

1374 3106 1570 3168 vitam3
1612 3116 1664 3156 et
1694 3106 1814 3155 ideo
1857 3105 1903 3155 si
1933 3105 2158 3156 dimissa
2187 3104 2344 3155 nubit
2365 3105 2452 3154 al-

1374 3177 1492 3239 teri,
1542 3176 1834 3226 committit
1883 3176 2228 3236 adulterium,
2270 3185 2323 3225 et
2369 3174 2452 3224 si-

1374 3248 1576 3299 militer
1621 3248 1715 3315 qui
1797 3249 1944 3299 ducit
1997 3265 2136 3300 eam.
2186 3246 2451 3312 Quisquis

1374 3332 1553 3371 tamen
1590 3336 1746 3371 causa
1788 3320 2160 3371 fornicationis
2180 3320 2296 3369 vult
2324 3334 2452 3368 uxo-

1374 3407 1487 3441 rem
1508 3391 1753 3457 abjicere,
1784 3392 1936 3458 prius
1973 3392 2132 3441 debet
2158 3405 2189 3440 a
2214 3389 2450 3439 fornica-

1371 3462 1521 3512 tione
1569 3473 1828 3528 purgatus
1876 3477 2010 3512 esse.
2065 3461 2226 3521 Quia,
2258 3476 2453 3511 secun-

1372 3535 1504 3584 dum
1546 3535 1965 3601 Hieronymum,
2002 3532 2268 3599 quidquid
2313 3533 2448 3583 viris

1369 3605 1601 3670 jubetur,
1637 3605 1741 3655 hoc
1773 3613 2160 3669 consequenter
2189 3602 2450 3652 redundat

1368 3675 1427 3725 in
1475 3675 1706 3736 feminas
1757 3691 1770 3725 :
1810 3689 1982 3740 neque
2020 3672 2165 3723 enim
2209 3672 2449 3722 adultera

1369 3766 1504 3800 uxor
1534 3749 1857 3800 dimittenda
1883 3756 1981 3808 est,
2017 3758 2069 3799 et
2099 3747 2184 3797 vir
2207 3745 2448 3796 maechus

1368 3824 1655 3874 tenenduS.

1437 3903 1496 3955 13
1531 3904 1809 3954 DocrnmA
1833 3903 2057 3954 Cnmsn
2082 3918 2148 3952 ns
2167 3915 2440 3951 suamm-

1364 3990 1433 4026 ·ro
1469 3990 1805 4026 rna-:sunum
1826 4001 1888 4012 —
1918 3974 2127 4025 Deinde
2153 3982 2440 4039 postquam
