2784 4452
281 296 387 363 276

1303 383 1324 404 N

279 410 373 470 tia,
414 409 509 476 qui
550 410 607 461 in
650 409 825 461 causis
865 426 975 462 non
1005 412 1205 471 Deum,
1251 410 1343 461 sed

279 483 557 535 hominem
577 483 845 535 formidat.
870 484 1061 536 Timor
1079 485 1221 535 enim
1246 484 1341 535 Dei

285 556 535 623 corrigit3
589 555 754 607 timor
819 565 997 606 autem
1058 556 1343 607 hominum

278 626 527 692 peccandi
566 626 741 677 differt
768 625 1069 677 facultatem
1086 664 1100 685 ,
1130 636 1180 676 et
1209 641 1341 692 ope-

276 697 538 749 rationem
583 713 694 748 non
746 696 951 756 aufert,
1013 698 1106 748 sed
1149 696 1342 749 retinet

275 769 631 828 voluntatem,
662 768 831 817 donec
862 766 1057 818 habeat
1080 777 1341 833 opportu-

276 839 501 890 nitatem
547 840 653 889 vel‘
688 837 1020 889 occasionem
1051 854 1065 888 z
1095 839 1241 889 unde
1290 847 1343 888 et

275 926 415 976 quos
442 909 719 975 suspendit
738 903 770 960 a
795 908 1044 969 crimine,
1081 908 1343 960 avidiores

277 981 453 1032 reddit
490 982 555 1030 ad
597 980 835 1039 crimen,
899 990 953 1030 et
995 989 1182 1031 aestuat
1221 980 1343 1029 ani-

278 1053 371 1103 mo
391 1090 407 1112 ,
448 1065 731 1117 quousque
767 1050 1012 1118 perficiat
1039 1052 1106 1101 ad
1136 1052 1339 1100 malum

277 1123 521 1189 cogitata.
548 1122 729 1172 Solius
761 1121 908 1171 enim
933 1121 1030 1171 Dei
1063 1132 1141 1171 est
1171 1121 1339 1171 timor

276 1195 372 1260 qui
408 1203 658 1244 nocentes
699 1192 936 1258 corrigit,
974 1191 1123 1259 fugat
1152 1192 1341 1243 crimi-

276 1280 374 1324 na,
403 1263 780 1313 *innocentiam
829 1263 1039 1325 tribuit,
1069 1273 1341 1329 perpetem

277 1334 482 1387 confert
505 1334 807 1385 facultatem
835 1350 848 1384 ε
873 1354 901 1382 »
925 1335 1041 1386 haec
1061 1334 1341 1403 chrysos-

278 1412 468 1456 tomus.
507 1406 611 1456 Iste
652 1406 747 1471 qui
787 1406 1049 1456 Joannem
1084 1405 1257 1456 tenuit
1292 1413 1343 1456 et

275 1475 464 1541 ligavit
503 1475 561 1526 in
599 1491 820 1539 carcere,
858 1491 921 1526 eo
952 1476 1099 1542 quod
1137 1477 1203 1526 de
1236 1491 1343 1526 ma-

275 1544 349 1596 lis
371 1545 487 1596 suis
512 1561 637 1596 eum
668 1548 921 1613 arguebat
940 1545 1269 1605 charitative,
1290 1554 1343 1595 et

277 1615 376 1682 qui
405 1653 408 1656 -
433 1616 635 1666 similia
682 1616 913 1677 faciunt,
968 1616 1175 1667 similes
1214 1625 1342 1666 sunt

280 1687 607 1753 phreneticis
629 1724 644 1747 ,
710 1687 805 1753 qui
860 1688 1011 1753 pium
1069 1687 1339 1737 medicum

278 1770 553 1826 percutere
577 1760 661 1810 vel
685 1760 924 1811 occidere
949 1769 1213 1826 quaerunt.

344 1849 378 1899 7
409 1833 491 1883 Da
549 1848 877 1883 ronanmms
924 1848 1080 1883 uitus
1120 1848 1340 1883 nomm-

277 1901 393 1954 Βυε.
424 1931 485 1942 -
536 1903 825 1954 Considera
879 1919 1024 1954 nunc
1065 1902 1338 1969 quomodo

273 1978 512 2029 Joannes‘
561 1977 733 2043 magis
754 1977 963 2028 volebat
988 1977 1100 2027 Deo
1121 2016 1134 2036 ,
1175 1992 1339 2042 quam

276 2048 598 2098 hominibus
622 2049 845 2113 placere,
872 2047 1151 2114 magisque
1176 2048 1338 2098 time-

276 2118 367 2169 bat
394 2119 566 2168 Deum
582 2133 744 2185 quam
765 2118 1017 2168 homines
1032 2118 1299 2169 offendere
1319 2133 1335 2181 ;

276 2190 500 2256 ejusque
534 2189 778 2257 exemplo
816 2204 1026 2257 semper
1062 2190 1127 2241 ad
1163 2191 1338 2241 Deum

276 2261 451 2328 magis
472 2277 635 2328 quam
656 2262 721 2313 ad
741 2261 992 2313 homines
1010 2261 1335 2328 aspiciendo,

894 293 1133 344 PRIMA-3
1169 294 1415 345 PARTIS
1445 293 1678 346 CAPUT
1708 295 1917 345 XXVII.

1449 409 1504 460 in
1532 409 1788 461 omnibus
1808 411 1904 462 Dei
1926 412 2318 479 beneplacitum
2343 413 2520 481 facias,

1448 492 1501 533 et
1539 482 1606 533 ab
1636 484 1748 548 ejus
1780 484 1985 535 offensa
2012 486 2324 538 omnimode
2351 489 2521 539 absti-

1447 567 1589 603 neas.
1616 554 1769 604 Unde
1791 554 2215 623 chrysostomus
2239 575 2257 607 .·
2284 579 2307 604 α
2334 559 2518 612 Cuma

1445 622 1761 689 perniciosis
1807 624 1944 691 quid
2005 626 2239 691 patimur
2272 628 2518 681 homini—

1449 695 1581 756 buS,
1626 695 1692 744 ad
1721 695 2023 761 principem
2061 709 2302 749 nostrum
2332 702 2520 752 consi-

1447 764 1723 828 deremus,
1762 775 1816 816 et
1847 775 2326 819 consummatorem
2357 770 2516 836 fidei,

1450 844 1503 884 et
1537 835 1798 900 quoniam
1835 851 1866 886 a
1896 838 2054 887 malis
2100 838 2435 899 hominibu5‚
2465 851 2518 892 et

1450 906 1713 971 quoniam
1733 917 1949 974 propter
1970 910 2266 970 veritatem,
2296 922 2348 961 et
2374 927 2519 977 quo-

1450 978 1597 1028 niam
1624 989 1842 1044 propter
1865 995 2010 1031 eum.
2039 982 2097 1031 Si
2124 982 2272 1032 enirn
2301 984 2403 1034 hoc
2423 1001 2516 1035 ex-

1447 1047 1877 1114 cogitaverimus,
1918 1051 2102 1102 omnia
2150 1052 2323 1103 facilia
2362 1065 2519 1108 erunt

1446 1129 1499 1169 et
1527 1120 1826 1185 portabilia.
1853 1122 1911 1172 Si
1946 1122 2093 1172 enim
2122 1138 2220 1189 pro
2261 1126 2519 1175 amabili-

1448 1190 1550 1239 bus
1571 1190 1664 1256 qui
1685 1191 1894 1257 patiens
1922 1191 2196 1258 gloriatur,
2217 1203 2270 1244 et
2298 1205 2522 1260 propter

1447 1259 1638 1323 Deum,
1667 1259 1713 1310 si
1744 1261 1975 1326 patiatur
2003 1262 2321 1329 quidquam,
2351 1265 2518 1315 susci-

1435 1329 1558 1395 piet
1594 1344 1833 1381 sensum.
1862 1332 1917 1382 Si
1947 1333 2094 1383 enim
2122 1349 2238 1399 ipse
2270 1349 2383 1384 rem
2422 1351 2517 1386 re-

1447 1400 1956 1466 probabilissimam,
1996 1402 2242 1454 videlicet
2280 1419 2511 1465 crucem,

1446 1472 1671 1537 gloriam
1700 1473 1938 1534 vocabat,
1976 1475 2148 1525 multo
2191 1475 2365 1542 magis
2413 1492 2515 1528 nos

1446 1542 1521 1593 ita
1573 1543 1790 1609 disponi
1832 1556 2058 1611 oportet.
2110 1548 2345 1613 Oportet
2386 1564 2513 1615 ergo

1447 1629 1570 1663 cum
1609 1613 1868 1665 debemus
1906 1616 2037 1683 quid
2066 1617 2175 1683 pati
2215 1618 2511 1669 indelecta-

1447 1683 1572 1744 bile,
1604 1700 1715 1735 non
1745 1686 1970 1746 laboreS,
1996 1690 2088 1738 sed
2116 1704 2340 1740 coronas
2364 1705 2514 1740 exco-

1447 1753 1612 1820 gitare
1651 1765 1756 1806 :et
1786 1756 1832 1806 si
1875 1757 2078 1808 malum
2106 1758 2237 1824 quid
2279 1760 2510 1810 delecta-

1436 1827 1554 1877 >bile
1598 1838 1862 1892 appareat,
1915 1830 2211 1897 excogitare
2250 1833 2508 1898 quoniam

1445 1898 1588 1948 Deus
1621 1914 1731 1948 non
1753 1901 1888 1961 vult,
1908 1911 1961 1951 et
1988 1902 2354 1953 indelectabile
2387 1919 2510 1954 con-

1444 1968 1622 2020 festim
1646 1972 1948 2037 apparebit3
1977 1973 2023 2024 si
2052 1974 2197 2024 enim
2219 1975 2508 2025 hominum

1444 2042 1611 2092 timor
1660 2044 1848 2094 avertit
1897 2046 1963 2095 ab
2015 2046 2511 2098 inconvenientibus

1445 2115 1606 2165 rebus
1623 2154 1636 2177 ,
1684 2117 1856 2167 multo
1911 2120 2085 2185 magis
2115 2119 2317 2170 Christi
2369 2120 2510 2171 dile-

1446 2186 1549 2238 ctio
1575 2202 1590 2238 ι
1624 2206 1652 2236 n
1671 2188 1784 2239 haec
1812 2189 2250 2259 chrysostomus,

1245 2458 1518 2510 ORATIO

338 2603 571 2655 Domine
596 2604 721 2655 Jesu
750 2603 984 2665 Christe,
1004 2605 1258 2670 Magister
1292 2605 1451 2665 bone,
1476 2604 1607 2656 doce
1638 2620 1726 2656 me
1752 2604 2028 2656 veritatem
2055 2601 2196 2660 vitae,
2217 2599 2435 2665 iustitiae
2458 2610 2511 2651 et

278 2677 556 2742 doctrinae,
595 2677 770 2728 cordis
812 2677 922 2728 oris
954 2687 1006 2728 et
1049 2678 1245 2743 operiS,
1285 2687 1502 2744 propter
1541 2689 1763 2743 metum,
1791 2678 1873 2729 vel
1910 2678 2145 2729 favorem
2185 2673 2508 2734 humanum,

279 2763 375 2798 seu
415 2748 752 2798 mundanum
784 2764 896 2798 non
924 2747 1169 2799 omittere
1202 2765 1217 2799 ε
1250 2763 1317 2798 ne
1355 2748 1660 2800 teneritudo
1698 2748 1925 2800 carnalis
1955 2746 2169 2798 timoris
2196 2746 2281 2795 vel
2308 2743 2510 2794 amoris

278 2819 448 2871 valeat
488 2818 546 2869 in
590 2834 678 2869 me
705 2819 1082 2885 perfectionem
1119 2819 1416 2885 spiritualis
1457 2819 1763 2870 dilectionis
1813 2819 2091 2885 impedire.
2133 2818 2198 2867 Et
2247 2814 2507 2881 quoniam

279 2899 498 2956 propter
518 2900 788 2955 peccatum
822 2889 1123 2955 primorum
1152 2900 1435 2955 parentum
1469 2889 1552 2941 vis
1599 2889 1887 2941 irascibilis
1925 2899 2106 2939 nostra
2129 2885 2389 2937 contraxit
2408 2884 2507 2934 de-

279 2960 563 3021 bilitatem,
593 2960 927 3011 rationabilis
963 2960 1266 3027 caliginem,
1296 2971 1348 3011 et
1380 2960 1816 3027 concupiscibilis
1838 2961 1904 3010 ad
1929 2960 2132 3010 malum
2163 2955 2505 3024 pronitatem,

278 3034 346 3085 da
369 3032 507 3082 mihi
536 3033 861 3083 Paracletum
880 3032 1214 3083 defensorem
1237 3042 1423 3084 contra
1459 3033 1878 3099 persecutiones;
1910 3030 2328 3082 illuminatorem
2371 3041 2506 3075 con-

279 3112 361 3155 tra
405 3117 642 3167 errores3
697 3103 1149 3154 inflammatorem
1212 3113 1396 3155 contra
1435 3102 1921 3171 concupiscentiam
1942 3140 1957 3164 ,
2029 3109 2092 3152 ut
2151 3098 2207 3148 in
2249 3094 2508 3148 omnibus

282 3177 486 3229 valeam
542 3176 937 3243 beneplacitum
979 3186 1135 3229 tuum
1166 3175 1334 3228 facere
1353 3215 1370 3242 ,
1413 3184 1466 3227 et
1512 3176 1579 3228 ab
1625 3174 1828 3226 offensa
1857 3182 1951 3225 tua
1987 3171 2272 3225 abstinere.
2312 3171 2508 3220 Amen.

1230 3611 1552 3773 Q
