<?xml version="1.0" encoding="UTF-8"?>
<!DOCTYPE html PUBLIC "-//W3C//DTD XHTML 1.0 Transitional//EN"
    "http://www.w3.org/TR/xhtml1/DTD/xhtml1-transitional.dtd">
<html xmlns="http://www.w3.org/1999/xhtml" xml:lang="en" lang="en">
 <head>
  <title>
</title>
<meta http-equiv="Content-Type" content="text/html;charset=utf-8" />
  <meta name='ocr-system' content='tesseract 3.04.00' />
  <meta name='ocr-capabilities' content='ocr_page ocr_carea ocr_par ocr_line ocrx_word'/>
</head>
<body>
  <div class='ocr_page' id='page_1' title='image "./vitajesuchristi00sachgoog/vitajesuchristi00sachgoog_0453.png"; bbox 0 0 2784 4452; ppageno 0'>
   <div class='ocr_carea' id='block_1_1' title="bbox 303 360 2426 428">
    <p class='ocr_par' dir='ltr' id='par_1_1' title="bbox 303 360 2426 428">
     <span class='ocr_line' id='line_1_1' title="bbox 303 360 2426 428; baseline -0.005 -5"><span class='ocrx_word' id='word_1_1' title='bbox 303 371 477 423; x_wconf 87' lang='lat' dir='ltr'><strong>DOM.</strong></span> <span class='ocrx_word' id='word_1_2' title='bbox 513 368 910 420; x_wconf 88' lang='lat' dir='ltr'>EXCITATUS</span> <span class='ocrx_word' id='word_1_3' title='bbox 941 368 991 418; x_wconf 88' lang='lat' dir='ltr'>A</span> <span class='ocrx_word' id='word_1_4' title='bbox 1016 366 1261 419; x_wconf 89' lang='lat' dir='ltr'>SOMNO</span> <span class='ocrx_word' id='word_1_5' title='bbox 1296 365 1615 418; x_wconf 84' lang='lat' dir='ltr'><strong>IMPERAT</strong></span> <span class='ocrx_word' id='word_1_6' title='bbox 1643 364 1899 416; x_wconf 85' lang='lat' dir='ltr'>VENTIS</span> <span class='ocrx_word' id='word_1_7' title='bbox 1932 363 2026 415; x_wconf 83' lang='lat' dir='ltr'>ET</span> <span class='ocrx_word' id='word_1_8' title='bbox 2057 363 2253 414; x_wconf 80' lang='lat' dir='ltr'>MARI.</span> <span class='ocrx_word' id='word_1_9' title='bbox 2317 360 2426 428; x_wconf 82' lang='lat'>437</span> 
     </span>
    </p>
   </div>
   <div class='ocr_carea' id='block_1_2' title="bbox 173 481 1248 2327">
    <p class='ocr_par' dir='ltr' id='par_1_2' title="bbox 173 481 1248 2327">
     <span class='ocr_line' id='line_1_2' title="bbox 174 481 1241 549; baseline -0.007 -10"><span class='ocrx_word' id='word_1_10' title='bbox 174 504 208 539; x_wconf 88' lang='lat' dir='ltr'>a</span> <span class='ocrx_word' id='word_1_11' title='bbox 237 488 382 538; x_wconf 90' lang='lat' dir='ltr'>bono</span> <span class='ocrx_word' id='word_1_12' title='bbox 409 481 683 549; x_wconf 85' lang='lat' dir='ltr'>proposito</span> <span class='ocrx_word' id='word_1_13' title='bbox 710 497 1047 533; x_wconf 88' lang='lat' dir='ltr'>commovere</span> <span class='ocrx_word' id='word_1_14' title='bbox 1072 490 1241 547; x_wconf 90' lang='lat' dir='ltr'>optat,</span> 
     </span>
     <span class='ocr_line' id='line_1_3' title="bbox 174 551 1243 624; baseline -0.008 -15"><span class='ocrx_word' id='word_1_15' title='bbox 174 555 470 624; x_wconf 85' lang='lat' dir='ltr'>aliquando</span> <span class='ocrx_word' id='word_1_16' title='bbox 485 567 769 619; x_wconf 89' lang='lat' dir='ltr'>pravorum</span> <span class='ocrx_word' id='word_1_17' title='bbox 784 551 1243 617; x_wconf 84' lang='lat' dir='ltr'>persecutionibus</span> 
     </span>
     <span class='ocr_line' id='line_1_4' title="bbox 177 622 1244 689; baseline -0.007 -11"><span class='ocrx_word' id='word_1_18' title='bbox 177 626 430 685; x_wconf 77' lang='lat' dir='ltr'>exteriuS,</span> <span class='ocrx_word' id='word_1_19' title='bbox 473 622 761 689; x_wconf 90' lang='lat' dir='ltr'>aliquando</span> <span class='ocrx_word' id='word_1_20' title='bbox 798 622 1037 687; x_wconf 89' lang='lat' dir='ltr'>impulsu</span> <span class='ocrx_word' id='word_1_21' title='bbox 1066 622 1244 671; x_wconf 88' lang='lat' dir='ltr'>malo-</span> 
     </span>
     <span class='ocr_line' id='line_1_5' title="bbox 176 691 1246 761; baseline -0.007 -13"><span class='ocrx_word' id='word_1_22' title='bbox 176 713 300 748; x_wconf 89' lang='lat' dir='ltr'>rum</span> <span class='ocrx_word' id='word_1_23' title='bbox 320 693 707 761; x_wconf 84' lang='lat' dir='ltr'>cogitationum</span> <span class='ocrx_word' id='word_1_24' title='bbox 732 691 979 756; x_wconf 86' lang='lat' dir='ltr'>interius,</span> <span class='ocrx_word' id='word_1_25' title='bbox 996 707 1246 741; x_wconf 88' lang='lat' dir='ltr'>nonnun-</span> 
     </span>
     <span class='ocr_line' id='line_1_6' title="bbox 175 763 1246 836; baseline -0.006 -16"><span class='ocrx_word' id='word_1_26' title='bbox 175 785 343 836; x_wconf 88' lang='lat' dir='ltr'>quam</span> <span class='ocrx_word' id='word_1_27' title='bbox 356 767 516 819; x_wconf 89' lang='lat' dir='ltr'>etiam</span> <span class='ocrx_word' id='word_1_28' title='bbox 532 781 596 816; x_wconf 88' lang='lat' dir='ltr'>ex</span> <span class='ocrx_word' id='word_1_29' title='bbox 611 764 828 831; x_wconf 88' lang='lat' dir='ltr'>propria</span> <span class='ocrx_word' id='word_1_30' title='bbox 843 763 1127 830; x_wconf 86' lang='lat' dir='ltr'>fragilitate</span> <span class='ocrx_word' id='word_1_31' title='bbox 1139 778 1246 814; x_wconf 91' lang='lat' dir='ltr'>car·</span> 
     </span>
     <span class='ocr_line' id='line_1_7' title="bbox 178 836 1245 904; baseline -0.006 -12"><span class='ocrx_word' id='word_1_32' title='bbox 178 842 267 892; x_wconf 88' lang='lat' dir='ltr'>nis</span> <span class='ocrx_word' id='word_1_33' title='bbox 282 840 523 893; x_wconf 77' lang='lat' dir='ltr'>stimulo,</span> <span class='ocrx_word' id='word_1_34' title='bbox 544 838 684 899; x_wconf 83' lang='lat' dir='ltr'>Quia</span> <span class='ocrx_word' id='word_1_35' title='bbox 701 847 905 904; x_wconf 87' lang='lat' dir='ltr'>quanto</span> <span class='ocrx_word' id='word_1_36' title='bbox 930 836 1103 903; x_wconf 91' lang='lat' dir='ltr'>magis</span> <span class='ocrx_word' id='word_1_37' title='bbox 1119 836 1245 903; x_wconf 88' lang='lat' dir='ltr'>quis</span> 
     </span>
     <span class='ocr_line' id='line_1_8' title="bbox 177 906 1243 976; baseline -0.006 -13"><span class='ocrx_word' id='word_1_38' title='bbox 177 912 294 962; x_wconf 91' lang='lat' dir='ltr'>Deo</span> <span class='ocrx_word' id='word_1_39' title='bbox 336 910 768 976; x_wconf 87' lang='lat' dir='ltr'>appropinquare</span> <span class='ocrx_word' id='word_1_40' title='bbox 807 908 1053 970; x_wconf 90' lang='lat' dir='ltr'>voluerit,</span> <span class='ocrx_word' id='word_1_41' title='bbox 1095 917 1146 958; x_wconf 92' lang='lat' dir='ltr'>et</span> <span class='ocrx_word' id='word_1_42' title='bbox 1185 906 1243 957; x_wconf 90' lang='lat' dir='ltr'>in</span> 
     </span>
     <span class='ocr_line' id='line_1_9' title="bbox 176 979 1244 1048; baseline -0.004 -14"><span class='ocrx_word' id='word_1_43' title='bbox 176 985 353 1034; x_wconf 90' lang='lat' dir='ltr'>Deum</span> <span class='ocrx_word' id='word_1_44' title='bbox 382 981 678 1048; x_wconf 87' lang='lat' dir='ltr'>profecerit,</span> <span class='ocrx_word' id='word_1_45' title='bbox 709 991 857 1031; x_wconf 90' lang='lat' dir='ltr'>tanto</span> <span class='ocrx_word' id='word_1_46' title='bbox 882 980 1114 1046; x_wconf 89' lang='lat' dir='ltr'>amplius</span> <span class='ocrx_word' id='word_1_47' title='bbox 1153 979 1244 1030; x_wconf 90' lang='lat' dir='ltr'>in-</span> 
     </span>
     <span class='ocr_line' id='line_1_10' title="bbox 176 1050 1245 1119; baseline -0.004 -15"><span class='ocrx_word' id='word_1_48' title='bbox 176 1053 327 1104; x_wconf 88' lang='lat' dir='ltr'>venit</span> <span class='ocrx_word' id='word_1_49' title='bbox 349 1052 494 1119; x_wconf 92' lang='lat' dir='ltr'>quod</span> <span class='ocrx_word' id='word_1_50' title='bbox 518 1051 707 1101; x_wconf 90' lang='lat' dir='ltr'>durius</span> <span class='ocrx_word' id='word_1_51' title='bbox 736 1060 937 1117; x_wconf 90' lang='lat' dir='ltr'>portet;</span> <span class='ocrx_word' id='word_1_52' title='bbox 970 1050 1028 1101; x_wconf 90' lang='lat' dir='ltr'>in</span> <span class='ocrx_word' id='word_1_53' title='bbox 1056 1066 1245 1101; x_wconf 83' lang='lat' dir='ltr'>exem-</span> 
     </span>
     <span class='ocr_line' id='line_1_11' title="bbox 176 1120 1245 1190; baseline -0.002 -18"><span class='ocrx_word' id='word_1_54' title='bbox 176 1123 269 1190; x_wconf 93' lang='lat' dir='ltr'>plo</span> <span class='ocrx_word' id='word_1_55' title='bbox 295 1121 545 1174; x_wconf 87' lang='lat' dir='ltr'>videlicet</span> <span class='ocrx_word' id='word_1_56' title='bbox 587 1121 942 1172; x_wconf 88' lang='lat' dir='ltr'>Israelitarum</span> <span class='ocrx_word' id='word_1_57' title='bbox 983 1120 1079 1187; x_wconf 91' lang='lat' dir='ltr'>qui</span> <span class='ocrx_word' id='word_1_58' title='bbox 1116 1130 1245 1170; x_wconf 88' lang='lat' dir='ltr'>tunc</span> 
     </span>
     <span class='ocr_line' id='line_1_12' title="bbox 176 1192 1244 1252; baseline -0.003 -7"><span class='ocrx_word' id='word_1_59' title='bbox 176 1196 370 1245; x_wconf 83' lang='lat' dir='ltr'>durius</span> <span class='ocrx_word' id='word_1_60' title='bbox 427 1211 459 1246; x_wconf 87' lang='lat' dir='ltr'>a</span> <span class='ocrx_word' id='word_1_61' title='bbox 518 1194 795 1244; x_wconf 86' lang='lat' dir='ltr'>Pharaone</span> <span class='ocrx_word' id='word_1_62' title='bbox 840 1203 969 1244; x_wconf 88' lang='lat' dir='ltr'>sunt</span> <span class='ocrx_word' id='word_1_63' title='bbox 1022 1192 1244 1252; x_wconf 86' lang='lat' dir='ltr'>afflicti,</span> 
     </span>
     <span class='ocr_line' id='line_1_13' title="bbox 177 1263 1246 1333; baseline -0.004 -17"><span class='ocrx_word' id='word_1_64' title='bbox 177 1266 397 1333; x_wconf 89' lang='lat' dir='ltr'>quando</span> <span class='ocrx_word' id='word_1_65' title='bbox 441 1280 536 1331; x_wconf 92' lang='lat' dir='ltr'>per</span> <span class='ocrx_word' id='word_1_66' title='bbox 581 1265 804 1330; x_wconf 86' lang='lat' dir='ltr'>Moysen</span> <span class='ocrx_word' id='word_1_67' title='bbox 852 1274 906 1314; x_wconf 87' lang='lat' dir='ltr'>et</span> <span class='ocrx_word' id='word_1_68' title='bbox 952 1263 1134 1314; x_wconf 86' lang='lat' dir='ltr'>Aaron</span> <span class='ocrx_word' id='word_1_69' title='bbox 1179 1264 1246 1313; x_wconf 88' lang='lat' dir='ltr'>ad</span> 
     </span>
     <span class='ocr_line' id='line_1_14' title="bbox 176 1332 1245 1400; baseline -0.003 -14"><span class='ocrx_word' id='word_1_70' title='bbox 176 1347 375 1386; x_wconf 88' lang='lat' dir='ltr'>terram</span> <span class='ocrx_word' id='word_1_71' title='bbox 435 1333 814 1400; x_wconf 86' lang='lat' dir='ltr'>promissionis</span> <span class='ocrx_word' id='word_1_72' title='bbox 867 1343 996 1383; x_wconf 91' lang='lat' dir='ltr'>sunt</span> <span class='ocrx_word' id='word_1_73' title='bbox 1052 1332 1245 1383; x_wconf 87' lang='lat' dir='ltr'>vocati.</span> 
     </span>
     <span class='ocr_line' id='line_1_15' title="bbox 178 1406 1245 1471; baseline -0.004 -12"><span class='ocrx_word' id='word_1_74' title='bbox 178 1409 338 1468; x_wconf 91' lang='lat' dir='ltr'>Quod</span> <span class='ocrx_word' id='word_1_75' title='bbox 364 1407 630 1458; x_wconf 90' lang='lat' dir='ltr'>Dominus</span> <span class='ocrx_word' id='word_1_76' title='bbox 657 1406 818 1457; x_wconf 89' lang='lat' dir='ltr'>etiam</span> <span class='ocrx_word' id='word_1_77' title='bbox 863 1421 962 1456; x_wconf 91' lang='lat' dir='ltr'>suo</span> <span class='ocrx_word' id='word_1_78' title='bbox 1000 1407 1245 1471; x_wconf 83' lang='lat' dir='ltr'>exemplo</span> 
     </span>
     <span class='ocr_line' id='line_1_16' title="bbox 177 1476 1246 1544; baseline -0.004 -14"><span class='ocrx_word' id='word_1_79' title='bbox 177 1478 438 1538; x_wconf 89' lang='lat' dir='ltr'>ostendit,</span> <span class='ocrx_word' id='word_1_80' title='bbox 459 1478 677 1544; x_wconf 91' lang='lat' dir='ltr'>quando</span> <span class='ocrx_word' id='word_1_81' title='bbox 693 1486 812 1542; x_wconf 89' lang='lat' dir='ltr'>post</span> <span class='ocrx_word' id='word_1_82' title='bbox 833 1476 1169 1542; x_wconf 88' lang='lat' dir='ltr'>Baptismum</span> <span class='ocrx_word' id='word_1_83' title='bbox 1196 1485 1246 1526; x_wconf 90' lang='lat' dir='ltr'>et</span> 
     </span>
     <span class='ocr_line' id='line_1_17' title="bbox 173 1546 1246 1614; baseline -0.002 -15"><span class='ocrx_word' id='word_1_84' title='bbox 173 1548 441 1614; x_wconf 82' lang='lat' dir='ltr'>jejunium</span> <span class='ocrx_word' id='word_1_85' title='bbox 471 1547 793 1598; x_wconf 87' lang='lat' dir='ltr'>tentationes</span> <span class='ocrx_word' id='word_1_86' title='bbox 820 1546 1020 1597; x_wconf 88' lang='lat' dir='ltr'>diaboli</span> <span class='ocrx_word' id='word_1_87' title='bbox 1056 1556 1246 1612; x_wconf 88' lang='lat' dir='ltr'>pertu-</span> 
     </span>
     <span class='ocr_line' id='line_1_18' title="bbox 175 1617 1244 1686; baseline -0.004 -16"><span class='ocrx_word' id='word_1_88' title='bbox 175 1620 274 1683; x_wconf 84' lang='lat' dir='ltr'>lit3</span> <span class='ocrx_word' id='word_1_89' title='bbox 310 1634 450 1686; x_wconf 85' lang='lat' dir='ltr'>saepe</span> <span class='ocrx_word' id='word_1_90' title='bbox 491 1618 636 1669; x_wconf 90' lang='lat' dir='ltr'>enim</span> <span class='ocrx_word' id='word_1_91' title='bbox 683 1626 805 1683; x_wconf 88' lang='lat' dir='ltr'>post</span> <span class='ocrx_word' id='word_1_92' title='bbox 842 1617 1244 1667; x_wconf 86' lang='lat' dir='ltr'>conversionem</span> 
     </span>
     <span class='ocr_line' id='line_1_19' title="bbox 177 1689 1245 1754; baseline -0.003 -12"><span class='ocrx_word' id='word_1_93' title='bbox 177 1707 281 1742; x_wconf 87' lang='lat' dir='ltr'>nos</span> <span class='ocrx_word' id='word_1_94' title='bbox 317 1690 565 1740; x_wconf 87' lang='lat' dir='ltr'>diabolus</span> <span class='ocrx_word' id='word_1_95' title='bbox 596 1689 771 1740; x_wconf 89' lang='lat' dir='ltr'>acrius</span> <span class='ocrx_word' id='word_1_96' title='bbox 806 1698 1001 1749; x_wconf 88' lang='lat' dir='ltr'>tentat,</span> <span class='ocrx_word' id='word_1_97' title='bbox 1039 1703 1179 1754; x_wconf 88' lang='lat' dir='ltr'>quos</span> <span class='ocrx_word' id='word_1_98' title='bbox 1215 1704 1245 1739; x_wconf 88' lang='lat' dir='ltr'>a</span> 
     </span>
     <span class='ocr_line' id='line_1_20' title="bbox 182 1762 1240 1826; baseline -0.004 -11"><span class='ocrx_word' id='word_1_99' title='bbox 182 1780 282 1815; x_wconf 93' lang='lat' dir='ltr'>sua</span> <span class='ocrx_word' id='word_1_100' title='bbox 328 1764 585 1814; x_wconf 88' lang='lat' dir='ltr'>servitute</span> <span class='ocrx_word' id='word_1_101' title='bbox 630 1762 870 1813; x_wconf 89' lang='lat' dir='ltr'>recedere</span> <span class='ocrx_word' id='word_1_102' title='bbox 913 1762 1240 1826; x_wconf 83' lang='lat' dir='ltr'>considerat3</span> 
     </span>
     <span class='ocr_line' id='line_1_21' title="bbox 178 1834 1246 1903; baseline -0.004 -15"><span class='ocrx_word' id='word_1_103' title='bbox 178 1838 271 1888; x_wconf 85' lang='lat' dir='ltr'>sed</span> <span class='ocrx_word' id='word_1_104' title='bbox 320 1837 412 1888; x_wconf 88' lang='lat' dir='ltr'>ille</span> <span class='ocrx_word' id='word_1_105' title='bbox 456 1834 551 1903; x_wconf 89' lang='lat' dir='ltr'>qui</span> <span class='ocrx_word' id='word_1_106' title='bbox 598 1849 700 1886; x_wconf 87' lang='lat' dir='ltr'>non</span> <span class='ocrx_word' id='word_1_107' title='bbox 746 1834 1032 1898; x_wconf 83' lang='lat' dir='ltr'>dormitat,</span> <span class='ocrx_word' id='word_1_108' title='bbox 1081 1848 1246 1900; x_wconf 80' lang='lat' dir='ltr'>neque</span> 
     </span>
     <span class='ocr_line' id='line_1_22' title="bbox 177 1904 1244 1970; baseline -0.003 -13"><span class='ocrx_word' id='word_1_109' title='bbox 177 1907 410 1957; x_wconf 85' lang='lat' dir='ltr'>dormiet</span> <span class='ocrx_word' id='word_1_110' title='bbox 465 1904 775 1956; x_wconf 89' lang='lat' dir='ltr'>custodiens</span> <span class='ocrx_word' id='word_1_111' title='bbox 840 1904 1029 1965; x_wconf 90' lang='lat' dir='ltr'>Israel,</span> <span class='ocrx_word' id='word_1_112' title='bbox 1089 1904 1244 1970; x_wconf 87' lang='lat' dir='ltr'>quasi</span> 
     </span>
     <span class='ocr_line' id='line_1_23' title="bbox 180 1973 1243 2035; baseline -0.004 -8"><span class='ocrx_word' id='word_1_113' title='bbox 180 1976 389 2027; x_wconf 89' lang='lat' dir='ltr'>dormit</span> <span class='ocrx_word' id='word_1_114' title='bbox 416 1974 473 2024; x_wconf 90' lang='lat' dir='ltr'>in</span> <span class='ocrx_word' id='word_1_115' title='bbox 501 1975 660 2035; x_wconf 86' lang='lat' dir='ltr'>navi,</span> <span class='ocrx_word' id='word_1_116' title='bbox 702 1990 828 2024; x_wconf 89' lang='lat' dir='ltr'>cum</span> <span class='ocrx_word' id='word_1_117' title='bbox 869 1984 1107 2024; x_wconf 89' lang='lat' dir='ltr'>mentem</span> <span class='ocrx_word' id='word_1_118' title='bbox 1141 1973 1243 2024; x_wconf 82' lang='lat' dir='ltr'>viri</span> 
     </span>
     <span class='ocr_line' id='line_1_24' title="bbox 176 2044 1245 2112; baseline -0.002 -16"><span class='ocrx_word' id='word_1_119' title='bbox 176 2046 306 2112; x_wconf 79' lang='lat' dir='ltr'>justi</span> <span class='ocrx_word' id='word_1_120' title='bbox 363 2045 503 2095; x_wconf 89' lang='lat' dir='ltr'>inter</span> <span class='ocrx_word' id='word_1_121' title='bbox 572 2045 830 2111; x_wconf 88' lang='lat' dir='ltr'>procellas</span> <span class='ocrx_word' id='word_1_122' title='bbox 886 2044 1245 2095; x_wconf 89' lang='lat' dir='ltr'>tentationum</span> 
     </span>
     <span class='ocr_line' id='line_1_25' title="bbox 178 2113 1246 2181; baseline 0 -17"><span class='ocrx_word' id='word_1_123' title='bbox 178 2115 369 2165; x_wconf 91' lang='lat' dir='ltr'>durius</span> <span class='ocrx_word' id='word_1_124' title='bbox 413 2115 676 2180; x_wconf 87' lang='lat' dir='ltr'>permittit</span> <span class='ocrx_word' id='word_1_125' title='bbox 728 2113 952 2181; x_wconf 88' lang='lat' dir='ltr'>fatigari.</span> <span class='ocrx_word' id='word_1_126' title='bbox 1000 2114 1246 2181; x_wconf 89' lang='lat' dir='ltr'>Cumque</span> 
     </span>
     <span class='ocr_line' id='line_1_26' title="bbox 181 2187 1246 2254; baseline 0 -15"><span class='ocrx_word' id='word_1_127' title='bbox 181 2189 341 2240; x_wconf 88' lang='lat' dir='ltr'>sentit</span> <span class='ocrx_word' id='word_1_128' title='bbox 380 2188 702 2239; x_wconf 88' lang='lat' dir='ltr'>tentationes</span> <span class='ocrx_word' id='word_1_129' title='bbox 729 2203 827 2239; x_wconf 90' lang='lat' dir='ltr'>sua</span> <span class='ocrx_word' id='word_1_130' title='bbox 852 2187 1049 2239; x_wconf 86' lang='lat' dir='ltr'>virtute</span> <span class='ocrx_word' id='word_1_131' title='bbox 1080 2202 1246 2254; x_wconf 89' lang='lat' dir='ltr'>supe-</span> 
     </span>
     <span class='ocr_line' id='line_1_27' title="bbox 179 2260 1248 2327; baseline -0.001 -16"><span class='ocrx_word' id='word_1_132' title='bbox 179 2276 296 2312; x_wconf 88' lang='lat' dir='ltr'>rare</span> <span class='ocrx_word' id='word_1_133' title='bbox 328 2276 437 2311; x_wconf 90' lang='lat' dir='ltr'>non</span> <span class='ocrx_word' id='word_1_134' title='bbox 470 2276 645 2327; x_wconf 91' lang='lat' dir='ltr'>posse,</span> <span class='ocrx_word' id='word_1_135' title='bbox 670 2260 873 2311; x_wconf 89' lang='lat' dir='ltr'>accedit</span> <span class='ocrx_word' id='word_1_136' title='bbox 900 2261 967 2311; x_wconf 90' lang='lat' dir='ltr'>ad</span> <span class='ocrx_word' id='word_1_137' title='bbox 994 2260 1248 2327; x_wconf 89' lang='lat' dir='ltr'>omnipo-</span> 
     </span>
    </p>
   </div>
   <div class='ocr_carea' id='block_1_3' title="bbox 1354 478 2431 2330">
    <p class='ocr_par' dir='ltr' id='par_1_3' title="bbox 1354 478 2431 2330">
     <span class='ocr_line' id='line_1_28' title="bbox 1357 478 2431 540; baseline 0.001 -9"><span class='ocrx_word' id='word_1_138' title='bbox 1357 479 1579 531; x_wconf 85' lang='lat' dir='ltr'>tentiam</span> <span class='ocrx_word' id='word_1_139' title='bbox 1626 478 1722 530; x_wconf 93' lang='lat' dir='ltr'>Dei</span> <span class='ocrx_word' id='word_1_140' title='bbox 1772 493 2066 540; x_wconf 88' lang='lat' dir='ltr'>recurrens,</span> <span class='ocrx_word' id='word_1_141' title='bbox 2112 488 2167 530; x_wconf 90' lang='lat' dir='ltr'>et</span> <span class='ocrx_word' id='word_1_142' title='bbox 2205 478 2431 533; x_wconf 89' lang='lat' dir='ltr'>suscitat</span> 
     </span>
     <span class='ocr_line' id='line_1_29' title="bbox 1356 549 2425 603; baseline 0 0"><span class='ocrx_word' id='word_1_143' title='bbox 1356 551 1655 603; x_wconf 89' lang='lat' dir='ltr'>Dominum</span> <span class='ocrx_word' id='word_1_144' title='bbox 1705 565 1828 601; x_wconf 92' lang='lat' dir='ltr'>cum</span> <span class='ocrx_word' id='word_1_145' title='bbox 1887 549 2086 600; x_wconf 89' lang='lat' dir='ltr'>mentis</span> <span class='ocrx_word' id='word_1_146' title='bbox 2137 549 2425 603; x_wconf 87' lang='lat' dir='ltr'>devotione</span> 
     </span>
     <span class='ocr_line' id='line_1_30' title="bbox 1357 620 2426 688; baseline 0 -16"><span class='ocrx_word' id='word_1_147' title='bbox 1357 621 1438 672; x_wconf 88' lang='lat' dir='ltr'>illi</span> <span class='ocrx_word' id='word_1_148' title='bbox 1469 620 1923 688; x_wconf 87' lang='lat' dir='ltr'>appropinquans,</span> <span class='ocrx_word' id='word_1_149' title='bbox 1952 631 2005 671; x_wconf 90' lang='lat' dir='ltr'>et</span> <span class='ocrx_word' id='word_1_150' title='bbox 2034 636 2188 672; x_wconf 85' lang='lat' dir='ltr'>suam</span> <span class='ocrx_word' id='word_1_151' title='bbox 2217 620 2426 687; x_wconf 85' lang='lat' dir='ltr'>fragili-</span> 
     </span>
     <span class='ocr_line' id='line_1_31' title="bbox 1357 693 2424 759; baseline -0.001 -14"><span class='ocrx_word' id='word_1_152' title='bbox 1357 704 1520 745; x_wconf 90' lang='lat' dir='ltr'>tatem</span> <span class='ocrx_word' id='word_1_153' title='bbox 1564 694 1842 744; x_wconf 87' lang='lat' dir='ltr'>humiliter</span> <span class='ocrx_word' id='word_1_154' title='bbox 1871 693 2222 759; x_wconf 88' lang='lat' dir='ltr'>recognoscit,</span> <span class='ocrx_word' id='word_1_155' title='bbox 2245 709 2305 744; x_wconf 88' lang='lat' dir='ltr'>ac</span> <span class='ocrx_word' id='word_1_156' title='bbox 2333 694 2424 744; x_wconf 91' lang='lat' dir='ltr'>di-</span> 
     </span>
     <span class='ocr_line' id='line_1_32' title="bbox 1355 764 2424 831; baseline -0.001 -15"><span class='ocrx_word' id='word_1_157' title='bbox 1355 766 1541 817; x_wconf 87' lang='lat' dir='ltr'>vinam</span> <span class='ocrx_word' id='word_1_158' title='bbox 1581 765 1906 831; x_wconf 89' lang='lat' dir='ltr'>potentiam,</span> <span class='ocrx_word' id='word_1_159' title='bbox 1953 774 2006 815; x_wconf 91' lang='lat' dir='ltr'>et</span> <span class='ocrx_word' id='word_1_160' title='bbox 2051 764 2149 815; x_wconf 88' lang='lat' dir='ltr'>Dei</span> <span class='ocrx_word' id='word_1_161' title='bbox 2203 764 2424 815; x_wconf 90' lang='lat' dir='ltr'>miseri-</span> 
     </span>
     <span class='ocr_line' id='line_1_33' title="bbox 1356 834 2425 886; baseline 0 0"><span class='ocrx_word' id='word_1_162' title='bbox 1356 836 1595 886; x_wconf 89' lang='lat' dir='ltr'>cordiam</span> <span class='ocrx_word' id='word_1_163' title='bbox 1653 834 1996 886; x_wconf 86' lang='lat' dir='ltr'>devotissime</span> <span class='ocrx_word' id='word_1_164' title='bbox 2041 835 2167 884; x_wconf 88' lang='lat' dir='ltr'>totis</span> <span class='ocrx_word' id='word_1_165' title='bbox 2215 834 2425 886; x_wconf 87' lang='lat' dir='ltr'>viribus</span> 
     </span>
     <span class='ocr_line' id='line_1_34' title="bbox 1359 906 2429 973; baseline 0 -17"><span class='ocrx_word' id='word_1_166' title='bbox 1359 907 1555 957; x_wconf 88' lang='lat' dir='ltr'>mentis</span> <span class='ocrx_word' id='word_1_167' title='bbox 1579 906 1866 973; x_wconf 89' lang='lat' dir='ltr'>implorare</span> <span class='ocrx_word' id='word_1_168' title='bbox 1884 922 1995 956; x_wconf 91' lang='lat' dir='ltr'>non</span> <span class='ocrx_word' id='word_1_169' title='bbox 2016 915 2202 966; x_wconf 91' lang='lat' dir='ltr'>cessat,</span> <span class='ocrx_word' id='word_1_170' title='bbox 2222 921 2429 972; x_wconf 85' lang='lat' dir='ltr'>quous-</span> 
     </span>
     <span class='ocr_line' id='line_1_35' title="bbox 1355 978 2423 1047; baseline -0.001 -17"><span class='ocrx_word' id='word_1_171' title='bbox 1355 978 1539 1047; x_wconf 88' lang='lat' dir='ltr'>quein</span> <span class='ocrx_word' id='word_1_172' title='bbox 1564 979 1648 1030; x_wconf 88' lang='lat' dir='ltr'>sui</span> <span class='ocrx_word' id='word_1_173' title='bbox 1683 978 2009 1045; x_wconf 82' lang='lat' dir='ltr'>adjutorium</span> <span class='ocrx_word' id='word_1_174' title='bbox 2043 979 2286 1029; x_wconf 89' lang='lat' dir='ltr'>divinum</span> <span class='ocrx_word' id='word_1_175' title='bbox 2323 993 2423 1029; x_wconf 84' lang='lat' dir='ltr'>ex-</span> 
     </span>
     <span class='ocr_line' id='line_1_36' title="bbox 1355 1052 2422 1118; baseline -0.001 -14"><span class='ocrx_word' id='word_1_176' title='bbox 1355 1054 1482 1104; x_wconf 88' lang='lat' dir='ltr'>citet</span> <span class='ocrx_word' id='word_1_177' title='bbox 1516 1052 1798 1114; x_wconf 87' lang='lat' dir='ltr'>auxilium,</span> <span class='ocrx_word' id='word_1_178' title='bbox 1838 1063 1967 1104; x_wconf 92' lang='lat' dir='ltr'>tunc</span> <span class='ocrx_word' id='word_1_179' title='bbox 2000 1053 2147 1104; x_wconf 87' lang='lat' dir='ltr'>enim</span> <span class='ocrx_word' id='word_1_180' title='bbox 2195 1067 2422 1118; x_wconf 89' lang='lat' dir='ltr'>surgens</span> 
     </span>
     <span class='ocr_line' id='line_1_37' title="bbox 1357 1123 2423 1189; baseline -0.001 -15"><span class='ocrx_word' id='word_1_181' title='bbox 1357 1124 1586 1189; x_wconf 82' lang='lat' dir='ltr'>imperat</span> <span class='ocrx_word' id='word_1_182' title='bbox 1613 1124 1783 1174; x_wconf 81' lang='lat' dir='ltr'>ventis</span> <span class='ocrx_word' id='word_1_183' title='bbox 1805 1130 1857 1175; x_wconf 83' lang='lat' dir='ltr'>et</span> <span class='ocrx_word' id='word_1_184' title='bbox 1883 1124 2026 1174; x_wconf 86' lang='lat' dir='ltr'>mari</span> <span class='ocrx_word' id='word_1_185' title='bbox 2039 1140 2060 1187; x_wconf 88' lang='lat'>,·</span> <span class='ocrx_word' id='word_1_186' title='bbox 2085 1123 2216 1189; x_wconf 89' lang='lat' dir='ltr'>quia</span> <span class='ocrx_word' id='word_1_187' title='bbox 2241 1132 2423 1173; x_wconf 88' lang='lat' dir='ltr'>tenta-</span> 
     </span>
     <span class='ocr_line' id='line_1_38' title="bbox 1357 1195 2426 1263; baseline 0.001 -17"><span class='ocrx_word' id='word_1_188' title='bbox 1357 1207 1539 1246; x_wconf 88' lang='lat' dir='ltr'>menta</span> <span class='ocrx_word' id='word_1_189' title='bbox 1596 1195 1795 1246; x_wconf 90' lang='lat' dir='ltr'>diaboli</span> <span class='ocrx_word' id='word_1_190' title='bbox 1850 1196 2184 1263; x_wconf 88' lang='lat' dir='ltr'>insurgentia</span> <span class='ocrx_word' id='word_1_191' title='bbox 2241 1205 2426 1247; x_wconf 89' lang='lat' dir='ltr'>contra</span> 
     </span>
     <span class='ocr_line' id='line_1_39' title="bbox 1357 1265 2426 1333; baseline -0.001 -16"><span class='ocrx_word' id='word_1_192' title='bbox 1357 1277 1594 1317; x_wconf 89' lang='lat' dir='ltr'>mentem</span> <span class='ocrx_word' id='word_1_193' title='bbox 1630 1266 1732 1317; x_wconf 86' lang='lat' dir='ltr'>viri</span> <span class='ocrx_word' id='word_1_194' title='bbox 1769 1266 1897 1331; x_wconf 89' lang='lat' dir='ltr'>justi</span> <span class='ocrx_word' id='word_1_195' title='bbox 1937 1267 2313 1333; x_wconf 88' lang='lat' dir='ltr'>conquiescere</span> <span class='ocrx_word' id='word_1_196' title='bbox 2340 1265 2426 1317; x_wconf 85' lang='lat' dir='ltr'>fa·—</span> 
     </span>
     <span class='ocr_line' id='line_1_40' title="bbox 1354 1336 2424 1402; baseline 0 -16"><span class='ocrx_word' id='word_1_197' title='bbox 1354 1337 1445 1397; x_wconf 90' lang='lat' dir='ltr'>cit,</span> <span class='ocrx_word' id='word_1_198' title='bbox 1482 1346 1536 1387; x_wconf 91' lang='lat' dir='ltr'>et</span> <span class='ocrx_word' id='word_1_199' title='bbox 1568 1351 1693 1386; x_wconf 91' lang='lat' dir='ltr'>eum</span> <span class='ocrx_word' id='word_1_200' title='bbox 1735 1336 1839 1387; x_wconf 91' lang='lat' dir='ltr'>sibi</span> <span class='ocrx_word' id='word_1_201' title='bbox 1872 1337 2039 1387; x_wconf 90' lang='lat' dir='ltr'>libere</span> <span class='ocrx_word' id='word_1_202' title='bbox 2067 1337 2268 1388; x_wconf 86' lang='lat' dir='ltr'>servire</span> <span class='ocrx_word' id='word_1_203' title='bbox 2298 1352 2424 1402; x_wconf 89' lang='lat' dir='ltr'>per-</span> 
     </span>
     <span class='ocr_line' id='line_1_41' title="bbox 1356 1406 2425 1480; baseline 0.002 -24"><span class='ocrx_word' id='word_1_204' title='bbox 1356 1406 1542 1456; x_wconf 88' lang='lat' dir='ltr'>mittit.</span> <span class='ocrx_word' id='word_1_205' title='bbox 1610 1407 1706 1457; x_wconf 81' lang='lat' dir='ltr'>Fit</span> <span class='ocrx_word' id='word_1_206' title='bbox 1766 1417 1945 1456; x_wconf 87' lang='lat' dir='ltr'>autem</span> <span class='ocrx_word' id='word_1_207' title='bbox 2014 1417 2144 1457; x_wconf 91' lang='lat' dir='ltr'>tunc</span> <span class='ocrx_word' id='word_1_208' title='bbox 2220 1422 2425 1480; x_wconf 79' lang='lat' dir='ltr'>magna</span> 
     </span>
     <span class='ocr_line' id='line_1_42' title="bbox 1357 1476 2425 1543; baseline 0.002 -17"><span class='ocrx_word' id='word_1_209' title='bbox 1357 1476 1725 1542; x_wconf 82' lang='lat' dir='ltr'>tranquillitas</span> <span class='ocrx_word' id='word_1_210' title='bbox 1735 1516 1754 1541; x_wconf 93' lang='lat'>,</span> <span class='ocrx_word' id='word_1_211' title='bbox 1806 1477 1936 1543; x_wconf 89' lang='lat' dir='ltr'>quia</span> <span class='ocrx_word' id='word_1_212' title='bbox 1977 1478 2219 1543; x_wconf 88' lang='lat' dir='ltr'>expulsis</span> <span class='ocrx_word' id='word_1_213' title='bbox 2250 1479 2425 1528; x_wconf 89' lang='lat' dir='ltr'>mala-</span> 
     </span>
     <span class='ocr_line' id='line_1_43' title="bbox 1355 1549 2425 1611; baseline 0.002 -12"><span class='ocrx_word' id='word_1_214' title='bbox 1355 1564 1477 1600; x_wconf 90' lang='lat' dir='ltr'>rum</span> <span class='ocrx_word' id='word_1_215' title='bbox 1514 1549 1870 1600; x_wconf 89' lang='lat' dir='ltr'>tentationum</span> <span class='ocrx_word' id='word_1_216' title='bbox 1912 1550 2207 1611; x_wconf 88' lang='lat' dir='ltr'>radicibus,</span> <span class='ocrx_word' id='word_1_217' title='bbox 2247 1550 2425 1602; x_wconf 86' lang='lat' dir='ltr'>virtu-</span> 
     </span>
     <span class='ocr_line' id='line_1_44' title="bbox 1356 1622 2423 1689; baseline 0.001 -17"><span class='ocrx_word' id='word_1_218' title='bbox 1356 1631 1436 1672; x_wconf 91' lang='lat' dir='ltr'>tes</span> <span class='ocrx_word' id='word_1_219' title='bbox 1481 1622 1707 1682; x_wconf 85' lang='lat' dir='ltr'>animae,</span> <span class='ocrx_word' id='word_1_220' title='bbox 1754 1632 1806 1673; x_wconf 90' lang='lat' dir='ltr'>et</span> <span class='ocrx_word' id='word_1_221' title='bbox 1849 1639 1909 1673; x_wconf 90' lang='lat' dir='ltr'>ea</span> <span class='ocrx_word' id='word_1_222' title='bbox 1950 1638 2072 1689; x_wconf 85' lang='lat' dir='ltr'>quae</span> <span class='ocrx_word' id='word_1_223' title='bbox 2118 1623 2269 1689; x_wconf 89' lang='lat' dir='ltr'>prius</span> <span class='ocrx_word' id='word_1_224' title='bbox 2310 1638 2423 1674; x_wconf 91' lang='lat' dir='ltr'>non</span> 
     </span>
     <span class='ocr_line' id='line_1_45' title="bbox 1355 1694 2425 1762; baseline 0.001 -17"><span class='ocrx_word' id='word_1_225' title='bbox 1355 1695 1476 1745; x_wconf 91' lang='lat' dir='ltr'>sine</span> <span class='ocrx_word' id='word_1_226' title='bbox 1502 1694 1792 1745; x_wconf 87' lang='lat' dir='ltr'>formidine</span> <span class='ocrx_word' id='word_1_227' title='bbox 1821 1696 2156 1756; x_wconf 86' lang='lat' dir='ltr'>observabat,</span> <span class='ocrx_word' id='word_1_228' title='bbox 2189 1704 2425 1762; x_wconf 89' lang='lat' dir='ltr'>postmo-</span> 
     </span>
     <span class='ocr_line' id='line_1_46' title="bbox 1354 1765 2423 1831; baseline 0.003 -16"><span class='ocrx_word' id='word_1_229' title='bbox 1354 1766 1488 1815; x_wconf 91' lang='lat' dir='ltr'>dum</span> <span class='ocrx_word' id='word_1_230' title='bbox 1532 1765 1679 1816; x_wconf 85' lang='lat' dir='ltr'>velut</span> <span class='ocrx_word' id='word_1_231' title='bbox 1718 1766 2028 1816; x_wconf 88' lang='lat' dir='ltr'>naturaliter</span> <span class='ocrx_word' id='word_1_232' title='bbox 2078 1781 2173 1831; x_wconf 92' lang='lat' dir='ltr'>per</span> <span class='ocrx_word' id='word_1_233' title='bbox 2223 1766 2423 1819; x_wconf 88' lang='lat' dir='ltr'>bonam</span> 
     </span>
     <span class='ocr_line' id='line_1_47' title="bbox 1354 1836 2422 1902; baseline 0 -16"><span class='ocrx_word' id='word_1_234' title='bbox 1354 1837 1801 1887; x_wconf 88' lang='lat' dir='ltr'>consuetudinem</span> <span class='ocrx_word' id='word_1_235' title='bbox 1865 1836 2135 1887; x_wconf 89' lang='lat' dir='ltr'>custodire</span> <span class='ocrx_word' id='word_1_236' title='bbox 2194 1836 2422 1902; x_wconf 89' lang='lat' dir='ltr'>incipit,</span> 
     </span>
     <span class='ocr_line' id='line_1_48' title="bbox 1354 1907 2421 1973; baseline -0.001 -16"><span class='ocrx_word' id='word_1_237' title='bbox 1354 1908 1594 1972; x_wconf 86' lang='lat' dir='ltr'>gaudens</span> <span class='ocrx_word' id='word_1_238' title='bbox 1629 1922 1750 1957; x_wconf 90' lang='lat' dir='ltr'>cum</span> <span class='ocrx_word' id='word_1_239' title='bbox 1788 1907 2057 1973; x_wconf 88' lang='lat' dir='ltr'>Propheta</span> <span class='ocrx_word' id='word_1_240' title='bbox 2082 1916 2135 1957; x_wconf 90' lang='lat' dir='ltr'>et</span> <span class='ocrx_word' id='word_1_241' title='bbox 2165 1917 2385 1958; x_wconf 89' lang='lat' dir='ltr'>cantans</span> <span class='ocrx_word' id='word_1_242' title='bbox 2402 1922 2421 1956; x_wconf 78' lang='lat' dir='ltr'>t</span> 
     </span>
     <span class='ocr_line' id='line_1_49' title="bbox 1354 1976 2420 2043; baseline -0.001 -16"><span class='ocrx_word' id='word_1_243' title='bbox 1354 1977 1634 2028; x_wconf 82' lang='lat' dir='ltr'>Declinate</span> <span class='ocrx_word' id='word_1_244' title='bbox 1665 1991 1701 2027; x_wconf 87' lang='lat' dir='ltr'>a</span> <span class='ocrx_word' id='word_1_245' title='bbox 1733 1992 1814 2027; x_wconf 86' lang='lat' dir='ltr'>me</span> <span class='ocrx_word' id='word_1_246' title='bbox 1840 1976 2086 2043; x_wconf 80' lang='lat' dir='ltr'>maligni,</span> <span class='ocrx_word' id='word_1_247' title='bbox 2126 1982 2178 2027; x_wconf 83' lang='lat' dir='ltr'>et</span> <span class='ocrx_word' id='word_1_248' title='bbox 2203 1982 2420 2027; x_wconf 81' lang='lat' dir='ltr'>scruta-</span> 
     </span>
     <span class='ocr_line' id='line_1_50' title="bbox 1355 2046 2422 2112; baseline -0.001 -15"><span class='ocrx_word' id='word_1_249' title='bbox 1355 2047 1452 2097; x_wconf 84' lang='lat' dir='ltr'>bor</span> <span class='ocrx_word' id='word_1_250' title='bbox 1478 2046 1734 2096; x_wconf 78' lang='lat' dir='ltr'>mandata</span> <span class='ocrx_word' id='word_1_251' title='bbox 1760 2046 1866 2096; x_wconf 89' lang='lat' dir='ltr'>Dei</span> <span class='ocrx_word' id='word_1_252' title='bbox 1888 2046 1992 2097; x_wconf 89' lang='lat' dir='ltr'>mei</span> <span class='ocrx_word' id='word_1_253' title='bbox 2001 2063 2023 2109; x_wconf 89' lang='lat'><em>;</em></span> <span class='ocrx_word' id='word_1_254' title='bbox 2048 2046 2232 2112; x_wconf 89' lang='lat' dir='ltr'>sicque</span> <span class='ocrx_word' id='word_1_255' title='bbox 2253 2056 2422 2096; x_wconf 86' lang='lat' dir='ltr'>trans-</span> 
     </span>
     <span class='ocr_line' id='line_1_51' title="bbox 1354 2116 2422 2183; baseline 0 -17"><span class='ocrx_word' id='word_1_256' title='bbox 1354 2117 1601 2183; x_wconf 88' lang='lat' dir='ltr'>navigato</span> <span class='ocrx_word' id='word_1_257' title='bbox 1632 2117 1788 2178; x_wconf 91' lang='lat' dir='ltr'>mari,</span> <span class='ocrx_word' id='word_1_258' title='bbox 1826 2127 1880 2168; x_wconf 94' lang='lat' dir='ltr'>et</span> <span class='ocrx_word' id='word_1_259' title='bbox 1917 2118 2081 2181; x_wconf 89' lang='lat' dir='ltr'>hujus</span> <span class='ocrx_word' id='word_1_260' title='bbox 2115 2116 2280 2168; x_wconf 90' lang='lat' dir='ltr'>seculi</span> <span class='ocrx_word' id='word_1_261' title='bbox 2312 2116 2422 2167; x_wconf 90' lang='lat' dir='ltr'>flu-</span> 
     </span>
     <span class='ocr_line' id='line_1_52' title="bbox 1354 2189 2420 2258; baseline 0 -17"><span class='ocrx_word' id='word_1_262' title='bbox 1354 2190 1532 2241; x_wconf 90' lang='lat' dir='ltr'>ctibus</span> <span class='ocrx_word' id='word_1_263' title='bbox 1571 2191 1907 2251; x_wconf 74' lang='lat' dir='ltr'>calcati3,.ad</span> <span class='ocrx_word' id='word_1_264' title='bbox 1942 2199 2157 2258; x_wconf 89' lang='lat' dir='ltr'>portum</span> <span class='ocrx_word' id='word_1_265' title='bbox 2196 2189 2420 2242; x_wconf 85' lang='lat' dir='ltr'>feliciter</span> 
     </span>
     <span class='ocr_line' id='line_1_53' title="bbox 1356 2262 1867 2330; baseline 0 -16"><span class='ocrx_word' id='word_1_266' title='bbox 1356 2263 1596 2328; x_wconf 84' lang='lat' dir='ltr'>pervenit</span> <span class='ocrx_word' id='word_1_267' title='bbox 1619 2262 1867 2330; x_wconf 87' lang='lat' dir='ltr'>paradisi.</span> 
     </span>
    </p>
   </div>
   <div class='ocr_carea' id='block_1_4' title="bbox 1164 2460 1441 2511">
    <p class='ocr_par' dir='ltr' id='par_1_4' title="bbox 1164 2460 1441 2511">
     <span class='ocr_line' id='line_1_54' title="bbox 1164 2460 1441 2511; baseline 0.004 -1"><span class='ocrx_word' id='word_1_268' title='bbox 1164 2460 1441 2511; x_wconf 88' lang='lat' dir='ltr'>ORATIO</span> 
     </span>
    </p>
   </div>
   <div class='ocr_carea' id='block_1_5' title="bbox 175 2627 2422 3126">
    <p class='ocr_par' dir='ltr' id='par_1_5' title="bbox 175 2627 2422 3126">
     <span class='ocr_line' id='line_1_55' title="bbox 242 2627 2422 2695; baseline 0.002 -16"><span class='ocrx_word' id='word_1_269' title='bbox 242 2628 475 2679; x_wconf 89' lang='lat' dir='ltr'>Domine</span> <span class='ocrx_word' id='word_1_270' title='bbox 508 2629 635 2679; x_wconf 84' lang='lat' dir='ltr'>Jesu</span> <span class='ocrx_word' id='word_1_271' title='bbox 680 2627 912 2689; x_wconf 89' lang='lat' dir='ltr'>Christe,</span> <span class='ocrx_word' id='word_1_272' title='bbox 958 2629 1163 2695; x_wconf 90' lang='lat' dir='ltr'>impera</span> <span class='ocrx_word' id='word_1_273' title='bbox 1189 2629 1597 2695; x_wconf 88' lang='lat' dir='ltr'>suggestionum</span> <span class='ocrx_word' id='word_1_274' title='bbox 1629 2640 1683 2680; x_wconf 87' lang='lat' dir='ltr'>et</span> <span class='ocrx_word' id='word_1_275' title='bbox 1713 2629 2074 2684; x_wconf 89' lang='lat' dir='ltr'>tentationum</span> <span class='ocrx_word' id='word_1_276' title='bbox 2115 2632 2331 2683; x_wconf 89' lang='lat' dir='ltr'>flatibus</span> <span class='ocrx_word' id='word_1_277' title='bbox 2370 2642 2422 2683; x_wconf 90' lang='lat' dir='ltr'>et</span> 
     </span>
     <span class='ocr_line' id='line_1_56' title="bbox 180 2698 2422 2769; baseline 0.002 -21"><span class='ocrx_word' id='word_1_278' title='bbox 180 2698 453 2762; x_wconf 82' lang='lat' dir='ltr'>motibus3</span> <span class='ocrx_word' id='word_1_279' title='bbox 491 2698 609 2749; x_wconf 87' lang='lat' dir='ltr'>veni</span> <span class='ocrx_word' id='word_1_280' title='bbox 647 2709 700 2749; x_wconf 90' lang='lat' dir='ltr'>et</span> <span class='ocrx_word' id='word_1_281' title='bbox 726 2700 943 2764; x_wconf 88' lang='lat' dir='ltr'>gradere</span> <span class='ocrx_word' id='word_1_282' title='bbox 975 2715 1137 2766; x_wconf 91' lang='lat' dir='ltr'>super</span> <span class='ocrx_word' id='word_1_283' title='bbox 1169 2700 1345 2751; x_wconf 85' lang='lat' dir='ltr'>cordis</span> <span class='ocrx_word' id='word_1_284' title='bbox 1382 2700 1594 2760; x_wconf 74' lang='lat' dir='ltr'>fluctuS,</span> <span class='ocrx_word' id='word_1_285' title='bbox 1618 2710 1670 2750; x_wconf 90' lang='lat' dir='ltr'>et</span> <span class='ocrx_word' id='word_1_286' title='bbox 1698 2715 1885 2752; x_wconf 91' lang='lat' dir='ltr'>serena</span> <span class='ocrx_word' id='word_1_287' title='bbox 1910 2712 1962 2753; x_wconf 91' lang='lat' dir='ltr'>et</span> <span class='ocrx_word' id='word_1_288' title='bbox 1980 2703 2271 2769; x_wconf 87' lang='lat' dir='ltr'>tranquilla</span> <span class='ocrx_word' id='word_1_289' title='bbox 2290 2702 2422 2753; x_wconf 88' lang='lat' dir='ltr'>fiant</span> 
     </span>
     <span class='ocr_line' id='line_1_57' title="bbox 175 2769 2421 2841; baseline 0.002 -22"><span class='ocrx_word' id='word_1_290' title='bbox 175 2769 364 2820; x_wconf 91' lang='lat' dir='ltr'>omnia</span> <span class='ocrx_word' id='word_1_291' title='bbox 393 2785 527 2820; x_wconf 89' lang='lat' dir='ltr'>mea.</span> <span class='ocrx_word' id='word_1_292' title='bbox 559 2770 878 2836; x_wconf 88' lang='lat' dir='ltr'>Requiescat</span> <span class='ocrx_word' id='word_1_293' title='bbox 906 2770 963 2821; x_wconf 91' lang='lat' dir='ltr'>in</span> <span class='ocrx_word' id='word_1_294' title='bbox 996 2781 1066 2832; x_wconf 90' lang='lat' dir='ltr'>te,</span> <span class='ocrx_word' id='word_1_295' title='bbox 1096 2772 1241 2822; x_wconf 89' lang='lat' dir='ltr'>Deus</span> <span class='ocrx_word' id='word_1_296' title='bbox 1272 2787 1444 2831; x_wconf 91' lang='lat' dir='ltr'>meus,</span> <span class='ocrx_word' id='word_1_297' title='bbox 1482 2787 1575 2822; x_wconf 90' lang='lat' dir='ltr'>cor</span> <span class='ocrx_word' id='word_1_298' title='bbox 1604 2787 1819 2837; x_wconf 90' lang='lat' dir='ltr'>meum;</span> <span class='ocrx_word' id='word_1_299' title='bbox 1859 2788 1950 2823; x_wconf 92' lang='lat' dir='ltr'>cor</span> <span class='ocrx_word' id='word_1_300' title='bbox 1983 2790 2130 2825; x_wconf 89' lang='lat' dir='ltr'>mare</span> <span class='ocrx_word' id='word_1_301' title='bbox 2164 2790 2421 2841; x_wconf 88' lang='lat' dir='ltr'>magnum</span> 
     </span>
     <span class='ocr_line' id='line_1_58' title="bbox 180 2840 2421 2910; baseline 0.002 -20"><span class='ocrx_word' id='word_1_302' title='bbox 180 2850 401 2890; x_wconf 89' lang='lat' dir='ltr'>tumens</span> <span class='ocrx_word' id='word_1_303' title='bbox 428 2840 687 2891; x_wconf 89' lang='lat' dir='ltr'>fluctibus</span> <span class='ocrx_word' id='word_1_304' title='bbox 724 2841 952 2892; x_wconf 89' lang='lat' dir='ltr'>dormiat</span> <span class='ocrx_word' id='word_1_305' title='bbox 979 2842 1047 2892; x_wconf 86' lang='lat' dir='ltr'>ab</span> <span class='ocrx_word' id='word_1_306' title='bbox 1075 2842 1334 2892; x_wconf 89' lang='lat' dir='ltr'>omnibus</span> <span class='ocrx_word' id='word_1_307' title='bbox 1360 2857 1486 2907; x_wconf 88' lang='lat' dir='ltr'>quae</span> <span class='ocrx_word' id='word_1_308' title='bbox 1518 2843 1622 2892; x_wconf 92' lang='lat' dir='ltr'>sub</span> <span class='ocrx_word' id='word_1_309' title='bbox 1660 2845 1796 2893; x_wconf 89' lang='lat' dir='ltr'>coelo</span> <span class='ocrx_word' id='word_1_310' title='bbox 1824 2854 1971 2904; x_wconf 90' lang='lat' dir='ltr'>sunt,</span> <span class='ocrx_word' id='word_1_311' title='bbox 2001 2844 2233 2910; x_wconf 86' lang='lat' dir='ltr'>vigilans</span> <span class='ocrx_word' id='word_1_312' title='bbox 2263 2845 2320 2894; x_wconf 87' lang='lat' dir='ltr'>in</span> <span class='ocrx_word' id='word_1_313' title='bbox 2349 2854 2421 2904; x_wconf 89' lang='lat' dir='ltr'>te,</span> 
     </span>
     <span class='ocr_line' id='line_1_59' title="bbox 183 2914 2422 2982; baseline 0.002 -20"><span class='ocrx_word' id='word_1_314' title='bbox 183 2922 452 2978; x_wconf 89' lang='lat' dir='ltr'>quatenus</span> <span class='ocrx_word' id='word_1_315' title='bbox 487 2914 775 2979; x_wconf 89' lang='lat' dir='ltr'>amplectar</span> <span class='ocrx_word' id='word_1_316' title='bbox 801 2923 853 2964; x_wconf 84' lang='lat' dir='ltr'>tc</span> <span class='ocrx_word' id='word_1_317' title='bbox 879 2930 1053 2965; x_wconf 91' lang='lat' dir='ltr'>unum</span> <span class='ocrx_word' id='word_1_318' title='bbox 1085 2914 1288 2965; x_wconf 88' lang='lat' dir='ltr'>bonum</span> <span class='ocrx_word' id='word_1_319' title='bbox 1315 2930 1518 2975; x_wconf 88' lang='lat' dir='ltr'>meum,</span> <span class='ocrx_word' id='word_1_320' title='bbox 1548 2925 1601 2965; x_wconf 90' lang='lat' dir='ltr'>et</span> <span class='ocrx_word' id='word_1_321' title='bbox 1646 2917 1977 2982; x_wconf 91' lang='lat' dir='ltr'>contempler</span> <span class='ocrx_word' id='word_1_322' title='bbox 2000 2927 2052 2968; x_wconf 88' lang='lat' dir='ltr'>te</span> <span class='ocrx_word' id='word_1_323' title='bbox 2076 2918 2260 2969; x_wconf 88' lang='lat' dir='ltr'>lumen</span> <span class='ocrx_word' id='word_1_324' title='bbox 2287 2932 2422 2967; x_wconf 90' lang='lat' dir='ltr'>ocu-</span> 
     </span>
     <span class='ocr_line' id='line_1_60' title="bbox 181 2985 2421 3054; baseline 0.001 -20"><span class='ocrx_word' id='word_1_325' title='bbox 181 2985 361 3034; x_wconf 92' lang='lat' dir='ltr'>lorum</span> <span class='ocrx_word' id='word_1_326' title='bbox 416 3000 690 3050; x_wconf 88' lang='lat' dir='ltr'>meorum,</span> <span class='ocrx_word' id='word_1_327' title='bbox 732 2995 785 3036; x_wconf 91' lang='lat' dir='ltr'>et</span> <span class='ocrx_word' id='word_1_328' title='bbox 827 2986 1165 3037; x_wconf 76' lang='lat' dir='ltr'>laetabundus</span> <span class='ocrx_word' id='word_1_329' title='bbox 1215 2996 1424 3036; x_wconf 87' lang='lat' dir='ltr'>cantem</span> <span class='ocrx_word' id='word_1_330' title='bbox 1465 2996 1519 3037; x_wconf 91' lang='lat' dir='ltr'>et</span> <span class='ocrx_word' id='word_1_331' title='bbox 1561 2987 1732 3037; x_wconf 92' lang='lat' dir='ltr'>dicam</span> <span class='ocrx_word' id='word_1_332' title='bbox 1771 2988 1944 3054; x_wconf 84' lang='lat' dir='ltr'>:Ego</span> <span class='ocrx_word' id='word_1_333' title='bbox 1988 2990 2197 3042; x_wconf 84' lang='lat' dir='ltr'>dormio</span> <span class='ocrx_word' id='word_1_334' title='bbox 2231 2996 2284 3040; x_wconf 84' lang='lat' dir='ltr'>et</span> <span class='ocrx_word' id='word_1_335' title='bbox 2326 3002 2421 3039; x_wconf 82' lang='lat' dir='ltr'>cor</span> 
     </span>
     <span class='ocr_line' id='line_1_61' title="bbox 184 3056 2420 3126; baseline 0.003 -20"><span class='ocrx_word' id='word_1_336' title='bbox 184 3070 353 3107; x_wconf 86' lang='lat' dir='ltr'>meum</span> <span class='ocrx_word' id='word_1_337' title='bbox 369 3056 568 3123; x_wconf 81' lang='lat' dir='ltr'>vigilat</span> <span class='ocrx_word' id='word_1_338' title='bbox 577 3073 600 3120; x_wconf 89' lang='lat'>,·</span> <span class='ocrx_word' id='word_1_339' title='bbox 624 3067 676 3108; x_wconf 93' lang='lat' dir='ltr'>et</span> <span class='ocrx_word' id='word_1_340' title='bbox 707 3057 840 3108; x_wconf 86' lang='lat' dir='ltr'>illud</span> <span class='ocrx_word' id='word_1_341' title='bbox 865 3074 879 3107; x_wconf 76' lang='grc' dir='ltr'><strong><em>ε</em></strong></span> <span class='ocrx_word' id='word_1_342' title='bbox 902 3058 965 3109; x_wconf 88' lang='lat' dir='ltr'>In</span> <span class='ocrx_word' id='word_1_343' title='bbox 980 3071 1120 3124; x_wconf 80' lang='lat' dir='ltr'>pace</span> <span class='ocrx_word' id='word_1_344' title='bbox 1147 3057 1200 3107; x_wconf 86' lang='lat' dir='ltr'>in</span> <span class='ocrx_word' id='word_1_345' title='bbox 1226 3057 1475 3123; x_wconf 78' lang='lat' dir='ltr'>idipsum,</span> <span class='ocrx_word' id='word_1_346' title='bbox 1503 3058 1767 3110; x_wconf 83' lang='lat' dir='ltr'>dormiam</span> <span class='ocrx_word' id='word_1_347' title='bbox 1790 3064 1842 3109; x_wconf 79' lang='lat' dir='ltr'>et</span> <span class='ocrx_word' id='word_1_348' title='bbox 1859 3061 2420 3126; x_wconf 83' lang='lat' dir='ltr'>requiescam.Amen.</span> 
     </span>
    </p>
   </div>
  </div>
 </body>
</html>
