2784 4452
244 332 343 387 132

234 451 519 518 suggessit.
548 451 632 500 Ab
648 449 750 500 hoc
771 448 991 514 templo,
1011 446 1299 498 vendentes

230 532 284 573 et
320 530 559 572 ementes
582 520 753 585 ejecit,
781 535 841 569 ac
886 533 1097 568 mensas
1132 534 1297 568 num-

232 592 609 651 mulariorum,
644 600 695 641 et
725 590 1001 641 cathedras
1020 589 1294 638 columbas

223 662 573 714 vendentium
622 660 828 712 evertit.
856 660 915 709 ln
945 660 1146 724 templo
1172 658 1291 719 hoc,

220 734 354 785 dum
384 742 684 783 moraretur
713 731 769 781 in
794 730 1107 793 Jerusalem,
1130 730 1293 779 doce-

219 806 313 856 bat
349 805 594 862 Judaeos,
638 802 762 852 licet
803 817 926 851 eum
959 801 1290 851 aemulantes.

220 877 282 927 In
306 875 511 941 templo
562 873 682 931 hoc,
721 871 969 922 liberavit
998 872 1291 921 adulteram

219 949 288 999 ab
346 945 726 999 accusantibus
773 959 909 994 eam.
970 944 1293 994 Imminente

217 1019 381 1070 etiam
413 1018 527 1083 ejus
557 1014 807 1082 passione
831 1053 845 1075 ,
903 1024 1013 1064 tota
1050 1014 1136 1064 die
1182 1024 1293 1064 erat

216 1089 278 1139 in
299 1088 502 1154 templo
526 1086 629 1135 hoc
678 1084 893 1145 docenS,
921 1094 973 1134 et
995 1099 1209 1150 vespere
1233 1083 1289 1133 in
1328 1091 1333 1098 ‘

218 1158 539 1210 Bethaniam
569 1155 840 1205 secedens.
895 1155 1069 1219 Hujus
1103 1154 1290 1220 templi

215 1231 400 1281 velum
433 1227 488 1279 in
520 1236 692 1277 morte
730 1227 844 1291 ejus
888 1226 1116 1276 scissum
1150 1236 1230 1275 est
1261 1242 1292 1277 a

217 1315 436 1353 summo
479 1313 653 1364 usque
689 1298 959 1357 deorsum,
994 1307 1053 1348 ut
1092 1307 1292 1361 pateret

215 1371 472 1426 introitus
499 1372 564 1421 ad
607 1381 785 1422 sancta
837 1380 1165 1421 sanctorum.
1206 1371 1290 1421 Ab

218 1443 386 1508 hujus
414 1442 602 1507 templi
632 1441 940 1506 pinnacu10‚
974 1456 1161 1491 versus
1184 1456 1291 1491 me·

216 1516 430 1576 ridiem,
464 1515 650 1564 beatus
689 1515 919 1565 ,lacobus
977 1514 1287 1579 Apostolus»,

216 1589 428 1655 primus
457 1589 559 1638 sub
592 1588 780 1655 gratia,
828 1588 1287 1652 Jerosolymorum

215 1660 533 1727 EpiscopuS,
560 1659 855 1725 praedicans
905 1658 1286 1724 praecipitatuS,

214 1730 417 1797 pertica
440 1729 666 1781 fullonis
696 1745 999 1795 percussuS,
1031 1730 1287 1795 martyrio

213 1812 295 1855 est
321 1813 619 1853 coronatus,
642 1804 782 1853 Inter
816 1803 918 1852 hoc
950 1803 1211 1867 ternplum
1236 1812 1288 1852 et

214 1875 395 1937 altare,
416 1877 562 1942 quod
587 1884 666 1925 est
693 1886 813 1925 ante
839 1874 1120 1940 ternplum,
1136 1874 1284 1933 foris,

215 1947 274 1998 in
301 1948 458 2008 atriO,
492 1949 557 1998 ad
594 1947 898 2007 meridiem,
926 1946 1208 1997 Zacharias
1230 1946 1287 1997 fi-

218 2020 328 2071 lius
387 2020 687 2080 Barachiae,
748 2030 951 2086 martyr
1012 2019 1282 2069 occubuit.

212 2093 399 2160 Ipsum
452 2109 578 2144 vero
654 2094 916 2159 templum
989 2093 1283 2142 rotundum

213 2173 419 2215 constat
449 2179 514 2214 ex
565 2173 684 2214 octo
734 2163 1025 2230 parietibus
1062 2163 1284 2213 conclu-

212 2252 356 2296 sum,
384 2236 617 2287 exterius
665 2251 759 2302 per
800 2234 1111 2295 circuitum,
1143 2234 1284 2285 inte-

212 2306 330 2357 rius
361 2323 488 2357 vero
511 2305 819 2373 ingentibus
849 2305 1116 2356 columnis
1140 2322 1285 2356 mar-

213 2376 415 2426 moreis
473 2393 569 2443 per
632 2376 890 2439 trivium;
965 2376 1021 2426 in
1105 2377 1283 2426 medio

212 2461 451 2512 quoque,
485 2446 599 2511 ipsa
639 2446 937 2506 altitudine,
970 2445 1023 2495 in
1059 2448 1282 2497 modum

212 2516 447 2568 fornacis
499 2527 578 2567 est
615 2517 926 2568 obductum.
966 2518 1064 2568 Est
1103 2530 1280 2569 autem

211 2588 535 2639 intrinsecus
592 2586 853 2652 scripturn
914 2587 971 2637 in
1027 2603 1282 2654 supremo

211 2659 401 2710 ordine
426 2676 441 2709 z
466 2657 629 2720 Audi,
660 2657 904 2721 Domine,
938 2659 1194 2727 hymnum
1231 2668 1283 2711 et

212 2732 525 2794 orationem,
557 2746 715 2798 quam
763 2746 952 2782 servus
1009 2737 1131 2782 tuus
1159 2741 1282 2784 orat

210 2817 394 2854 coram
451 2809 499 2853 te
549 2803 729 2866 hodie,
790 2809 847 2852 ut
892 2803 1000 2853 sint
1034 2803 1175 2853 oculi
1204 2805 1282 2854 tui

209 2874 388 2941 aperti
436 2888 598 2939 super
627 2874 836 2924 domum
870 2874 1053 2936 istam,
1083 2874 1169 2925 die
1214 2891 1279 2927 ac

211 2952 379 2997 nocte.
409 2947 469 2996 In
512 2962 846 3013 unoquoque
892 2963 1019 2998 vero
1059 2947 1276 3013 pariete,

206 3017 536 3068 extrinsecus
563 3017 745 3084 scripti
774 3028 900 3069 sunt
930 3018 1129 3084 singuli
1159 3019 1280 3070 isto·

205 3102 330 3138 rum
361 3103 615 3139 versuum
638 3089 689 3138 in
713 3089 956 3152 circuitu,
996 3090 1069 3141 ita
1093 3100 1151 3140 ut
1186 3107 1278 3157 per

205 3167 375 3210 totam
405 3159 672 3209 civitatem
697 3160 801 3227 legi
828 3161 1050 3217 possint.
1074 3162 1274 3213 Contra

207 3230 475 3281 civitatem
511 3249 525 3282 ε
555 3232 689 3282 Pax
719 3242 932 3293 aeterna,
970 3234 1037 3284 ab
1075 3244 1274 3285 aeterno

210 3304 381 3366 Patre,
414 3304 486 3355 sit
511 3304 633 3356 huic
665 3304 862 3356 domui.
902 3306 1103 3357 Contra
1135 3316 1276 3357 tem-

204 3374 358 3441 plum
401 3376 638 3426 militum
674 3376 863 3427 :Bene
905 3377 1146 3443 fundata
1196 3383 1278 3428 est

205 3444 396 3497 domus
416 3446 667 3510 Domini,
716 3461 885 3514 supra
899 3448 1125 3514 firmam
1169 3462 1274 3514 pe-

893 330 1134 382 PRIMAE
1167 329 1418 381 PARTIS
1449 331 1682 382 CAPUT
1713 330 1823 381 ΧΠ.

1411 454 1569 498 tram.
1602 448 1803 498 Contra
1834 447 2149 498 Bethaniam
2176 449 2340 499 :Non
2390 455 2474 500 est

1403 520 1490 570 hic
1516 520 1670 570 aliud
1719 520 1827 570 nisi
1849 520 2037 571 domus
2064 521 2184 583 Dei,
2222 527 2274 571 et
2304 528 2471 586 porta

1406 592 1545 643 coeli.
1567 592 1766 643 Contra
1790 602 2029 643 montem
2046 593 2244 644 Oliveti
2272 610 2285 642 ε
2311 592 2475 645 Beati

1403 664 1497 728 qui
1536 663 1779 713 habitant
1812 663 1865 713 in
1895 663 2049 715 domo
2080 671 2188 727 tua,
2223 665 2471 716 Domine.

1403 734 1601 784 Contra
1627 734 1820 783 vallem
1853 734 2107 799 -Josaphat
2138 752 2150 784 :
2177 735 2472 787 Benedicta

1401 805 1587 870 gloria
1625 805 1846 856 Domini
1876 805 1939 856 cie
1973 806 2086 857 loco
2114 812 2297 857 sancto
2334 806 2471 874 ejus,

1402 875 1597 940 Contra
1620 876 1910 925 claustrum
1931 876 2115 941 templi
2143 894 2156 926 :
2188 877 2252 927 In
2278 877 2472 943 templo

1399 948 1517 1015 ejus
1543 963 1724 999 omnes
1769 947 1943 999 dicent
1969 949 2236 1020 gloriam„
2272 949 2473 1001 Contra

1402 1030 1643 1069 montem
1678 1019 1808 1069 Sio'n
1851 1036 1863 1070 ε
1924 1020 2200 1086 Templum
2247 1020 2473 1071 Domini

1400 1097 1642 1140 sanctum
1672 1097 1780 1151 est,·
1820 1090 1927 1141 Dei
1978 1091 2323 1157 agricultura
2355 1098 2436 1142 est
2446 1107 2470 1155 ,⁶

1399 1161 1503 1212 Dei
1525 1162 1814 1229 aedtficatio
1841 1168 1938 1212 est.
1960 1164 2090 1213 ltem
2121 1173 2304 1213 contra
2331 1163 2471 1213 civi-

1400 1242 1564 1283 tatem
1592 1250 1605 1283 ε
1635 1233 1699 1283 In
1728 1232 1939 1284 domum
1983 1234 2204 1284 Domini
2225 1235 2467 1285 laetantes

1401 1304 1612 1354 ibimus.
1643 1304 1757 1353 Hoc
1777 1304 2040 1369 templum
2071 1304 2127 1354 in
2150 1318 2295 1370 parte
2314 1305 2470 1355 urbis

1399 1375 1640 1425 inferiori
1662 1385 1714 1425 et
1732 1375 1908 1426 vicina
1932 1375 2074 1425 muri
2094 1376 2159 1425 ad
2181 1376 2466 1437 orientem,

1400 1463 1495 1496 nec
1519 1448 1677 1512 longe
1705 1462 1736 1496 a
1755 1462 1929 1506 mum,
1961 1447 2027 1496 ad
2055 1447 2336 1497 meridiem
2387 1458 2468 1499 est

1397 1519 1584 1569 situm.
1616 1520 1677 1569 In
1710 1519 1872 1584 hujus
1899 1518 2083 1584 templi
2109 1519 2346 1579 ecclesia,
2372 1535 2466 1570 so-

1398 1589 1576 1640 lebant
1606 1605 1722 1640 esse
1746 1606 1869 1640 cum
1894 1589 2082 1640 abbate
2111 1590 2359 1640 canonici
2391 1606 2468 1641 re-

1398 1661 1606 1726 gulares
1628 1699 1642 1720 ,
1702 1661 1996 1710 secundum
2050 1660 2290 1725 regulam
2324 1660 2478 1712 beati*

1396 1732 1705 1798 Augustini,
1734 1731 1970 1781 Domino
1997 1731 2305 1782 servientes·
2336 1733 2465 1782 Non

1396 1806 1553 1870 longe
1579 1814 1758 1854 autem
1786 1804 1853 1854 ab
1872 1804 1975 1853 hoc
2006 1804 2208 1869 templo
2222 1804 2466 1866 Domini,

1397 1886 1475 1927 est
1503 1877 1765 1942 templum
1794 1876 1940 1926 aliud
1986 1875 2264 1927 immensae
2296 1892 2467 1942 quan-

1395 1947 1582 2008 titatiS,
1632 1957 1686 1997 et
1723 1946 2054 2006 altitudiniS,
2100 1948 2243 2013 quod
2277 1948 2467 1999 domus

1395 2018 1587 2080 saltus,
1621 2017 1676 2067 id
1701 2027 1781 2068 est
1808 2017 1876 2068 de
1909 2018 2073 2084 lignis
2094 2018 2288 2068 Libani
2328 2018 2468 2069 dici-

1396 2098 1501 2148 tur,
1525 2099 1575 2139 et
1599 2090 1865 2154 templum
1890 2088 2198 2139 Salomonis
2213 2100 2463 2140 vocatur:

1395 2160 1524 2226 quia
1553 2161 1811 2211 Salomon
1842 2160 1917 2210 ibi
1968 2160 2207 2220 docebat,
2243 2171 2294 2210 et
2319 2161 2466 2226 judi-

1396 2232 1475 2282 cia
1507 2232 1764 2296 faciebat;
1802 2242 1854 2282 et
1878 2233 1942 2283 ad
1962 2231 2360 2282 distinctionem
2385 2233 2468 2282 al-

1397 2303 1563 2354 terius
1592 2303 1850 2369 praedicti,
1885 2303 2030 2369 quod
2063 2303 2361 2368 specialiter
2379 2319 2467 2370 ap-

1394 2377 1622 2444 pellatur
1641 2378 1903 2443 templum
1932 2376 2174 2427 Domini.

1460 2446 1523 2498 33
1569 2449 1766 2498 Josssrn
1797 2465 1863 2498 m·
1890 2450 2070 2498 MAmA
2100 2464 2132 2496 A
2157 2448 2465 2497 anusarmt

1391 2536 1689 2571 nncnntmr.
1719 2548 1779 2558 -—
1809 2521 1881 2571 Ut
1919 2536 2045 2586 ergo
2076 2519 2243 2570 Maria
2282 2530 2333 2569 et
2363 2520 2465 2570 ,Jo-

1391 2590 1527 2657 seph
1550 2591 1896 2657 perfecerunt
1919 2590 2096 2641 omnia
2125 2606 2247 2656 quae
2275 2605 2464 2641 secun-

1392 2663 1516 2712 dum
1531 2662 1729 2727 Legem
1754 2660 2100 2721 debebantur,
2126 2661 2266 2710 nihil
2294 2661 2465 2711 omit·

1389 2742 1590 2792 tenteS,
1646 2731 1894 2797 quamvis
1948 2747 2054 2780 non
2116 2740 2460 2791 tenerentur,

1390 2812 1720 2853 recesserunt
1762 2802 1827 2852 de
1880 2802 2176 2853 Jerusalem
2221 2803 2464 2852 volentes

1386 2874 1588 2925 reverti
1629 2875 1683 2924 in
1734 2872 2051 2935 Galilaeam,
2106 2874 2160 2923 in
2195 2873 2463 2924 civitatem

1388 2961 1541 2997 suam
1590 2945 1890 3013 Nazareth.
1949 2946 2073 2995 Erat
2115 2945 2354 3011 quidem,
2403 2955 2464 2996 ut

1387 3019 1517 3070 dicit
1541 3018 1883 3085 Theophilus,
1899 3033 2086 3068 eorum
2102 3017 2286 3068 civitas
2301 3017 2465 3067 Beth-

1386 3092 1564 3142 lehem
1614 3090 1748 3141 sicut
1797 3090 1990 3157 patria;
2041 3088 2299 3140 Nazareth
2336 3104 2462 3138 vero

1384 3172 1638 3228 tanquam
1682 3160 2063 3211 habitaculum.
2111 3161 2259 3211 Vade
2306 3168 2358 3209 et
2400 3169 2461 3210 tu

1385 3248 1599 3298 semper
1629 3247 1752 3280 cum
1787 3230 1881 3291 ei5‚
1927 3240 1979 3280 et
2005 3231 2194 3295 adjuva
2230 3244 2460 3295 puerum

1381 3306 1588 3366 Jesum,
1618 3313 1671 3354 et
1691 3301 1889 3354 servias
1916 3302 1993 3353 eis
2019 3302 2075 3353 in
2100 3301 2299 3369 quibus
2320 3310 2464 3366 pote-

1381 3376 1474 3429 riS.

1201 3669 1474 3722 ORATIO

264 3832 314 3883 Ο
345 3832 370 3882 J
377 3848 471 3885 esu
495 3836 893 3900 desiderabiliS,

963 3839 1019 3890 ui
1055 3838 1112 3890 in
1143 3840 1344 3905 templo
1376 3850 1432 3891 te
1476 3841 1618 3907 justo
1661 3840 1924 3901 simeoni,
1961 3850 2016 3892 te
2052 3841 2119 3892 ad
2159 3839 2452 3892 videndum

199 3900 553 3965 desideranti,
575 3908 640 3957 ad
656 3910 938 3974 amplexan
979 3925 1069 3959 um
1090 3909 1510 3961 misericorditer
1523 3910 1780 3971 tribuisti,
1797 3912 1977 3975 veni,J
1982 3927 2077 3963 esu
2095 3910 2452 3970 dulcissisme,

198 3979 252 4021 et
270 3980 383 4023 toto
408 3972 677 4028 desiderio
708 3988 760 4030 te
789 3980 1133 4046 exspectanti,
1153 3981 1389 4046 teipsum
1405 3981 1692 4034 clementer
1715 3983 1952 4049 indulge,
1976 3993 2028 4034 et
2047 3981 2313 4050 quidquid
2340 3980 2456 4030 im·-
