2784 4452
339 350 441 417 392

337 464 464 515 Haec
512 462 774 514 sententia
822 470 874 513 et
900 461 1201 513 similitudo
1234 460 1300 512 de
1328 476 1406 510 ar-

335 534 466 585 bore
521 533 609 583 hic
655 532 875 598 ponitur
929 542 1108 582 contra
1147 530 1405 597 hypocri-

335 603 460 664 sim,
485 602 782 669 specialiter
817 602 1124 653 Scribarum
1165 611 1217 651 et
1259 601 1405 650 Pha-

335 676 644 739 risaeorum;
691 675 784 726 sed
816 673 956 726 infra
989 675 1149 725 etiam
1183 672 1405 738 ponitur

334 758 520 800 contra
555 764 740 799 eorum
772 747 1032 798 malitiam
1065 755 1116 796 et
1147 744 1403 810 blasphe-

334 822 522 883 miam,
570 836 678 888 qua
706 820 953 870 dicebant
1008 817 1291 870 Christum
1343 817 1401 867 in

335 896 636 948 Beelzebub
661 894 848 959 ejicere
878 893 1168 944 daemonia.

401 965 435 1017 6
468 969 605 1018 Sons
636 981 826 1015 annom
866 980 970 1014 nou
1014 978 1236 1014 ransart
1277 977 1404 1012 rau·

336 1056 478 1091 crux
521 1054 699 1090 nomm
752 1053 1074 1088 ansanum.
1118 1065 1183 1075 —
1225 1036 1289 1087 Et
1338 1050 1405 1085 ne

338 1112 505 1178 tepidi
556 1119 741 1178 putent
788 1125 845 1160 se
892 1125 1007 1161 esse
1053 1109 1325 1160 immunes
1372 1123 1405 1157 a

337 1198 513 1250 poena,
551 1181 679 1248 quia
724 1180 866 1230 malo
904 1180 1189 1241 abstinent,
1229 1180 1405 1230 aliena

336 1272 449 1307 non
499 1257 729 1322 rapiunt,
765 1255 880 1306 sine
935 1256 1150 1321 querela
1185 1254 1401 1315 vivunt3

337 1331 515 1377 tame'n
569 1329 709 1379 bona
741 1343 850 1377 non
896 1326 1095 1392 agunt',
1142 1324 1405 1391 proximis

336 1413 448 1447 non
496 1399 914 1464 compatiuntur,
971 1412 1068 1447 sua
1122 1395 1405 1462 egentibus

335 1483 447 1518 non
488 1468 749 1529 tribuunt,
781 1468 900 1518 ideo
929 1467 1142 1517 additur
1171 1483 1185 1516 t
1219 1465 1405 1517 Omnis

335 1538 501 1589 arbor
523 1554 642 1605 quae
664 1555 766 1591 non
783 1539 931 1605 facit
944 1539 1190 1604 fructum
1216 1537 1404 1588 bonum

338 1610 636 1675 excidetur,
670 1611 725 1660 id
755 1620 835 1660 est
890 1609 1150 1660 sententia
1191 1608 1403 1674 judicis,

337 1696 370 1733 a
416 1682 685 1731 consortio
726 1681 973 1731 omnium
1034 1681 1303 1735 bonorum
1353 1690 1407 1729 et

337 1768 567 1804 numero
625 1752 865 1803 fidelium
913 1752 1276 1817 separabitur,
1322 1757 1403 1812 et,

339 1823 616 1875 sententiae
678 1822 991 1873 executione
1017 1861 1031 1882 ,
1076 1823 1142 1872 ab
1186 1821 1407 1888 Angelis

339 1893 671 1945 messoribus
704 1894 758 1943 in
787 1894 965 1960 ignem
1015 1903 1269 1943 aeternum
1314 1907 1408 1958 ge-

340 1967 539 2018 hennae
570 1967 824 2031 mittetur,
876 1966 971 2017 ubi
1017 1965 1254 2015 minatur
1293 1964 1408 2014 Do-

339 2037 541 2096 minus,
568 2036 938 2097 infructuosis,
970 2051 1180 2102 poenam
1205 2033 1409 2094 damni,

337 2111 465 2177 quia
483 2110 793 2161 excidentur
810 2126 841 2161 a
870 2121 1006 2162 terra
1024 2108 1338 2169 viventium,
1359 2117 1412 2159 et

337 2195 554 2248 poenam
601 2195 810 2245 sensus,
840 2179 968 2247 quia
1020 2179 1301 2230 mittentur
1353 2177 1411 2226 in

338 2250 517 2317 ignem
575 2260 857 2301 aeternum.
910 2251 1018 2300 Nec
1068 2247 1413 2315 exprobrabit

344 2323 637 2384 Dominus,
669 2324 814 2390 quod
855 2323 994 2373 mala
1035 2321 1276 2381 fecerint,
1319 2320 1412 2370 sed

335 2397 481 2462 quod
501 2396 642 2446 bona
663 2413 767 2447 non
786 2405 1026 2461 egerunt,
1043 2395 1256 2444 dicens:
1277 2392 1416 2443 Esu-

336 2467 460 2531 rivi,
496 2473 549 2518 et
587 2483 689 2519 non
743 2467 970 2518 dedistis
1011 2466 1141 2516 mihi
1183 2465 1413 2516 mandu-

337 2552 481 2603 care,
515 2550 614 2591 etc.
647 2542 713 2590 Et
739 2539 1018 2590 sciendum
1045 2540 1188 2605 quod
1205 2537 1411 2587 fructus

335 2610 517 2660 cordis
540 2621 668 2661 sunt
692 2627 705 2660 ε
732 2611 1005 2671 contritio,
1030 2609 1229 2659 divinae
1251 2607 1409 2674 Legis

337 2680 633 2741 meditatio,
668 2680 1047 2732 beneficiorum
1090 2679 1186 2731 Dei
1229 2695 1409 2731 recor-

337 2750 503 2812 datio,
545 2751 737 2802 mortis
785 2752 1121 2812 memoratiO,
1170 2750 1404 2817 proximi

337 2821 660 2887 compassio.
708 2823 936 2873 Fructus
993 2832 1173 2873 autem
1223 2821 1335 2872 oris
1390 2838 1404 2871 :

337 2891 529 2951 oratio,
563 2892 887 2957 praedicatiO,
917 2892 1208 2959 gratiarum
1244 2891 1404 2953 actio,

337 2962 647 3022 consilium,
673 2962 850 3013 fratris
872 2963 1099 3014 errantis
1129 2962 1403 3025 correcti0‚

337 3032 639 3099 ignorantis
681 3033 984 3086 instructio.
1023 3034 1250 3084 Fructus
1277 3049 1404 3084 vero

337 3103 517 3169 operis
558 3114 686 3154 sunt
728 3121 742 3155 z
785 3104 1126 3169 poenitentia,
1169 3105 1405 3157 eleemo-

337 3187 491 3240 syna,
518 3174 842 3235 obedientia,
870 3175 1255 3241 obsequiorum
1283 3174 1409 3224 dili-

337 3247 536 3313 gentia.
559 3247 862 3298 difficilium
885 3248 1182 3299 tolerantia.
1209 3248 1312 3298 Sed
1339 3262 1407 3297 ne

319 3330 591 3388 putemus
626 3322 692 3371 ad
731 3320 935 3372 fructus
971 3321 1078 3387 jam
1119 3322 1403 3387 pertinere,

337 3390 384 3441 si
418 3390 542 3457 quis
576 3391 717 3442 dicat
748 3409 763 3442 z
799 3391 1041 3453 Domine,
1073 3392 1318 3450 Domine,
1353 3401 1406 3442 et

337 3477 403 3514 ex
449 3478 512 3513 eo
560 3464 719 3514 nobis
765 3464 925 3514 arbor
974 3463 1111 3513 bona
1159 3463 1405 3514 videatur

337 3550 472 3596 esse,
504 3535 783 3601 subjungit
813 3551 827 3585 ε
870 3534 1013 3596 Quid
1038 3540 1211 3585 autem
1244 3550 1405 3586 voca-

340 3608 412 3659 tis
439 3623 536 3671 me,
568 3610 810 3672 Domine,
849 3615 902 3660 et
930 3623 1031 3659 non
1050 3608 1248 3674 facitis
1284 3622 1405 3674 quoe

319 3678 459 3734 ,dico
472 3678 507 3729 5>
524 3678 693 3740 Quasi
716 3680 870 3730 vellet
890 3679 1063 3728 dicere
1086 3677 1405 3743 hypocritis,

339 3760 393 3800 et
425 3749 725 3816 specialiter
758 3748 961 3799 Scribis
988 3758 1040 3799 et
1075 3747 1360 3798 Pharisaeis
1388 3764 1403 3797 :

339 3820 450 3871 Vos
489 3819 620 3871 estis
655 3820 872 3870 arbores
899 3818 1157 3869 habentes
1183 3817 1312 3869 folia
1339 3818 1410 3869 si-

341 3904 411 3940 ne
471 3890 662 3949 fructu,
712 3899 765 3940 et
819 3890 980 3941 verba
1037 3889 1157 3941 sine
1227 3906 1406 3957 opere,

338 3968 393 4011 et
432 3958 553 4009 ideo
598 3960 867 4012 maledicti
906 3960 1037 4010 tales
1073 3971 1219 4022 sunt,
1273 3961 1410 4012 sicut

978 346 1217 397 PRIMAE
1247 344 1494 396 PARTIS
1526 343 1759 395 CAPUT
1789 343 1900 394 XL.

1511 458 1701 511 salices
1729 459 1991 510 habentes
2017 456 2145 509 folia
2168 455 2371 508 similia
2395 456 2582 513 olivis,

1512 528 1603 580 sed
1643 528 1821 580 fructu
1860 538 2115 579 carentes.
2147 528 2387 578 Tantum
2435 527 2583 576 enim

1510 612 1590 651 est
1627 600 1767 651 inter
1792 601 1966 655 dicere
2005 611 2057 651 et
2096 599 2284 663 facere,
2313 610 2583 665 quantum

1511 673 1651 726 inter
1674 673 1803 725 folia
1826 684 1878 724 et
1899 673 2123 724 fructus.

1573 760 1604 809 7
1644 744 1937 795 Conri-:ssxo
1975 760 2115 794 Fumi
2159 759 2277 793 sum
2324 756 2586 793 ornamus

1508 830 1577 863 An
1609 829 1850 864 sauri-:u
1874 830 1979 864 non
2004 829 2258 863 surrtctr.
2283 841 2345 851 —
2375 811 2586 863 Deinde

1509 886 1761 947 ostendit,
1787 887 1933 953 quod
1963 887 2028 936 ad
2070 887 2296 936 salutem
2340 900 2455 934 non
2482 883 2589 934 suf-

1508 958 1695 1009 ficiunt
1719 959 1879 1009 verba
1911 958 2285 1021 confessioniS,
2317 958 2411 1008 sed
2438 957 2587 1024 quod

1509 1030 1741 1096 exigitur
1767 1031 2008 1081 executio
2041 1031 2240 1081 divinae
2266 1028 2588 1087 voluntatiS,

1509 1101 1691 1151 dicens
1718 1119 1733 1153 :
1762 1102 1888 1152 Non
1917 1102 2089 1153 omnis
2123 1102 2215 1167 qui
2253 1101 2587 1152 verbotenus

1512 1172 1735 1222 nomine
1767 1181 1978 1222 tantum
2016 1173 2148 1223 dicit
2176 1172 2305 1222 mihi
2339 1189 2356 1221 .·
2389 1171 2588 1221 Domi-

1510 1256 1589 1306 ne,
1621 1242 1862 1305 Domine,
1889 1241 2193 1293 confitendo
2222 1241 2385 1291 fidem
2406 1241 2588 1291 catho-

1510 1313 1688 1374 licam,
1719 1313 1940 1364 intrabit
1969 1318 2021 1364 in
2051 1328 2277 1380 regnum
2307 1313 2587 1363 coelorum.

1511 1383 1795 1435 Confessio
1818 1384 1964 1434 enim
1989 1383 2132 1443 fidei,
2160 1384 2279 1434 sine
2305 1383 2585 1450 operibus,

1514 1471 1624 1504 non
1667 1453 1865 1506 sufficit
1903 1456 1967 1505 ad
2010 1455 2257 1514 salutem,
2287 1454 2419 1519 quia
2466 1452 2589 1503 talis

1499 1524 1648 1591 fides
1689 1531 1899 1576 mortua
1927 1531 2023 1587 est,
2056 1524 2194 1575 sicut
2225 1524 2463 1583 illorum,
2493 1522 2586 1589 qui

1513 1597 1683 1646 Deum
1728 1611 1819 1646 ore
1848 1595 2186 1653 confitentur.
2204 1595 2382 1661 factis
2409 1600 2588 1644 autem

1512 1672 1729 1732 negant.
1756 1666 1842 1716 Sic
1866 1667 2028 1715 modo
2054 1664 2274 1732 plurimi
2299 1665 2358 1714 in
2382 1663 2588 1714 oratio-

1515 1751 1582 1788 ne
1640 1735 1801 1801 positi
1867 1738 2191 1787 verbotenus
2251 1745 2304 1785 et
2367 1734 2591 1784 nomine

1512 1816 1722 1857 tantum
1765 1806 1950 1856 dicunt
1996 1823 2010 1856 ε
2044 1806 2287 1869 Domine,
2328 1804 2590 1865 Domine‚·

1515 1906 1574 1916 —
1595 1892 1688 1928 cor
1717 1883 1889 1928 autem
1913 1892 2093 1928 eorum
2119 1877 2279 1942 longe
2299 1881 2382 1925 est
2403 1890 2435 1924 a
2459 1875 2589 1924 Deo.

1517 1951 1823 2018 Hypocritae
1856 1951 2017 2002 etiam
2058 1951 2247 2001 dicunt
2285 1950 2389 1999 hoc
2429 1948 2588 2005 facto.

1517 2023 1853 2074 sanctitatem
1888 2022 2121 2073 exterius
2147 2021 2471 2072 simulantes
2497 2035 2591 2069 co-

1519 2109 1633 2144 ram
1661 2096 1878 2160 populo,
1911 2095 2020 2146 Sed
2047 2094 2139 2160 qui
2155 2094 2307 2161 facit
2336 2093 2589 2143 volunta—

1521 2174 1621 2219 tem
1644 2169 1837 2219 Patris
1860 2169 1968 2221 mei
1989 2168 2080 2236 qui
2099 2168 2153 2218 in
2176 2167 2326 2219 coelis
2352 2172 2451 2230 est,
2479 2165 2589 2232 ipse

1520 2239 1743 2290 intrabit
1801 2240 1854 2291 in
1903 2254 2130 2306 regnum
2183 2240 2456 2290 coelorum.
2520 2235 2589 2285 Hi

1520 2309 1667 2359 enim
1691 2319 1818 2359 sunt
1846 2307 2050 2360 fructus
2073 2309 2203 2359 boni
2232 2318 2285 2358 et
2316 2309 2474 2358 bonae
2505 2322 2590 2357 ar-

1520 2383 1687 2444 boris,
1717 2383 1916 2433 scilicet
1937 2382 2105 2433 facere
2131 2384 2466 2433 voluntatem
2497 2381 2593 2429 Pa-

1518 2456 1635 2517 tris,
1673 2457 1824 2522 cujus
1863 2455 2120 2507 faciendae
2170 2457 2413 2521 seipsum
2445 2469 2590 2519 prae-

1519 2530 1642 2580 bere
1673 2531 1979 2595 exemplum
2016 2530 2269 2595 dignatus
2297 2538 2394 2578 est.
2434 2526 2583 2587 Quid

1516 2600 1663 2651 enim
1710 2600 1889 2650 meriti
1931 2610 2012 2650 est
2060 2600 2296 2650 Domino
2340 2599 2522 2648 dicere
2567 2612 2581 2645 :

1514 2672 1758 2733 Domine,
1776 2670 2059 2722 Domine?
2083 2670 2361 2737 Numquid
2386 2667 2584 2719 Domi-

1516 2758 1619 2792 nus
1671 2758 1782 2792 non
1830 2741 1949 2800 erit,
1982 2741 2087 2791 nisi
2130 2740 2292 2792 fuerit
2330 2741 2512 2791 dictus
2553 2755 2619 2789 a.

1515 2813 1703 2863 nobis?
1728 2813 1864 2863 Vere
1891 2812 2066 2863 dicere
2092 2829 2105 2862 ε
2130 2813 2374 2876 Domine,
2401 2812 2587 2863 Domi-

1514 2898 1594 2946 ne,
1638 2884 1720 2933 vel
1760 2883 2031 2934 Dominus
2076 2884 2247 2943 lesus,
2297 2893 2379 2932 est
2423 2883 2586 2933 corde

1512 2956 1741 3018 credere,
1782 2972 1875 3007 ore
1910 2955 2171 3016 confiteri,
2199 2956 2457 3022 operibus
2497 2966 2583 3005 at-

1512 3029 1712 3090 testari,
1740 3044 1864 3079 nam
1891 3045 2064 3080 unum
2088 3028 2206 3079 sine
2233 3029 2358 3089 alio,
2387 3043 2585 3095 negare

1513 3112 1611 3154 est.
1639 3104 1711 3154 Ut
1731 3102 1878 3153 enim
1901 3101 1977 3152 ait
1997 3102 2338 3168 Augustinus
2358 3119 2376 3153 .·
2407 3122 2431 3148 ιι
2461 3103 2586 3153 Cre-

1512 3175 1635 3224 dere
1666 3174 1723 3224 in
1758 3174 1950 3232 Deum,
1982 3183 2062 3224 est
2096 3172 2359 3223 credendo
2402 3188 2586 3222 amare

1511 3257 1564 3297 et
1592 3246 1832 3312 diligere,
1863 3246 2127 3296 credendo
2158 3245 2215 3294 in
2244 3261 2370 3296 eum
2401 3244 2502 3304 ire,
2532 3255 2585 3294 et

1511 3319 1626 3385 ejus
1682 3319 1944 3370 membris
2008 3319 2358 3384 incorporari.
2418 3336 2446 3366 »
2521 3319 2587 3367 Et

1513 3391 1813 3441 notandum
1833 3391 1977 3457 quod
1996 3390 2111 3441 haec
2128 3389 2379 3440 videntur
2397 3390 2588 3439 imme-

1510 3464 1710 3515 diatius
1744 3464 1915 3515 facere
1954 3464 2285 3514 voluntatem
2325 3462 2444 3526 Dei,
2476 3464 2587 3513 sci-

1510 3534 1633 3585 licet
1665 3549 1825 3599 super
1852 3534 2110 3585 omnibus
2141 3534 2380 3600 agendis,
2411 3534 2585 3584 susti-

1510 3606 1701 3657 nendis
1724 3614 1776 3656 et
1795 3605 2059 3656 habendis
2080 3605 2128 3655 ei
2150 3621 2206 3656 se
2226 3603 2584 3668 conformare,

1511 3687 1563 3729 et
1594 3676 1717 3727 inde
1743 3676 1898 3743 quies
1922 3678 2149 3740 mentis;
2173 3676 2359 3728 faciem
2389 3677 2587 3728 Domi-

1515 3749 1571 3801 ni
1622 3749 1808 3801 omnia
1859 3749 2155 3801 intuentem
2177 3789 2192 3810 ,
2249 3766 2463 3817 semper
2524 3761 2584 3800 ut

1515 3830 1833 3887 praesentem
1858 3820 2076 3884 intueri,
2104 3831 2157 3872 et
2183 3820 2310 3871 inde
2329 3836 2584 3873 reveren-

1513 3893 1605 3953 tia,
1661 3892 1850 3958 pudor,
1903 3903 1955 3943 et
2000 3892 2285 3958 disciplina
2330 3893 2482 3944 intus
2533 3905 2586 3945 et

1514 3974 1686 4027 extra;
1721 3964 2014 4017 bonitatem
2052 3964 2300 4031 gratuitae
2337 3964 2586 4016 liberali-
