2784 4452
357 365 467 416 404

359 538 458 604 git,
485 547 538 588 et
572 537 841 602 fugientes
869 538 1190 604 insequitur.
1218 538 1285 586 Et
1312 536 1432 585 ideo

361 620 701 675 comparatur
715 610 939 669 umbrae,
966 625 1130 675 quam
1150 609 1195 659 si
1217 619 1430 659 secutus

360 682 544 742 fueris,
569 698 676 732 non
706 682 1095 749 apprehendes,
1127 692 1181 732 et
1211 681 1258 732 si
1289 697 1433 747 prae-

362 752 611 812 curreris,
664 768 771 802 non
810 752 1050 817 effugies.
1113 752 1207 802 llle
1255 751 1434 818 itaque

364 824 581 875 functus
621 825 800 875 officio
837 824 1224 890 Evangelistae‚
1275 824 1436 891 coepit

356 896 682 964 praedicare,
726 906 778 947 et
819 910 875 946 se
915 895 1138 945 interius
1169 895 1434 946 exterius-

367 982 474 1034 que
541 977 788 1017 sanatum
865 966 1092 1029 docere;
1150 966 1225 1016 ita
1287 965 1434 1032 quod

365 1038 529 1089 unius
561 1037 782 1088 salvatio
819 1037 1021 1087 multos
1057 1036 1122 1087 ad
1152 1038 1327 1086 Deum
1352 1051 1437 1086 co-

367 1119 514 1176 geret
535 1107 734 1168 venire,
777 1118 830 1158 et
860 1108 1144 1174 JesusJam
1175 1123 1276 1159 non
1297 1121 1435 1173 pos-

369 1186 448 1230 set
507 1177 795 1243 manifeste
848 1187 1065 1244 propter
1111 1178 1324 1228 turbam
1386 1185 1438 1226 et

369 1264 673 1317 pressuram
713 1247 1032 1307 hominum,
1070 1249 1136 1298 ad
1186 1262 1437 1314 quaeren-

367 1319 501 1370 dum
552 1319 798 1369 sanitates
848 1328 899 1370 et
936 1319 1228 1370 videndum
1270 1318 1440 1368 mira-

370 1390 487 1441 cula
538 1390 991 1454 concurrentium,
1041 1390 1095 1440 in
1150 1388 1436 1451 civitatem,

369 1463 435 1513 ad
463 1462 725 1513 orandum
753 1461 996 1513 introire.
1032 1461 1184 1525 Unde
1223 1461 1439 1511 secede-

370 1536 461 1586 bat
499 1535 552 1586 in
597 1536 884 1594 desertum,
936 1546 997 1585 ut
1031 1534 1287 1584 secretius
1314 1549 1439 1583 ora-

369 1616 479 1671 ret3
535 1617 683 1658 sanat
737 1616 799 1657 ut
844 1608 1008 1667 Deus,
1073 1607 1165 1657 sed
1205 1614 1323 1656 orat
1379 1614 1440 1654 ut

371 1680 557 1732 homo.

434 1765 468 1817 9
502 1751 743 1801 Doumus
797 1765 851 1800 m
898 1765 1172 1800 nesenruu
1225 1763 1442 1800 secenn-

372 1840 441 1875 Αῡ
467 1839 741 1873 vinnom(
768 1838 1068 1873 ruuunruu
1099 1839 1167 1872 m
1198 1838 1268 1872 AD
1297 1837 1441 1873 sumt

375 1895 593 1945 Puni-:u
633 1909 900 1943 onAunuu.
941 1921 1002 1931 —
1052 1893 1131 1943 Et
1160 1892 1440 1942 convenie-

375 1965 503 2016 bant
525 1963 600 2014 ad
626 1979 743 2014 eum
779 1964 1008 2029 undique
1036 1963 1228 2023 turbae,
1249 1970 1308 2012 ut
1325 1962 1441 2026 ejus

374 2035 675 2086 doctrinam
756 2034 1004 2084 audirent
1069 2042 1121 2084 et
1189 2033 1440 2083 sanitates

374 2109 724 2175 perciperent.
754 2106 1049 2172 Strepitum
1081 2106 1246 2172 igitur
1269 2115 1321 2156 et
1349 2114 1441 2155 tu-

377 2181 609 2231 multum
634 2178 902 2229 Dominus
924 2177 1081 2246 fugit,
1104 2187 1156 2230 et
1180 2187 1442 2229 secretum

375 2252 553 2302 locum
579 2250 789 2316 quaerit,
823 2259 884 2299 ut
918 2249 1159 2300 ostendat
1186 2264 1243 2300 se
1271 2248 1443 2314 magis

375 2322 611 2388 quietam
668 2329 718 2370 et
762 2318 924 2369 seculi
984 2319 1127 2370 curis
1181 2330 1441 2369 remotam

376 2394 600 2459 diligere
639 2393 833 2455 vitam,
879 2392 1006 2458 quia
1052 2394 1349 2443 tumultum
1392 2401 1445 2441 et

377 2467 613 2517 carnales
661 2476 869 2516 mentes
908 2465 1155 2525 declinat,
1217 2474 1444 2515 secretas

375 2551 503 2587 vero
540 2551 571 2585 a
620 2536 910 2586 mundanis
954 2536 1098 2587 curis
1140 2536 1337 2586 visitat.
1385 2537 1444 2586 In

376 2622 490 2672 quo
518 2606 681 2657 etiam
715 2606 968 2667 ostendit,
1000 2605 1148 2673 quod
1188 2606 1446 2673 praedica-

380 2686 523 2727 tores
555 2676 726 2727 ‘verbi
790 2677 960 2728 divini
1011 2678 1207 2728 debent
1263 2677 1447 2743 fugere

379 2748 699 2813 applausum
739 2748 943 2814 populi,
985 2758 1038 2799 et
1071 2748 1359 2815 aliquando
1387 2762 1447 2797 se

382 2818 650 2870 retrahere
690 2833 721 2869 a
754 2818 1119 2879 multitudine,
1157 2829 1218 2868 ut
1261 2828 1448 2868 vacent

382 2888 634 2939 orationi.
669 2888 770 2939 Ubi
804 2889 1177 2953 Hieronymus
1200 2906 1216 2938 ε
1242 2906 1269 2934 α
1290 2888 1448 2947 Quod

383 2969 562 3011 autem
601 2976 710 3009 non
738 2970 942 3026 poterat
976 2961 1132 3011 Jesus
1167 2960 1452 3019 manifeste

384 3034 439 3085 in
478 3033 768 3084 civitatem·
796 3033 1036 3095 introire,
1079 3033 1175 3084 sed
1203 3033 1356 3099 foris
1397 3033 1450 3083 in

386 3104 617 3156 desertis
640 3102 772 3154 locis
800 3118 933 3167 esse,
960 3104 1289 3170 significatur
1307 3104 1453 3170 quod

386 3191 496 3226 non
553 3174 808 3225 omnibus
874 3174 1243 3226 manifestatur
1299 3176 1455 3226 Jesus

387 3246 483 3313 qui
515 3246 635 3297 latis
676 3256 835 3312 atque
866 3247 1040 3313 planis
1068 3247 1307 3298 serviunt
1334 3248 1455 3297 lau-

387 3320 551 3370 dibus
593 3328 645 3369 et
671 3313 905 3385 propriis
931 3320 1323 3381 voluntatibuS,
1364 3320 1456 3370 sed

390 3390 480 3440 his
515 3390 609 3456 qui
649 3405 772 3439 cum
814 3390 966 3440 Petro
1003 3389 1144 3440 foras
1174 3387 1370 3440 exeunt
1407 3400 1460 3440 et

390 3460 450 3511 in
497 3461 719 3511 desertis
761 3461 893 3512 locis
948 3469 1093 3521 sunt,
1135 3475 1255 3525 quae
1302 3460 1462 3527 elegit

392 3532 661 3583 Dominus
710 3534 775 3583 ad
818 3533 1083 3583 orandum
1120 3541 1174 3582 et
1217 3531 1461 3583 reficien-

392 3603 524 3653 dum
567 3603 859 3668 populum,
893 3602 988 3668 qui
1023 3601 1276 3652 deserunt
1313 3602 1464 3654 dele-

393 3671 652 3724 ctationes
675 3672 881 3733 mundi,
905 3682 958 3723 et
984 3671 1167 3721 omnia
1193 3687 1314 3737 quae
1335 3688 1466 3738 pos-

395 3743 574 3793 sident
598 3780 614 3803 ,
667 3753 726 3792 ut
779 3742 959 3792 dicant
1021 3757 1036 3792 2
1095 3742 1286 3791 Portio
1347 3756 1464 3792 mea

394 3815 676 3867 Dominus.
718 3813 900 3864 Gloria
930 3829 1055 3864 vero
1097 3812 1317 3863 Domini
1360 3830 1468 3865 ma-

399 3886 680 3937 nifestatur
724 3886 812 3936 his
847 3886 941 3952 qui
986 3886 1225 3953 undique
1264 3902 1465 3939 conve-

402 3955 589 4016 niunt,
645 3956 702 4006 id
761 3965 842 4007 est
901 3956 996 4022 qui
1035 3972 1129 4023 per
1189 3956 1345 4022 plana
1414 3966 1468 4008 et

1016 332 1254 401 rrum:
1289 347 1537 399 mans
1568 346 1802 398 CAPUT
1832 347 1968 398 xm.

360 465 676 532 gloriosum,
707 464 854 531 quod
880 464 1224 531 insequentes
1245 479 1304 514 se
1335 446 1459 514 fil-⁸

1536 462 1701 513 ardua
1719 462 1783 513 ad
1799 478 1924 514 eum
1939 465 2175 525 veniunt,
2195 481 2334 533 quos
2356 470 2497 522 nihil
2516 488 2610 538 po-

1536 545 1640 585 test
1683 551 1923 602 separare
1956 553 1988 587 a
2028 538 2286 591 charitate
2319 542 2544 596 Christi.
2579 567 2604 591 ιι

1537 606 1643 657 Ubi
1673 615 1723 657 et
1746 607 1899 657 Beda
1927 625 1945 658 .-
1978 627 2005 654 «
2036 609 2177 669 Quia
2199 611 2255 660 in
2282 613 2420 664 urbe
2439 616 2606 666 mira-

1538 680 1656 729 cula
1680 678 1822 739 facit,
1848 678 1903 728 in
1922 681 2129 731 deserto
2157 697 2282 733 vero
2307 685 2391 734 vel
2426 697 2608 738 monte

1538 751 1742 801 orando
1790 762 2079 817 pernoctat,
2123 755 2405 822 utriusque
2450 759 2610 810 nobis

1535 821 1662 872 vitae
1707 831 1760 871 et
1797 821 2000 883 activae,
2025 823 2231 874 scilicet
2263 836 2319 875 et
2358 839 2608 878 contem-

1537 891 1762 958 plativa,
1779 893 2098 944 documenta
2121 908 2530 961 praemonstrat;
2552 911 2609 950 ut

1540 982 1635 1016 nec
1653 967 2119 1032 contemplationis
2140 970 2319 1020 studio
2339 971 2467 1036 quis
2494 989 2611 1038 pro-

1539 1037 1810 1087 ximorum
1848 1053 2029 1088 curam
2060 1040 2310 1106 negligat,
2344 1056 2442 1092 nec
2485 1059 2611 1094 cura
2674 1062 2677 1067 ·

1542 1109 1910 1175 proximorum
1948 1109 2356 1162 immoderatius
2392 1113 2610 1180 obliga-

1540 1192 1627 1232 tus
1654 1183 2122 1248 contemplationis
2163 1184 2338 1234 studia
2369 1186 2609 1236 derelin-

1539 1262 1687 1319 quat,
1702 1262 1968 1319 quatenus
1988 1268 2083 1304 nec
2098 1269 2337 1305 amorem
2357 1256 2455 1306 Dei
2481 1272 2610 1321 prae·

1540 1327 1716 1393 pediat
1775 1343 1926 1377 amor
1979 1327 2243 1393 proximi,
2294 1345 2388 1381 nec
2438 1332 2610 1381 amori

1542 1397 1774 1463 proximi
1803 1397 1985 1448 obviet
2009 1413 2163 1449 amor
2197 1400 2314 1450 Dei.
2350 1402 2411 1450 In
2444 1417 2609 1451 mon-

1542 1480 1593 1518 te
1633 1468 1836 1534 quippe
1874 1484 2025 1519 orare
2062 1480 2160 1529 est,
2208 1470 2409 1521 relictis
2452 1471 2610 1522 infir-

1542 1554 1753 1588 marum
1819 1538 2210 1605 cogitationum
2275 1541 2440 1601 curis,
2499 1551 2610 1592 tota

1544 1622 1722 1663 mente
1754 1612 2052 1678 quemlibet
2080 1615 2145 1663 ad
2183 1624 2381 1665 aeterna
2417 1630 2608 1680 super-

1544 1699 1626 1734 nae
1640 1683 2111 1748 contemplationis
2130 1683 2323 1750 gaudia
2341 1684 2607 1735 festinare.

1543 1755 1603 1804 In
1642 1755 1908 1805 desertum
1951 1755 2195 1805 secedere
2234 1764 2287 1805 et
2321 1770 2474 1805 orare
2532 1765 2611 1805 est

1543 1834 1916 1891 exsurgentem
1961 1824 2285 1875 intrinsecus
2326 1825 2611 1890 strepitum

1542 1906 1878 1947 terrenorum
1919 1896 2310 1947 desideriorum
2349 1912 2609 1962 premere,

1545 1979 1596 2019 et
1624 1968 1894 2035 quoddam
1922 1967 2027 2018 sibi
2056 1984 2181 2019 cum
2205 1969 2442 2018 Domino
2470 1968 2613 2018 intra

1545 2056 1602 2091 se
1628 2048 1893 2090 secretum
1922 2053 2180 2104 quaerere,
2208 2039 2302 2089 ubi
2344 2054 2468 2089 cum
2500 2039 2611 2097 ino,

1545 2109 1793 2162 exteriori
1841 2120 2079 2159 cessante
2104 2110 2369 2172 tumultu,
2407 2124 2503 2174 per
2527 2109 2614 2157 in-

1544 2192 1692 2234 terna
1723 2180 1984 2231 desideria
2018 2181 2238 2232 silenter
2274 2181 2545 2247 loquatur.
2584 2200 2611 2225 ι)

1547 2253 1702 2304 Unde
1732 2251 1893 2302 etiam
1937 2251 2242 2318 Gregorius
2270 2269 2286 2301 t
2319 2271 2343 2297 «
2375 2252 2614 2301 Redem-

1547 2332 1668 2388 ptor
1713 2330 1912 2381 noster,
1953 2336 2046 2386 per
2077 2322 2221 2371 diem
2256 2321 2515 2371 miracula
2555 2319 2611 2369 in

1546 2394 1773 2445 urbibus
1796 2393 2032 2454 exhibet,
2060 2403 2112 2443 et
2132 2394 2198 2443 ad
2226 2391 2489 2444 orationis
2510 2401 2614 2442 stu-

1547 2465 1700 2514 dium
1735 2464 1793 2515 in
1841 2474 2025 2517 monte
2067 2473 2354 2529 pernoctat,
2394 2473 2460 2512 ut
2490 2478 2614 2528 per-

1548 2536 1717 2597 fectis,
1747 2536 1995 2589 videlicet
2039 2535 2498 2602 praedicatoribus,
2534 2535 2617 2584 in-

1551 2617 1679 2658 nuat
1717 2616 1981 2673 quatenus
2025 2622 2119 2656 nec
2168 2606 2392 2656 activam
2436 2619 2619 2655 amore

1550 2678 1931 2746 speculationis
1958 2677 2201 2727 funditus
2228 2677 2498 2734 deserant,
2528 2690 2622 2725 nec

1552 2748 2019 2814 contemplationis
2061 2747 2253 2813 gaudia
2287 2746 2622 2812 operationis

1554 2819 1824 2871 nimietate
1871 2826 2247 2880 contemnant;
2305 2816 2399 2866 sed
2452 2815 2623 2882 quieti

1553 2893 1970 2958 contemplantes
1999 2891 2264 2948 sorbeant,
2295 2890 2444 2954 quod
2473 2903 2626 2937 occu·

1556 2962 1663 3029 pati
1701 2978 1824 3028 erga
1857 2960 2131 3028 proximos
2171 2960 2459 3024 loquentes
2495 2974 2624 3023 pro-

1555 3032 1836 3083 fundant.
1873 3051 1901 3079 η
1944 3031 2059 3081 haec
2100 3029 2423 3095 Gregorius.
2467 3027 2624 3087 Quod

1557 3115 1736 3156 autem
1787 3104 1892 3165 hic,
1943 3119 2020 3154 se
2010 3103 2234 3152 undum
2282 3102 2526 3150 Marcum
2577 3109 2628 3149 et

1561 3178 1777 3237 Lucam,
1807 3176 2024 3234 dicitur,
2055 3173 2183 3241 quia
2198 3173 2354 3223 Jesus
2377 3186 2482 3222 non
2501 3185 2627 3236 pos-

1560 3254 1638 3300 set
1667 3247 1948 3312 manifeste
1987 3246 2039 3295 in
2071 3244 2336 3295 civitatem
2376 3241 2626 3300 introire,

1561 3318 1653 3369 sed
1682 3317 1955 3368 secedebat
1986 3317 2039 3366 in
2071 3315 2355 3375 desertum,
2390 3327 2501 3361 non
2538 3311 2629 3360 in-

1562 3389 1824 3455 telligitur
1854 3389 1919 3438 de
1960 3387 2052 3437 illa
2093 3385 2181 3435 die
2207 3399 2315 3450 qua
2356 3390 2632 3432 curaverat

1563 3462 1873 3526 leprosum·
1860 3499 1874 3524 ,
1914 3459 2057 3525 quia,
2090 3457 2184 3507 illo
2217 3464 2420 3514 curate,
2455 3454 2630 3503 intra-

1563 3530 1642 3581 vit
1668 3529 1785 3595 ipsa
1820 3529 1907 3579 die
1936 3528 2310 3594 Capharnaum
2338 3523 2632 3581 civitatem,

1565 3601 1795 3671 secundo
1853 3599 2103 3651 milliario
2162 3596 2239 3648 ibi
2293 3594 2632 3661 proximam,

1567 3665 1852 3753 antequam
1871 3686 2048 3722 sermo
2067 3685 2161 3720 seu
2180 3667 2322 3718 fama
2340 3666 2405 3715 ad
2428 3665 2638 3715 multos

1569 3743 1885 3809 perveniret.
1927 3741 2079 3793 Unde
2115 3749 2167 3789 et
2214 3735 2501 3788 Matthaeus
2530 3733 2640 3783 hoc

1569 3814 1889 3865 miraculum
1909 3814 1974 3863 de
1993 3814 2220 3877 leproso,
2241 3823 2364 3858 cum
2385 3804 2638 3871 sequenti

1569 3885 1635 3935 de
1666 3883 2007 3936 Centurionis
2051 3897 2213 3971 servo·
2244 3877 2409 3930 simul
2450 3874 2644 3926 conti-

1571 3966 1716 4011 nuat.
