2784 4452
331 355 435 409 316

300 471 649 530 ,deridentun
709 470 940 523 Maxime
978 472 1139 523 etiam
1200 486 1398 522 conve-

326 543 483 594 niunt
532 543 589 593 in
635 543 869 594 merito:
905 543 1203 594 voluntaria
1248 542 1396 593 enim

324 623 606 681 paupertas
636 623 716 664 est
741 615 1011 681 quoddam
1050 629 1220 680 genus
1264 630 1399 665 mar·

324 685 473 752 tyrii,
502 685 630 751 quia
648 686 935 752 utrobique
959 694 1165 752 oportet
1185 685 1397 736 vincere

324 756 569 806 animum
627 757 803 823 quoad
848 756 1179 807 delectabilia
1233 757 1396 821 hujus

326 827 539 878 mundi.
569 828 628 877 In
667 843 833 893 regno
860 842 1075 894 quoque
1105 827 1395 878 includun-

324 907 413 949 tur
440 899 567 959 duo,
596 899 796 950 scilicet
819 900 1047 951 :divitiae
1074 909 1126 950 et
1141 900 1392 952 domina-

322 970 423 1020 tio,
460 971 793 1021 Promittitur
810 987 935 1037 ergo
954 987 1180 1038 regnum
1204 986 1396 1037 paupe·

323 1039 506 1104 ribuS,
554 1057 647 1106 per
693 1051 987 1108 respectum
1040 1043 1107 1093 ad
1162 1042 1391 1103 divitias,

326 1110 456 1177 quia
471 1110 565 1177 qui
592 1122 806 1177 propter
830 1113 1110 1164 Christum
1129 1115 1394 1164 abrenun-

322 1183 460 1234 tiant
482 1183 687 1234 divitiis
706 1186 1110 1252 temporalibus,
1132 1186 1186 1236 in
1209 1186 1390 1237 futuro

324 1253 633 1318 gaudebunt
650 1256 883 1320 aeternis3
900 1257 1225 1324 patientibus
1243 1272 1387 1317 vei-0,

324 1340 419 1391 per
466 1338 766 1393 respectum
808 1330 874 1379 ad
918 1330 1235 1390 Dominum,
1262 1329 1391 1396 quia

324 1398 418 1463 qui
475 1399 562 1450 hic
612 1413 829 1468 propter
873 1402 1150 1454 Christum
1203 1402 1390 1469 oppri-

324 1479 575 1534 muntur,
630 1472 684 1522 in
745 1473 927 1523 futuro
995 1490 1121 1524 cum
1172 1473 1390 1524 Christo

325 1542 735 1605 oppressoribus
757 1544 1197 1595 dominabuntur.
1218 1546 1394 1595 Potest

324 1610 484 1661 etiam
512 1612 615 1663 dici
644 1617 788 1681 quod
820 1632 927 1666 non
955 1626 1035 1666 est
1075 1616 1219 1667 idem
1252 1631 1391 1682 prae-
1415 1625 1421 1632 ·

324 1680 494 1731 mium
557 1685 869 1753 utrobique,
937 1687 1065 1753 quia
1135 1686 1212 1737 ibi
1298 1701 1394 1752 per

323 1766 549 1817 regnum
565 1753 882 1824 intelligitur
895 1758 1177 1822 praemium
1191 1763 1392 1820 aureae,

324 1822 415 1873 hic
440 1825 724 1890 praemium
761 1829 1013 1879 aureolae.
1054 1829 1169 1879 Hoc
1212 1838 1390 1879 autem

322 1909 497 1945 unum
526 1897 826 1961 praemium,
872 1901 1017 1965 quod
1055 1909 1136 1951 est
1168 1913 1391 1966 regnum

324 1965 608 2027 coelorum,
656 1968 816 2019 etiam
868 1969 926 2019 in
972 1969 1091 2020 aliis
1138 1980 1247 2030 est,
1299 1970 1392 2020 sed

328 2036 477 2086 varie
506 2038 861 2090 nominatum.
891 2040 1047 2091 Unde
1074 2040 1397 2106 Chrysosto·

325 2125 444 2182 mus
467 2125 487 2158 .·
518 2130 546 2158 α
571 2111 656 2162 Tu
679 2129 805 2164 vero
825 2113 924 2166 etsi
957 2130 1065 2164 non
1087 2129 1181 2181 per
1202 2114 1395 2180 singu-

325 2183 405 2234 las
484 2182 841 2237 beatitudines
908 2200 1134 2253 regnum
1210 2184 1395 2236 audias

327 2255 647 2320 repromitti,
705 2273 770 2307 ne
809 2256 1052 2318 tristeriS,
1102 2256 1202 2308 etsi
1248 2257 1394 2307 enim
1436 2290 1439 2292 >

324 2325 701 2377 retributiones
727 2327 868 2393 ipsas
894 2327 1197 2378 differenter
1223 2328 1398 2393 appel-

325 2396 424 2456 lat,
473 2411 559 2446 eas
614 2406 792 2448 tamen
844 2408 1055 2449 cunctas
1103 2399 1168 2449 ad
1226 2413 1395 2447 unum

330 2464 588 2514 coelorum
658 2481 882 2532 regnum
958 2467 1164 2517 reducit
1205 2482 1219 2515 τ
1256 2467 1396 2517 nihil

297 2595 300 2600 ·
330 2535 477 2586 enim
537 2537 761 2588 omnino
802 2538 967 2602 aliud,
1026 2539 1132 2589 nisi
1188 2539 1399 2589 coeleste

321 2623 568 2673 regnum,
591 2626 684 2676 per
708 2610 820 2661 haec
849 2621 1037 2662 cuncta
1056 2611 1296 2677 designat
1325 2628 1339 2661 ε
1368 2632 1395 2659 »

324 2679 438 2729 haec
503 2681 940 2748 Chrysostomus.
1016 2682 1206 2733 Videat
1271 2697 1397 2748 ergo

326 2751 704 2818 unusquisque
727 2752 839 2803 haec
869 2752 1109 2812 audiens,
1140 2753 1186 2802 si
1216 2752 1273 2802 in
1297 2753 1400 2803 ali-

325 2834 433 2886 qua
459 2820 681 2872 istarum
723 2823 1114 2875 beatitudinum
1150 2823 1398 2874 contine-

323 2901 442 2954 tur3
492 2901 544 2943 et
588 2893 634 2942 si
682 2893 739 2943 in
788 2894 970 2961 aliqua
1018 2909 1076 2944 se
1116 2893 1396 2953 invenerit,

323 2975 545 3012 securus
598 2962 667 3013 sit
711 2966 856 3030 quod
900 2965 1084 3015 beatus
1127 2964 1266 3014 erit:
1293 2964 1396 3014 hoc

322 3035 468 3084 enim
523 3036 730 3101 Veritas
782 3038 946 3103 dicit;
986 3037 1194 3090 Veritas
1218 3048 1397 3089 autem

324 3108 540 3158 mentiri
571 3124 679 3158 non
707 3118 897 3174 potest.

393 3193 459 3243 14
493 3180 818 3229 Pansam-rto
849 3194 1089 3243 minax,
1136 3195 1396 3230 rnn’uzx-

324 3266 433 3309 Qui:
460 3265 759 3300 mrtem-ul.
776 3277 835 3286 —
864 3250 1068 3300 Deinde
1087 3260 1207 3316 post
1233 3265 1396 3316 gene-

325 3322 492 3372 ralem
519 3320 857 3381 sententiam,
890 3321 1072 3373 subdit
1111 3322 1396 3387 specialem

328 3393 743 3457 persuasionem,
775 3392 996 3442 verbum
1015 3392 1079 3443 ad
1106 3394 1396 3459 Apostolos

322 3465 695 3525 convertendo,
717 3473 767 3515 et
790 3463 1056 3529 triplicem
1075 3474 1251 3515 actum
1272 3480 1395 3530 per-

322 3533 629 3594 secutionis,
662 3535 861 3586 scilicet
889 3551 903 3584 ε
930 3534 986 3584 in
1005 3534 1179 3597 corde,
1201 3550 1310 3598 ore,
1342 3546 1394 3586 et

324 3621 511 3672 opere,
552 3607 630 3657 eis
676 3607 1115 3672 praenuntiand0,
1163 3606 1390 3659 dicens:

322 3679 483 3730 Beati
531 3681 662 3730 estis
704 3695 819 3732 cum
868 3679 1265 3744 maledixerint,
1328 3696 1392 3735 ex

325 3749 468 3810 odi0,
498 3757 552 3800 et
579 3751 803 3814 oderint,
837 3766 901 3802 ex
936 3751 1138 3812 animo,
1169 3765 1264 3800 vos
1290 3751 1389 3802 ho-

326 3820 506 3883 mines,
538 3823 715 3886 quoad
747 3823 1013 3888 primum;
1044 3829 1095 3874 et
1121 3823 1394 3888 persecuti

321 3902 417 3939 vos
455 3890 669 3954 fuerint
680 3929 699 3955 ,
756 3897 808 3942 et
860 3892 1227 3959 separaverint
1277 3907 1387 3956 vos,

325 3959 651 4010 excludendo
685 3975 719 4010 a
758 3963 1091 4029 synagogis,
1148 3973 1200 4013 et
1237 3977 1390 4013 com-

939 353 1183 406 PmMAE
1213 354 1469 407 panus
1501 315 1737 409 mur
1762 359 1997 412 xxxm.

1501 472 1763 525 munione
1801 489 1899 527 sua
1938 486 2193 543 tanquam
2231 478 2568 539 immundos,

1498 553 1549 593 et
1592 544 1695 594 sibi
1725 560 1909 610 graves
1931 547 1998 597 ad
2049 547 2360 610 videndum,
2390 554 2569 617 quoad

1499 615 1751 679 tertium3
1801 623 1854 668 et
1893 618 2136 670 dixerint
2180 636 2330 672 omne
2369 623 2571 674 malum

1497 686 1780 737 adversum
1823 702 1935 751 vox,
1967 688 2020 738 id
2059 699 2137 740 est
2167 691 2351 742 omnia
2374 708 2573 759 genera

1495 760 1784 810 verborum
1851 762 2264 828 malignantium
2282 804 2296 825 ,
2366 766 2573 832 quibus

1495 839 1724 880 vestram
1749 831 1941 882 famam
1978 833 2187 898 laedant,
2215 842 2267 886 et
2294 838 2574 903 exproba-

1497 901 1672 951 verint
1710 915 1823 965 νοε,
1873 904 2104 954 convitia
2149 915 2200 955 et
2243 905 2573 973 improperia

1495 970 1650 1021 vobis
1701 971 1954 1035 dicende,
1999 981 2051 1025 et
2086 975 2335 1041 ejecerint
2384 991 2573 1028 nomen

1496 1049 1746 1107 vestrum,
1799 1046 2002 1097 scilicet
2027 1063 2224 1097 nomen
2254 1048 2573 1113 Christiani,

1495 1119 1743 1179 tanquam
1766 1116 1978 1180 malum,
1998 1116 2131 1167 illud
2160 1127 2491 1169 exsecrantes
2513 1134 2574 1170 ac

1492 1183 1827 1236 diffamantes
1846 1197 1899 1237 et
1917 1187 2251 1254 exstinguere
2275 1189 2573 1255 cupientes.

1499 1256 1675 1320 quoad
1721 1260 2035 1308 secundum.
2065 1258 2186 1307 Non
2210 1258 2356 1324 quod
2387 1259 2580 1309 debeat

1491 1324 1690 1391 aliquis
1709 1326 1809 1377 ista
1829 1342 2082 1394 quaerere,
2104 1328 2196 1378 sed
2222 1328 2350 1394 quia
2375 1328 2578 1380 timore

1495 1395 1698 1472 borum
1750 1414 1862 1449 non
1904 1399 2063 1450 debet
2107 1400 2383 1451 veritatem
2425 1402 2572 1462 vitae,

1492 1470 1715 1526 lustitiae
1743 1481 1795 1522 et
1828 1472 2082 1523 doctrinae
2104 1473 2388 1524 dimittere.
2423 1474 2575 1525 Sicut

1498 1551 1676 1592 autem
1700 1542 1893 1609 triplex
1908 1554 1987 1593 est
2001 1544 2312 1609 persecuti0,
2329 1545 2537 1595 scilicet
2556 1562 2574 1596 ς

1498 1611 1693 1672 cordis,
1714 1613 1842 1673 oris,
1869 1622 1922 1663 et
1948 1613 2153 1679 operiS,
2185 1624 2237 1664 et
2269 1615 2381 1665 haec
2416 1614 2575 1665 tertia

1493 1685 1703 1749 triplex,
1735 1685 1937 1736 scilicet
1965 1702 1979 1736 ε
2007 1686 2064 1737 in
2092 1688 2286 1737 damno
2312 1697 2591 1753 temporat

1504 1753 1661 1817 lium,
1691 1754 1749 1804 in
1779 1756 2147 1820 persecutione
2170 1758 2488 1816 amicorum,
2514 1757 2573 1807 in

1500 1823 1789 1875 afflictione
1803 1835 1855 1875 et
1871 1825 2067 1891 injuria
2084 1826 2284 1892 proprii
2304 1826 2570 1892 corporis3

1497 1893 1571 1944 ita
1632 1904 1685 1944 et
1730 1894 1925 1960 triplex
1972 1906 2051 1947 est
2106 1896 2391 1961 patientia,
2450 1912 2573 1962 quae

1495 1966 1680 2016 odium
1712 1966 1905 2028 cordis,
1947 1968 2174 2018 verbum
2211 1968 2573 2019 contumelio-

1496 2053 1618 2088 sum
1633 2038 1743 2088 oris
1757 2048 1808 2088 et
1828 2039 2125 2090 manualem
2140 2040 2573 2104 persecutionem

1497 2108 1674 2174 operis
1690 2110 1921 2160 sustinet
1939 2109 2214 2175 patienter,
2245 2110 2574 2160 remittendo

1498 2196 1716 2232 omnem
1744 2180 2014 2247 injuriam,
2045 2180 2422 2247 compatiendo
2446 2196 2572 2248 pec-

1499 2264 1614 2305 cato
1649 2254 1901 2320 proximi,
1934 2255 2134 2305 orando
2167 2265 2228 2304 ut
2249 2271 2278 2304 a
2306 2255 2392 2305 via
2433 2255 2574 2306 mala

1501 2326 1862 2386 convertatur,
1918 2336 1970 2377 et
2016 2325 2088 2377 ita
2141 2336 2413 2392 peccatum
2455 2327 2571 2392 ejus

1505 2397 1760 2448 deleatur.
1811 2397 1913 2447 Hic
1950 2396 2142 2463 triplex
2181 2396 2354 2446 hostis
2388 2398 2573 2447 Eccle-

1503 2467 1636 2518 siam
1679 2466 1778 2517 Dei
1827 2466 2133 2533 impugnat,
2190 2476 2381 2517 contra
2431 2482 2572 2533 quos

1498 2537 1763 2604 triplicem
1782 2536 2091 2603 patientiam
2117 2537 2361 2603 opponit.

1575 2614 1634 2665 15
1671 2616 1939 2666 Canis-rus
1971 2629 2242 2664 SPECIATm
2269 2615 2582 2666 Apos-roms·

1498 2701 1754 2735 palumen-
1766 2700 1975 2742 Qum-rx
1994 2700 2096 2734 ruo
2114 2699 2312 2734 nomm-2
2330 2699 2432 2733 suo
2452 2700 2570 2734 surr

1499 2771 1796 2806 ussum.—
1815 2755 1934 2805 Huc
1950 2769 2123 2820 usque
2147 2770 2273 2819 ergo
2292 2755 2357 2804 ad
2377 2769 2570 2805 omnes

1500 2825 1813 2891 generaliter
1841 2835 1894 2875 et
1916 2823 2322 2874 indeterminate
2347 2834 2571 2874 senten-

1499 2897 1600 2947 tias
1641 2897 1821 2963 posuit
1833 2912 1849 2960 ;
1898 2896 1987 2947 hic
2021 2911 2146 2946 vero
2172 2895 2471 2961 specialiter
2501 2896 2569 2946 ad

1499 2968 1785 3033 Apostolos
1809 2968 1969 3017 verba
2004 2966 2207 3031 dirigit,
2236 2965 2488 3031 quamvis
2518 2975 2571 3016 et

1501 3038 1616 3088 haec
1642 3037 1803 3087 etiam
1843 3037 1963 3087 aliis
2006 3035 2335 3094 conveniant,
2367 3035 2569 3100 praedi-

1500 3124 1625 3160 cens
1654 3109 1921 3174 praecipue
1970 3116 2168 3174 quanta
2209 3122 2304 3173 pro
2343 3106 2570 3157 nomine

1500 3179 1614 3244 ejus
1654 3178 1857 3245 passuri
1908 3189 2112 3238 essent,
2164 3188 2217 3228 et
2260 3188 2569 3228 monstrans

1499 3249 1627 3316 quia
1656 3263 1842 3299 eorum
1872 3249 1976 3299 hoc
2017 3248 2246 3299 maxime
2283 3248 2567 3314 proprium

1499 3332 1596 3379 est,
1629 3335 1789 3386 super
1828 3335 2014 3370 omnes
2054 3319 2217 3383 alios;
2258 3319 2388 3385 quia
2416 3333 2568 3385 »ergo

1499 3400 1715 3455 propter
1760 3390 2014 3454 majorem
2042 3389 2409 3439 difficultatem
2444 3405 2569 3455 spe·

1497 3461 1618 3512 ciali
1662 3461 2004 3527 persuasione
2048 3460 2388 3525 indigebant,
2443 3460 2566 3510 ideo

1494 3531 1817 3584 convertitur
1833 3532 1898 3583 ad
1919 3548 2029 3592 eos,
2050 3542 2110 3582 ut
2125 3531 2404 3590 animaret,
2426 3546 2568 3598 quos

1496 3605 1635 3655 sicut
1687 3620 1854 3671 agnos
1903 3605 2040 3655 inter
2086 3605 2242 3670 lupos
2298 3603 2567 3655 missurus

1496 3685 1624 3726 erat.
1672 3675 1827 3726 Unde
1878 3676 2028 3726 Beda
2054 3693 2071 3726 .·
2100 3694 2128 3722 α
2172 3675 2292 3724 Non
2348 3676 2415 3725 ad
2460 3673 2566 3724 hoc

1496 3745 1664 3796 nostri
1693 3744 1898 3796 similes
1923 3747 2117 3805 valent,
2148 3745 2241 3795 sed
2260 3760 2449 3794 eorum
2466 3741 2563 3810 qui

1493 3819 1640 3870 ibant
1660 3819 1958 3884 gaudentes
1974 3833 2008 3868 a
2031 3825 2309 3884 conspectu
2329 3815 2559 3877 concilii,

1494 3893 1739 3957 quoniam
1767 3892 1923 3958 digni
1945 3892 2112 3942 habiti
2125 3897 2248 3941 sunt
2264 3906 2370 3956 pro
2400 3890 2562 3940 nomi·

1495 3976 1559 4013 ne
1583 3964 1716 4026 Jesu
1749 3962 2118 4014 contumeliam
2139 3961 2276 4026 pati.
2308 3960 2405 4011 Ast
2432 3959 2561 4026 quia
