2784 4452
878 360 971 411 DE
1004 361 1382 426 EPIPHANIA
1411 365 1686 418 DOMINI.

153 485 299 526 sent.
337 475 503 525 Tales
536 476 731 536 duces,
769 486 820 526 et
857 474 983 529 talia
1033 478 1234 544 primi-

155 546 267 596 tiva
298 560 403 596 nos
444 546 644 597 habere
689 548 984 613 oportebat.
1010 550 1092 600 Ex
1112 563 1236 615 ‚quo

158 627 303 683 patet
375 619 522 684 quod
587 630 952 684 cognoverunt
1028 621 1236 673 Christi

157 691 499 742 divinitatem
550 708 643 758 per
673 693 914 744 divinam
948 694 1239 746 revelatio-

158 778 305 813 nem.
349 763 491 813 Cum
529 763 677 813 enim
718 763 962 816 viderent
1000 766 1238 817 Puerum

159 836 361 903 pannis
417 836 621 888 vilibus
673 836 977 890 involutum
1030 839 1239 906 gremio

160 908 420 974 pauperis
461 908 650 960 Matris
703 910 964 976 positum,
1025 912 1239 963 nullum

162 984 324 1048 regiae
402 982 705 1035 divinitatis
782 985 1073 1037 habentem
1158 986 1241 1037 si-

163 1068 336 1118 gnum
362 1092 379 1114 ,
434 1069 546 1104 non
596 1065 678 1104 est
749 1054 1046 1107 verisimile
1091 1056 1238 1123 quod

166 1127 327 1177 talem
355 1128 709 1179 reverentiam
751 1128 799 1178 ei
841 1129 1242 1191 exhibuissent,

163 1196 269 1248 nisi
328 1197 392 1247 in
459 1214 570 1264 quo
638 1198 847 1266 aliquid
905 1216 1069 1267 supra
1134 1201 1243 1252 ho—

168 1268 377 1319 minem
423 1270 820 1336 cognovissent.
878 1271 1039 1324 Unde
1094 1273 1243 1324 Ber-

170 1340 379 1390 nardus
407 1357 425 1391 .·
466 1359 494 1387 α
530 1341 770 1392 Adorant
818 1343 983 1409 Magi,
1025 1352 1080 1394 et
1119 1342 1248 1393 offe-

169 1419 292 1459 runt
328 1426 562 1462 munera
593 1412 770 1463 adhuc
809 1413 1027 1464 lactanti
1060 1413 1249 1464 Matris

172 1481 354 1534 ubera.
390 1482 496 1532 Sed
560 1484 654 1534 ubi
706 1495 803 1545 est,
850 1500 885 1534 o
938 1484 1106 1551 Magi,
1150 1483 1245 1535 ubi

173 1564 248 1606 est
314 1571 561 1622 purpura
618 1558 760 1623 regis
818 1558 1017 1623 hujus?
1069 1559 1248 1609 Num-

170 1625 304 1691 quid
354 1626 494 1678 viles
540 1629 706 1694 panni
752 1629 843 1680 isti
899 1628 1104 1694 quibus
1155 1628 1250 1679 in·-

174 1698 426 1748 volutus?
475 1699 531 1750 Si
578 1715 672 1751 rex
731 1711 830 1764 est,
869 1700 1116 1750 diadema
1152 1700 1248 1750 ubi

172 1768 283 1819 est?
329 1770 436 1820 Sed
483 1785 582 1821 vos
622 1786 748 1826 eum
788 1786 914 1822 vere
961 1769 1157 1822 videtis
1188 1770 1252 1821 in

174 1839 483 1891 diademate
512 1856 616 1907 quo
667 1842 946 1893 coronavit
993 1856 1111 1894 eum
1130 1842 1254 1892 Μα-

173 1915 255 1960 ter
297 1925 419 1975 sua,
464 1912 520 1962 in
565 1928 718 1964 sacco
760 1924 957 1965 nostrae
1000 1914 1253 1964 mortali-

173 1982 330 2044 tatis,
404 1985 473 2035 de
538 2001 647 2051 quo
711 2001 1062 2053 consurgens,
1107 1986 1185 2037 ait
1236 2003 1252 2037 z

177 2055 514 2107 Conscidisti
548 2073 765 2109 saccum
804 2075 993 2122 meum,
1050 2064 1101 2110 et
1139 2059 1256 2111 cir-

172 2127 502 2178 cumdedisti
531 2143 613 2179 me
644 2129 853 2181 laetitia.
888 2130 1003 2179 „Et
1028 2129 1256 2179 iterum:

175 2216 201 2244 ι(
220 2198 331 2250 Sed
359 2200 505 2251 unde
532 2201 690 2253 vobis
723 2203 844 2264 hoc,
870 2218 904 2254 o
923 2201 1256 2270 alienigenae,

177 2280 234 2322 ut
274 2287 306 2322 a
349 2273 509 2324 vobis
535 2274 786 2325 adoretur
810 2275 1097 2327 Christus?
1144 2276 1257 2326 Ne·-

177 2357 283 2407 que
323 2342 476 2393 enim
537 2344 596 2394 in
633 2345 793 2395 Israel
846 2356 1052 2397 tantam
1090 2344 1258 2395 fidem

177 2414 513 2466 invenimus,
564 2416 653 2467 Sic
702 2433 798 2468 vos
867 2434 978 2469 non
1030 2417 1260 2469 offendit

178 2485 304 2535 vilis
354 2485 619 2538 habitatio
662 2488 880 2548 stabuli,
938 2504 1052 2539 non
1113 2504 1256 2555 pau·—

178 2571 337 2621 peres
400 2571 554 2608 cunae
621 2558 888 2625 praesepii.
972 2560 1100 2610 Non
1163 2574 1262 2610 vos

179 2630 437 2696 pauperis
500 2632 687 2682 Matris
746 2632 1034 2698 praesentia
1056 2671 1073 2697 ‚
1149 2648 1261 2683 non

182 2701 435 2752 lactantis
471 2702 794 2754 scandalizat
835 2702 1088 2755 infantia.
1114 2702 1261 2764 Quid

185 2773 383 2837 facitis,
432 2773 598 2839 Magi,
632 2774 765 2840 quid
789 2774 999 2826 facitis?
1022 2776 1261 2826 Lactan-

185 2856 294 2896 tem
351 2846 591 2897 Puerum
634 2847 870 2899 adoratis
927 2849 985 2899 in
1043 2848 1264 2914 tugurio

185 2916 312 2976 vili,
373 2916 434 2968 in
486 2917 691 2969 vilibus
762 2918 987 2985 pannis!
1052 2920 1265 2985 Ergone

188 2990 336 3041 Deus
385 3001 469 3042 est
509 2991 643 3043 iste?
689 2994 843 3043 Deus
872 3002 1013 3043 certe
1040 2992 1096 3042 in
1125 2998 1266 3043 tem-

179 3063 276 3127 plo
324 3069 512 3114 sancto
565 3079 682 3127 sun,
718 3065 868 3114 Deus
903 3063 959 3114 in
991 3063 1128 3115 coelo
1172 3077 1267 3114 se-

189 3134 283 3185 des
343 3134 476 3200 eiust,
518 3145 572 3186 et
610 3150 709 3186 vos
758 3150 886 3185 eum
926 3133 1171 3201 quaeritis
1203 3133 1266 3184 in
1305 3156 1312 3162 ·

190 3205 285 3255 vili
332 3206 575 3267 stabulo,
629 3206 689 3256 in
763 3205 952 3257 Matris
1018 3204 1267 3272 gremio!

189 3276 340 3337 Quid
378 3276 571 3338 facitis,
607 3278 753 3344 quod
786 3287 839 3329 et
872 3293 1066 3329 aurum
1104 3277 1271 3328 offer-

190 3347 297 3398 tis?
340 3347 484 3413 Ergo
541 3364 636 3398 rex
702 3357 782 3400 est
852 3348 1002 3414 ipse?
1056 3346 1131 3399 Et
1167 3347 1265 3398 ubi

186 3420 313 3470 aula
348 3419 513 3486 regia,
556 3420 652 3470 ubi
701 3420 953 3480 thronus,
1012 3418 1108 3469 ubi
1169 3433 1270 3469 cu-

193 3493 288 3545 riae
329 3493 524 3559 regalis
587 3493 925 3559 frequentia?
982 3492 1268 3559 Numquid

192 3567 318 3617 aula
362 3575 444 3616 est
491 3566 784 3626 stabulum,
829 3566 1059 3616 thronus
1123 3578 1268 3631 prae—

190 3636 429 3703 sepium,
493 3636 652 3687 curiae
708 3636 1010 3702 frequentia
1065 3634 1271 3700 Joseph

191 3719 245 3759 et
274 3707 480 3759 Maria?
532 3707 818 3768 Quomodo
864 3707 939 3758 ita
996 3706 1269 3773 insipien-

191 3791 276 3833 tes
327 3779 451 3833 facti
519 3791 648 3832 sunt
709 3781 831 3833 viri,
865 3780 1152 3846 sapientes,
1209 3788 1272 3829 ut

191 3855 420 3905 adorent
482 3854 776 3905 Parvulum
853 3851 1235 3919 despicabilem
1253 3888 1268 3912 ,

192 3936 307 3977 tam
362 3941 463 3978 sua
510 3937 664 3979 aetate
735 3942 897 3993 quam
964 3932 1274 3991 paupertate

195 3997 461 4048 suorum?
508 3998 830 4064 Insipientes
871 3997 994 4048 facti
1033 4005 1179 4057 sunt,
1211 4004 1274 4045 ut

2311 388 2412 440 107

1306 503 1310 508 ⁴
1342 480 1531 533 fierent
1567 483 1854 549 sapientes,
1897 495 1950 535 et
1983 486 2273 550 praedocuit
2322 492 2415 541 e‘os

1343 552 1581 618 Spiritus
1638 553 1784 620 quod
1862 564 2047 620 postea
2115 557 2418 621 praedicavit

1342 623 1636 689 Apostolus
1678 640 1692 674 ε
1730 624 1838 685 Qui
1883 625 1999 676 vult
2038 639 2157 677 esse
2182 628 2415 693 sapien-5,

1329 696 1445 762 fiat
1492 697 1688 749 stultus
1741 704 1799 748 ut
1833 699 2051 766 sapiens
2092 699 2182 752 sit.
2226 701 2419 755 Nonne

1345 766 1651 818 timendum
1683 779 1816 829 erat,
1866 784 1934 819 ne
1989 770 2419 822 scandalizaren-

1347 848 1435 888 tur
1474 838 1577 889 viri
1633 838 1743 900 isti,
1795 849 1848 891 et
1902 840 2093 891 illusos
2134 856 2192 892 se
2238 842 2421 893 erede·

1348 922 1485 973 rent,
1539 928 1664 963 cum
1703 923 1852 965 tanta
1893 914 2118 980 indigna
2146 916 2422 968 viderent?

1347 984 1395 1034 Α
1441 982 1585 1049 regia
1622 983 1836 1035 civitate
1886 985 1981 1035 ubi
2046 1001 2226 1053 regem
2267 1001 2423 1053 quoe-

1350 1055 1579 1104 rendum
1620 1056 2072 1120 conjectabantur,
2101 1057 2167 1107 ad
2195 1058 2419 1108 Bethle-

1350 1127 1477 1175 hem
1531 1126 1716 1177 villam
1759 1129 2034 1192 parvulam
2078 1128 2422 1194 diriguntur3

1351 1197 1733 1263 ingrediuntur
1798 1198 1856 1248 in
1908 1200 2215 1263 stabulum;
2267 1201 2425 1250 inve-

1353 1267 1515 1318 niunt
1568 1267 1876 1318 involutum
1924 1270 2121 1336 pannis
2173 1270 2427 1321 Infantu·

1352 1341 1487 1389 lum.
1547 1339 1670 1389 Non
1727 1339 1838 1390 illis
1893 1342 2072 1391 sordet
2129 1341 2426 1406 stabulum,

1355 1424 1465 1459 non
1498 1409 1852 1460 offenduntur
1893 1411 2106 1476 panuh,
2140 1428 2250 1461 non
2279 1426 2428 1463 scan—

1353 1480 1654 1531 dalizantur
1703 1482 1950 1533 lactantis
1990 1482 2243 1546 infantia;
2296 1498 2429 1549 pro-—

1354 1550 1544 1601 cidunt
1615 1562 1742 1604 ante
1786 1567 1944 1617 eum,
1997 1562 2321 1604 venerantur
2368 1563 2432 1603 ut

1357 1636 1557 1686 regem,
1587 1622 1812 1673 adorant
1850 1633 1911 1674 ut
1948 1624 2142 1674 Deum.
2174 1624 2275 1674 Sed
2312 1639 2434 1690 pro-

1356 1693 1495 1744 fecto
1541 1694 1635 1761 qui
1687 1695 1810 1746 illos
1868 1696 2091 1746 adduxit
2122 1735 2135 1756 ,
2199 1696 2316 1762 ipse
2377 1706 2432 1748 et

1357 1764 1646 1829 instruxit;
1686 1776 1742 1816 et
1794 1766 1891 1834 qui
1923 1782 2017 1832 per
2046 1767 2256 1817 stellam
2299 1767 2434 1819 foris

1358 1838 1660 1906 admonuit,
1709 1839 1827 1905 ipse
1881 1840 1944 1890 in
1995 1842 2202 1891 occulto
2256 1840 2435 1891 cordis

1362 1910 1511 1962 intus
1537 1912 1752 1962 edocuit
1803 1930 1819 1964 ε
1878 1932 1906 1962 n
1954 1914 2071 1964 haec
2094 1913 2432 1964 BernarduS.

1363 1982 1431 2033 Et
1470 1984 1862 2049 Augustinus.-
1889 2002 1919 2031 a
1955 1986 2077 2036 Non
2108 1984 2211 2036 sub
2240 1983 2433 2050 pollice

1362 2053 1492 2104 sella
1543 2054 1768 2119 regaliS,
1844 2070 1956 2105 non
2034 2049 2101 2105 de
2173 2053 2437 2105 membris

1365 2142 1620 2194 purpura,
1669 2143 1785 2178 non
1841 2128 1900 2179 in
1956 2128 2126 2193 capite
2191 2126 2437 2177 diadema

1364 2197 1621 2266 fulgebat,
1652 2212 1762 2248 non
1803 2212 2000 2279 pompa
2032 2196 2441 2257 famulantium,

1365 2284 1479 2319 non
1519 2279 1689 2319 terror
1747 2268 2032 2328 exercitus,
2069 2283 2180 2317 non
2245 2266 2439 2332 glorio·
2477 2269 2485 2275 '

1365 2342 1479 2392 sior
1516 2341 1660 2391 fama
1709 2340 2020 2407 praeliorum
2072 2340 2174 2390 hos
2208 2339 2275 2390 ad
2311 2353 2438 2389 eum

1364 2414 1513 2464 viros
1552 2428 1619 2463 ex
1671 2412 1895 2463 remotis
1960 2427 2084 2463 cum
2119 2420 2267 2461 tanto
2311 2420 2441 2462 voto

1367 2484 1639 2551 supplices
1707 2492 2007 2533 attraxerat.
2092 2482 2306 2533 Jacebat
2375 2481 2438 2531 in

1368 2556 1629 2624 praesepio
1651 2556 1797 2606 Puer
1820 2564 1945 2605 ortu
1974 2569 2179 2618 recenS,
2214 2554 2442 2620 exiguus

1368 2643 1591 2695 corpore
1617 2665 1634 2691 ,
1695 2626 2128 2692 contemptibilis
2201 2638 2436 2691 pauper·-

1369 2711 1494 2751 tate.
1552 2699 1659 2750 Sed
1707 2713 1967 2765 magnum
2023 2696 2231 2764 aliquid
2302 2698 2444 2747 late-

1371 2774 1463 2824 bat
1515 2773 1575 2823 in
1626 2772 1820 2833 Puero,
1862 2771 2010 2837 quod
2040 2770 2119 2820 illi
2159 2769 2437 2829 homines,

1373 2860 1484 2895 non
1512 2854 1653 2895 terra
1690 2846 1969 2910 portante,
2012 2841 2104 2891 sed
2138 2841 2272 2891 coelo
2309 2854 2443 2891 nar·-

1372 2925 1544 2975 rante,
1582 2914 1898 2964 didicerant.
1924 2931 1953 2959 n
1988 2913 2144 2963 Unde
2172 2921 2225 2961 et
2267 2911 2445 2979 Chty-

1372 2990 1642 3037 sostomus
1667 3001 1700 3035 ..·
1728 3002 1757 3030 α
1795 2984 1873 3034 Et
1918 2983 2183 3033 intrantes
2231 2981 2445 3032 domum

1373 3059 1684 3110 invenerunt
1739 3058 1979 3108 Puerum
2034 3070 2153 3107 cum
2209 3054 2400 3104 Maria
2422 3089 2443 3116 ,

1373 3129 1563 3180 Matre
1610 3127 1744 3194 ejus,
1798 3128 1984 3188 Matre,
2047 3126 2270 3192 inquam
2308 3124 2443 3189 ejus,

1376 3215 1486 3252 non
1539 3199 1838 3250 diademate
1888 3207 2159 3256 coronata,
2192 3210 2304 3245 non
2344 3208 2445 3244 au·

1375 3287 1436 3322 ro
1488 3268 1784 3335 refulgente
1810 3307 1823 3329 ,
1877 3278 1971 3319 aut
2031 3269 2087 3319 in
2151 3268 2287 3318 lecto
2336 3277 2442 3314 au·-

1367 3357 1467 3395 reo
1494 3343 1864 3403 recumbente,
1917 3340 2017 3392 sed
2063 3339 2155 3390 vix
2200 3335 2445 3389 tunicam

1375 3429 1542 3466 unam
1588 3413 1822 3464 habente
1848 3449 1862 3473 ‚
1948 3426 2059 3461 non
2138 3410 2203 3460 ad
2250 3420 2444 3458 orna-

1376 3495 1621 3537 mentum
1673 3482 1914 3549 corporis
1936 3520 1951 3542 ‚
2010 3481 2103 3531 sed
2162 3480 2229 3529 ad
2285 3488 2447 3542 tegu-

1332 3616 1345 3628 .
1375 3567 1620 3609 mentum
1660 3554 1940 3617 nuditatiS,
1986 3552 2202 3619 qualem
2248 3549 2452 3599 habere

1375 3637 1582 3694 poterat
1647 3624 1976 3693 carpentarii
2067 3636 2205 3673 uxor
2290 3634 2445 3685 pere-

1375 3715 1469 3768 gre
1513 3699 1821 3752 constituta.
1871 3696 1929 3747 Si
1972 3712 2100 3762 ergo
2136 3706 2316 3759 regern
2347 3701 2450 3742 ter-

1374 3788 1569 3825 renum
1628 3779 1926 3839 quaerentes
1989 3768 2282 3824 venissent,
2325 3777 2452 3814 ma—

1378 3845 1461 3911 gis
1505 3844 1735 3895 fuissent
1777 3839 1985 3892 confusi
2039 3852 2203 3906 quam
2260 3835 2447 3903 gavisi,

1377 3916 1508 3982 quia
1566 3914 1702 3964 tanti
1757 3910 1969 3963 itineris
2022 3910 2262 3961 laborem
2330 3906 2453 3958 sine

1378 4002 1536 4041 causa
1598 3985 1975 4051 suscepissent.
2049 3984 2205 4034 Nunc
2268 3990 2447 4031 autem
