2784 4452
335 402 437 453 282

333 532 500 584 quam
524 515 815 566 trahitur.»
834 515 936 566 Sed
968 529 997 565 e
1025 513 1293 565 contrario
1319 513 1403 564 fa-

332 589 485 639 ciunt
521 586 675 646 fatui,
714 586 780 636 de
808 585 1008 652 qdibus
1038 585 1097 635 in
1129 584 1403 635 Ezechiele

334 660 532 710 dicitur
570 676 585 709 ε
635 659 769 708 Cum
810 657 1129 708 austeritate
1166 658 1404 721 impera-

336 729 477 780 batis
503 729 585 780 εἰς
607 734 661 779 et
680 743 794 779 cum
806 727 1071 794 potentia.

394 815 429 849 2
457 799 682 849 Dunex
699 812 917 847 nst-rea
938 809 1144 863 nsunt,
1159 809 1314 847 navis
1337 811 1409 846 tr

331 883 665 921 rtem-ronna
689 881 1134 918 mentitura-rto.
1145 866 1409 933 —Mysti-

334 954 398 992 ce
422 956 520 1007 per
545 950 799 1005 stagnum
822 945 996 1004 potest
1017 937 1246 1005 intelligi
1273 937 1403 999 Lex,

332 1024 481 1065 atra
507 1025 673 1079 quam
697 1010 964 1061 Dominus
995 1019 1124 1071 erat,
1165 1009 1298 1077 quia
1321 1010 1405 1060 le-

334 1083 476 1150 galia
521 1097 631 1147 jam
674 1095 880 1131 cessare
937 1078 1304 1147 incipiebant,
1355 1089 1410 1131 et

334 1155 456 1204 duae
488 1167 650 1204 naves
692 1165 827 1217 quas
845 1148 996 1201 vidit
1014 1160 1145 1201 sunt
1167 1152 1275 1201 duo
1306 1165 1411 1216 po-

336 1223 471 1292 puli,
500 1223 703 1274 scilicet
739 1221 995 1273 luduicus
1036 1231 1090 1273 et
1128 1220 1404 1273 Gentilis·
1388 1259 1407 1285 ,

337 1310 477 1363 quos
501 1295 657 1355 vidit,
680 1293 807 1361 quia
845 1294 914 1345 de
947 1303 1177 1365 utroque
1204 1294 1410 1361 populo

337 1368 541 1420 multos
586 1365 1004 1418 misericorditer
1034 1366 1303 1417 visitando
1339 1366 1408 1417 ad

337 1441 503 1492 finem
530 1441 755 1492 vocavit.
800 1439 1092 1491 Piscatores
1129 1449 1257 1490 sunt
1282 1455 1411 1507 prae-

338 1513 619 1572 dicatore5‚
652 1523 704 1562 et
734 1511 979 1561 Ecclesiae
1020 1511 1277 1571 doctores,
1311 1511 1407 1577 qui

340 1598 440 1632 nos
473 1597 566 1648 per
608 1590 716 1631 rete
759 1580 1151 1645 praedicationis
1195 1591 1249 1631 et
1282 1579 1406 1631 fidei

339 1652 821 1719 comprehendunt,
855 1660 908 1701 et
934 1650 1088 1717 quasi
1131 1650 1300 1701 littori
1331 1650 1409 1701 sic

339 1733 492 1775 terrae
519 1722 824 1774 viventium
861 1722 1159 1785 advehunt5
1189 1721 1282 1786 qui
1311 1722 1411 1772 de·-

339 1797 470 1847 bent
522 1795 844 1846 descendere
892 1795 957 1845 de
1001 1795 1110 1845 alto
1152 1794 1411 1859 praedica-

339 1868 507 1920 tionis
542 1869 608 1918 ad
638 1866 1118 1917 considerationem
1155 1881 1266 1917 suae
1301 1865 1411 1917 fra—

341 1938 594 2006 gilitatis,
657 1947 708 1988 et
754 1937 885 1987 retia
954 1937 1152 1997 lavare,
1217 1936 1272 1986 id
1331 1946 1412 1987 est

339 2011 574 2061 maculas
616 2017 970 2075 peccatorum,
1023 2023 1143 2073 quae
1181 2008 1241 2058 in
1285 2023 1412 2073 prae-

335 2079 604 2131 dicatione
651 2079 1079 2142 contrahuntur3.
1113 2093 1258 2145 aqua
1287 2094 1413 2128 oon-

335 2152 575 2204 tritionis
632 2151 823 2212 delere,
857 2151 985 2218 quia
1011 2150 1171 2201 verba
1213 2150 1412 2217 praedi-

336 2223 567 2276 cationis
596 2240 736 2290 saepe
771 2224 1107 2274 maculantur
1139 2238 1169 2274 a
1202 2233 1410 2290 quaestu

338 2295 645 2362 temporali,
688 2304 742 2346 et
789 2295 961 2360 gloria
996 2294 1165 2355 inani,
1194 2295 1262 2345 ab
1287 2294 1413 2345 adu-

336 2368 538 2419 latione
566 2365 758 2417 fallaci.
789 2367 881 2416 Ille
906 2382 1031 2432 ergo
1074 2367 1213 2416 lavat
1255 2365 1415 2425 retia,

338 2442 434 2507 qui
463 2443 673 2492 lucrum
722 2440 1034 2504 temporale,
1069 2440 1152 2490 vel
1175 2438 1411 2489 curiosi-

337 2521 520 2572 tatem,
541 2512 625 2562 vel
656 2510 957 2560 humanum
987 2508 1222 2560 favorem
1258 2525 1290 2560 a
1320 2509 1413 2558 do·

336 2583 510 2634 ctrina
545 2592 597 2632 et
641 2581 1017 2647 praedicatione
1052 2596 1150 2631 sua
1190 2580 1407 2631 excutit.

339 2651 504 2704 Navis
540 2651 784 2703 Simonis
839 2661 921 2702 est
978 2650 1252 2717 primitiva
1299 2651 1408 2700 Ec-

336 2724 498 2776 desia
540 2724 867 2785 ludaeorum,
917 2739 1149 2790 quorum
1206 2723 1407 2788 praedi-

337 2805 484 2847 eator
522 2795 709 2846 Petrus
738 2805 866 2855 erat,
901 2794 961 2845 in
1003 2809 1167 2861 qnam
1210 2792 1411 2844 Domi-

340 2879 444 2916 nus
510 2881 608 2932 per
653 2864 814 2916 fidem
870 2864 1192 2924 ascendens,
1233 2864 1305 2914 de
1345 2878 1409 2914 ea

337 2937 524 2989 turbas
567 2936 808 2998 docebat,
850 2935 980 3002 quia
1004 2935 1072 2986 de
1097 2935 1411 2986 auctoritate

337 3008 511 3075 ipsius
578 3007 840 3058 Ecclesiae
896 3022 1071 3075 usque
1124 3006 1190 3058 ad
1247 3005 1410 3057 hodie

340 3081 540 3134 Gentes
571 3080 742 3131 docet.
781 3080 903 3132 Alia
930 3080 1082 3132 navis
1111 3089 1192 3131 est
1213 3078 1410 3130 Eccle-

338 3154 422 3215 sia
466 3156 533 3206 de
602 3151 897 3216 Gentibus,
960 3154 1161 3220 quibus
1214 3154 1410 3204 Paulus

340 3227 525 3278 doctor
568 3235 651 3277 est
679 3224 904 3286 missus,
947 3226 1076 3293 quia
1110 3226 1178 3276 de
1224 3224 1409 3276 Judaea

340 3314 451 3350 non
494 3304 624 3349 sunt
660 3295 914 3347 credituri
941 3306 1022 3347 tot
1048 3304 1185 3362 quot
1210 3296 1279 3346 ad
1319 3294 1410 3346 vi-

339 3377 452 3422 tam
480 3380 736 3420 aeternam
766 3375 893 3417 sunt
919 3366 1302 3432 praedestinati.
1345 3368 1409 3418 ln

342 3440 466 3492 navi
540 3449 721 3491 autem
770 3449 926 3489 terrae
975 3437 1151 3489 vicina
1187 3436 1411 3488 docebat

341 3513 555 3577 turbas;
600 3511 675 3562 ita
706 3508 855 3561 enim
887 3508 1122 3560 coelestia
1148 3508 1410 3559 debemus

341 3584 547 3644 docere,
570 3592 634 3634 ut
659 3598 722 3633 ea
743 3580 939 3632 terreni
976 3578 1186 3631 valeant
1220 3581 1410 3631 saltem

342 3669 440 3721 per
456 3652 620 3704 fidem
659 3666 848 3719 capere
871 3652 954 3703 vel
982 3650 1295 3717 intelligere.
1324 3651 1410 3701 Ad

278 3782 289 3793 ,
341 3725 530 3776 turbas
571 3723 791 3790 quidem
820 3731 1111 3788 temperate
1135 3732 1220 3772 est
1243 3731 1409 3772 uten—

342 3793 475 3844 dum
510 3794 673 3843 verbo
722 3792 928 3853 divin0,
968 3802 1029 3843 ut
1061 3807 1160 3843 nec
1200 3800 1410 3843 terrena

344 3861 425 3912 eis
459 3862 856 3928 praecipiantur,
881 3878 981 3913 nec
1004 3877 1034 3912 a
1056 3862 1283 3913 terrenis
1315 3862 1408 3911 ni-

345 3932 473 3991 miS,
500 3942 563 3983 ut
606 3933 823 3998 penitus
852 3948 964 3982 non
993 3933 1312 3998 intelligant,
1348 3932 1407 3981 in

344 4002 613 4068 profundo
636 4018 906 4056 sacrorum
929 4005 1217 4058 recedatur.
1238 4004 1409 4056 Aliter

955 395 1198 450 PmMAE
1229 397 1479 450 PARTts
1506 395 1747 451 CAPUT
1775 396 1963 449 xx1x.

1509 527 1605 579 per
1632 511 1776 562 istud
1803 520 2072 577 stagnum,
2089 512 2234 576 quod
2253 511 2450 564 dicitur
2474 530 2583 566 ma-

1508 600 1589 644 re,
1623 582 1941 648 intelligitur
1963 584 2218 643 mundus,
2247 584 2341 650 qui
2365 586 2431 635 ad
2466 603 2580 637 mo·

1510 655 1641 705 dum
1683 655 1850 705 maris
1892 664 2064 706 tumet
2108 671 2201 721 per
2241 657 2583 722 superbiam,

1510 726 1676 778 fervet
1730 742 1825 792 per
1876 727 2173 788 avaritiam,
2222 741 2437 793 spumat
2479 747 2578 797 per

1509 798 1796 850 luxuriam.
1842 798 1927 850 Ad
1968 800 2357 851 transeundum
2412 800 2582 853 istum

1509 869 1777 920 mundum
1800 868 1936 920 vidit
1972 869 2242 931 Christus,
2277 871 2331 921 id
2363 882 2446 923 est
2478 887 2581 939 ap-

1506 938 1761 1007 probavit
1785 940 1922 991 duas
1951 955 2131 1002 naves,
2174 956 2404 1007 quarum
2435 957 2580 1004 una,

1510 1027 1635 1080 quae
1665 1028 1775 1063 non
1793 1012 2128 1073 nominatur,
2145 1012 2582 1080 signifieatviam

1511 1097 1854 1135 communem
1893 1083 2289 1145 mandatorum,
2326 1099 2390 1134 eo
2431 1086 2579 1152 quod

1512 1170 1705 1206 omnes
1762 1153 2077 1205 indistincte
2148 1154 2455 1221 obligentur
2506 1155 2579 1207 ad.

1506 1241 1649 1287 eam,
1704 1235 1756 1277 et
1799 1224 1906 1276 alia
1938 1239 2062 1291 quae
2101 1226 2433 1309 nominatur,
2471 1227 2584 1278 sci·

1510 1299 1635 1350 licet
1676 1297 1961 1358 Simonis,
2039 1298 2134 1365 qui
2202 1297 2585 1365 interpretatur

1510 1372 1774 1435 obediens,
1796 1370 2066 1438 significat
2090 1371 2378 1423 consilium
2396 1382 2455 1423 et
2475 1383 2577 1425 sta-

1508 1453 1627 1494 tum
1656 1442 2055 1509 religiosorum,
2083 1457 2316 1509 quorum
2349 1443 2574 1509 potissi-

1513 1531 1668 1565 mum
1713 1523 1897 1565 votum
1945 1524 2025 1564 est
2063 1514 2393 1577 obedientia3
2433 1526 2485 1566 et
2511 1517 2578 1566 ad

1513 1585 1672 1636 istam
1696 1584 1971 1635 descendit
2008 1584 2276 1646 ChristuS‚
2309 1595 2361 1635 et
2385 1586 2443 1636 in
2464 1585 2582 1651 ipsa

1514 1658 1670 1719 sedit,
1702 1667 1755 1709 et
1791 1657 1992 1718 docuit,
2035 1668 2086 1708 et
2113 1658 2284 1709 voluit
2315 1659 2461 1724 quod
2488 1675 2579 1709 re-

1512 1731 1790 1780 duceretur
1818 1743 1849 1779 a
1891 1739 2048 1789 terra,
2080 1728 2209 1796 quia
2236 1729 2485 1779 Christus
2517 1729 2582 1781 acl

1512 1815 1603 1850 cor
1630 1800 1867 1867 religiosi
1899 1801 2087 1851 devote
2135 1800 2360 1851 consilia
2393 1801 2584 1852 obser-

1516 1870 1694 1922 vantis
1738 1870 2012 1921 descendit
2040 1885 2134 1935 per
2164 1870 2406 1937 gratiam,
2435 1873 2583 1923 sedet

1515 1956 1608 2006 per
1645 1940 2177 2006 contemplationem,
2215 1952 2267 1992 et
2302 1941 2455 1993 docet
2485 1958 2580 2009 per

1514 2011 1782 2071 donorum
1835 2010 2068 2077 Spiritus
2126 2011 2305 2062 Sancti
2358 2011 2582 2063 influen-

1456 2141 1457 2144 ,
1513 2081 1759 2144 tiam·,et
1782 2081 1896 2147 ipse
1922 2082 2037 2132 vult
2068 2082 2218 2147 quod
2253 2098 2285 2133 a
2317 2092 2455 2133 terra
2491 2098 2581 2134 re-

1514 2152 1740 2203 ducatur
1761 2152 2040 2218 pusillum,
2067 2152 2267 2202 scilicet
2299 2153 2456 2204 corde
2477 2153 2578 2204 etsi

1514 2239 1624 2272 non
1661 2238 1896 2290 corpore,
1924 2223 2053 2289 quia
2083 2240 2193 2273 non
2219 2234 2394 2289 potest
2422 2223 2577 2275 aliter

1513 2308 1604 2343 cor
1642 2303 1891 2344 nostrum
1920 2293 2156 2353 retineri,
2183 2310 2251 2344 ne
2285 2294 2575 2361 aliquando

1511 2373 1708 2415 ten-arn
1750 2381 1814 2416 ex
1860 2365 2040 2432 aliqua
2083 2374 2264 2431 tangat
2309 2376 2471 2432 parte.
2510 2367 2580 2418 Et

1513 2435 1679 2486 sancti
1744 2435 1846 2486 viri
1909 2451 2019 2486 non
2076 2445 2304 2501 possunt
2357 2438 2572 2504 penitus

1511 2509 1768 2575 elongari,
1799 2509 1889 2560 sed
1921 2519 2129 2575 oportet
2156 2509 2365 2575 corpori
2393 2512 2578 2577 provi-

1511 2581 1655 2645 deri3
1682 2581 1757 2631 sic
1799 2596 1925 2647 ergo
1946 2581 2098 2632 navis
2123 2582 2380 2642 Simonis,
2404 2582 2458 2632 id
2478 2592 2575 2641 est,

1510 2651 1769 2718 religiosi,
1791 2652 1996 2702 debeta
2026 2662 2164 2703 terra
2190 2653 2458 2720 elongari3
2486 2653 2577 2704 sed

1511 2723 1674 2773 hodie
1711 2722 1866 2773 multi
1892 2738 1986 2789 per
2014 2723 2318 2791 ingressum
2355 2724 2577 2792 religio·-

1511 2796 1598 2845 nis
1627 2808 1739 2844 non
1772 2805 2103 2860 separantur,
2139 2811 2237 2846 nec
2260 2798 2580 2864 elongantcn·

1509 2879 1540 2916 a
1563 2864 1807 2926 terrenis,
1845 2866 1939 2916 sed
1973 2865 2154 2932 potius
2188 2867 2363 2932 magis
2411 2880 2576 2933 quam

1511 2937 1662 3004 prius
1706 2938 2081 3003 approximant
2132 2939 2228 2990 eis.
2284 2940 2419 2990 Item
2452 2938 2575 2990 duae

1511 3024 1671 3060 naves
1697 3025 1832 3077 quas
1851 3009 2103 3062 Christus
2125 3011 2282 3072 vidit,
2307 3022 2434 3062 sunt
2452 3010 2576 3061 duae

1509 3081 1613 3132 viae
1634 3095 1768 3147 quas
1785 3082 2115 3148 approbavit,
2131 3097 2360 3150 quarum
2381 3093 2577 3134 utram·

1510 3167 1616 3218 que
1648 3151 1923 3217 ingressus
1967 3162 2072 3216 est3
2108 3168 2220 3204 una
2251 3163 2330 3204 est
2364 3155 2452 3204 via
2483 3152 2576 3203 iu·-

1511 3224 1788 3284 nocentiae,
1814 3224 1977 3275 altera
2008 3235 2090 3276 est
2109 3225 2196 3276 via
2225 3225 2575 3291 poenitentiae'.

1510 3294 1661 3346 Sicut
1689 3294 1838 3344 enim
1869 3294 2084 3346 duobus
2128 3296 2309 3346 modis
2346 3296 2576 3347 habetur

1510 3364 1800 3425 hereditas,
1863 3364 2064 3418 scilicet
2130 3383 2227 3433 per
2290 3368 2578 3419 successio·

1512 3446 1636 3485 nem
1676 3444 1730 3485 et
1753 3436 2103 3500 emptionem,
2141 3438 2221 3488 sic
2251 3440 2449 3489 coelum
2471 3439 2576 3488 ha·-

1511 3506 1666 3555 betur
1714 3518 1812 3570 per
1854 3505 2000 3556 viam
2049 3508 2374 3560 innocentiae
2418 3507 2574 3575 quasi

1511 3589 1607 3655 per
1647 3575 2060 3638 successionem,
2114 3587 2169 3630 et
2200 3579 2340 3630 hanc
2383 3592 2576 3630 nav-em

1511 3644 1784 3711 ingressus
1827 3654 1909 3696 est
1945 3646 2213 3710 Christus,
2256 3650 2350 3716 qni
2375 3663 2576 3717 peeca-

1512 3722 1619 3766 tum
1648 3731 1751 3767 non
1775 3715 1934 3782 fecit,
1970 3734 2067 3771 nec
2104 3720 2345 3772 inventus
2379 3726 2464 3772 est
2492 3722 2580 3773 do*

1512 3789 1671 3838 luein
1691 3803 1787 3839 ore
1825 3789 1973 3856 εἰπε,-
2008 3791 2237 3843 habetur
2283 3793 2446 3844 etiam
2483 3807 2579 3859 per

1510 3862 1859 3929 emptionem,
1906 3863 1963 3913 id
2014 3876 2113 3928 est,
2160 3881 2283 3933 per
2301 3866 2577 3932 poeniten-

1509 3932 1673 3993 tiam,
1722 3942 1775 3984 et
1820 3932 1959 3984 hanc
2014 3951 2206 3988 navem
2261 3936 2361 4003 pro
2415 3936 2577 3986 nobis

1511 4004 1762 4056 Christus
1801 4007 2057 4068 ascendit,
2096 4023 2259 4074 quam
2294 4021 2474 4073 usque
2505 4007 2577 4058 ad
