2784 4452
938 329 1044 379 DE
1073 285 1462 379 EPIPHANIA
1489 324 1768 378 DOMINI.

212 446 473 515 „apparuit
514 446 778 497 Gentibus
831 460 952 512 quae
999 444 1301 496 Ecclesiam

224 519 608 584 impleverunt,
648 516 779 582 quia
814 518 864 565 in
896 516 1065 566 stellae
1093 514 1302 580 fulgore

225 590 326 640 Dei
355 588 542 654 gratia,
572 596 626 638 et
652 586 911 654 intribus
940 586 1112 652 Magis
1141 600 1301 636 voca-

221 660 301 711 tio
353 658 616 709 Gentium
661 655 962 723 praecaesit3
1006 654 1110 721 ipsi
1154 654 1301 706 enim

225 730 367 797 Magi
397 729 653 795 primitiae
680 728 942 779 Gentium
970 725 1209 788 fuerunt,
1248 736 1303 778 et

226 802 426 854 Gentes
473 800 531 850 in
562 799 842 850 Christum
895 797 1188 849 credituras
1226 797 1305 849 si·-

223 882 559 939 gnaverunt3
590 872 735 922 unde
751 870 948 921 festum
976 869 1302 921 hodiernum

222 943 442 1009 proprie
508 951 591 993 est
653 941 853 992 festum
898 939 1189 1003 Ecclesiae,
1248 949 1302 991 et

208 1014 473 1065 ‚fidelium
521 1012 967 1065 Christianorum.
997 1038 1060 1049 —-
1097 1011 1303 1062 Secun-

225 1085 358 1134 dum
389 1093 489 1144 est,
521 1083 650 1150 quia
677 1081 915 1133 Ecclesia
939 1082 1107 1132 hodie
1125 1090 1305 1133 sancta

225 1167 306 1209 oet
331 1158 400 1208 ab
428 1173 493 1208 eo
526 1159 874 1223 desponsata,
924 1164 979 1207 et
1001 1156 1180 1206 eidem
1205 1170 1304 1221 per

226 1230 562 1296 Baptismum
603 1245 731 1281 vere
772 1230 1088 1294 conjuncta,
1132 1244 1302 1295 quem

224 1302 318 1353 tali
354 1302 442 1352 die
482 1317 625 1352 anno
669 1317 770 1352 suo
815 1316 920 1352 xxx
950 1300 1190 1367 recipere
1215 1300 1303 1350 di-

154 1398 159 1403 *
225 1382 422 1439 gnatus
452 1384 550 1424 est.
598 1374 667 1423 Et
699 1373 822 1423 ideo
850 1372 1094 1423 laetanter
1121 1380 1303 1421 canta-

224 1457 314 1497 tur
342 1464 360 1496 :
387 1447 574 1498 Hodie
617 1446 821 1497 coelesti
867 1446 1082 1512 Sponso
1110 1445 1304 1511 juncta

225 1523 304 1568 est
338 1517 609 1580 Ecclesia,
666 1516 922 1581 quoniam
969 1516 1024 1566 in
1059 1516 1306 1566 Jordane

223 1589 360 1641 lavit
387 1589 640 1641 Christus
666 1590 782 1656 ejus
806 1588 1058 1640 crimina.
1076 1588 1214 1639 Nam
1245 1588 1301 1638 in

224 1661 500 1729 Baptismo
513 1662 864 1728 desponsatur
875 1662 1057 1712 anima
1067 1661 1304 1725 Christo,

223 1735 321 1799 qui
374 1734 630 1785 virtutem
680 1732 912 1798 sumpsit
952 1748 983 1783 a
1030 1731 1306 1798 Baptismo

224 1818 357 1869 su03
384 1814 437 1855 et
452 1804 575 1853 ideo
592 1802 899 1853 animarum
922 1802 1305 1868 baptizaturum

223 1874 568 1942 congregatio
628 1883 850 1924 vocatur
917 1873 1178 1924 Ecclesia.
1242 1899 1305 1910 -

222 1946 475 2021 Tertium
502 1955 608 2009 est,
643 1945 771 2012 quia
804 1945 896 1995 tali
933 1944 1047 2009 die,
1097 1943 1306 1995 scilicet

224 2034 362 2069 anno
383 2018 630 2069 revoluto
671 2028 796 2084 post
841 2017 1195 2083 Baptismum,
1221 2016 1305 2066 fe-

212 2089 294 2139 ·cit
339 2091 404 2140 ad
437 2088 653 2154 nuptias
689 2089 927 2155 primum
956 2087 1304 2152 miraculum,

223 2163 371 2229 quod
428 2160 589 2212 etiam
622 2162 689 2210 ad
739 2161 1070 2224 Ecclesiam,
1118 2168 1172 2210 et
1198 2159 1305 2225 spi-

223 2232 444 2283 rituales
514 2232 728 2297 nuptias
797 2231 1029 2298 adaptari
1092 2239 1265 2297 potest
1287 2267 1302 2291 ‚

212 2313 385 2368 >prout
428 2302 572 2353 infra
597 2318 698 2353 suo
726 2303 846 2353 loco
877 2301 1174 2369 apparebit.
1204 2300 1305 2351 His

225 2390 374 2441 ergO,
401 2385 466 2427 ut
499 2385 674 2426 cantat
700 2375 963 2437 Ecclesia,
999 2375 1171 2426 tribus
1208 2374 1304 2425 mi-

212 2448 434 2498 raculis
465 2454 714 2499 ornatum
743 2455 987 2500 sanctum
1028 2448 1169 2498 diem
1204 2460 1303 2498 co—

224 2520 403 2572 limus,
463 2522 639 2584 Unde,
699 2530 764 2572 ut
815 2521 946 2572 dicit
1012 2521 1305 2572 Maximus

224 2592 510 2659 episcopus
541 2611 555 2643 z
585 2611 616 2640 «
645 2595 704 2644 In
731 2592 1127 2661 antiquioribus
1149 2592 1305 2643 libris

225 2665 342 2716 dias
376 2665 469 2715 illa
495 2665 697 2716 dicitur
723 2665 1002 2731 pluraliter
1028 2663 1145 2715 dies
1168 2664 1301 2730 Epi-

224 2735 575 2802 plantarum,
617 2736 672 2785 id
717 2746 830 2797 est,
887 2735 1128 2801 plurium
1174 2734 1304 2785 illu-

222 2807 548 2857 strationum
569 2805 801 2870 Christi3
834 2805 1138 2873 Epiphanes
1159 2804 1303 2857 enirn

225 2879 642 2930 illustrationem
706 2888 879 2930 sonat.
938 2880 1048 2929 Has
1120 2889 1303 2930 tamen

225 2960 335 3002 πω
380 2948 844 3000 manifestationes
896 2949 1131 3016 propriis
1177 2949 1304 3017 qui-

225 3024 352 3074 dem
378 3022 696 3073 nominibus
740 3022 1083 3088 distinguunt
1114 3038 1130 3073 ε
1161 3022 1304 3088 Epi·-

221 3093 483 3160 phaniam
530 3103 782 3144 vocantes
831 3108 949 3144 eam
970 3132 986 3157 ,
1045 3107 1170 3158 quae
1209 3106 1306 3157 per

226 3166 439 3217 stellam
483 3176 592 3227 est,
639 3166 797 3232 quasi
825 3166 1109 3217 desursum
1136 3165 1302 3229 facta3

236 3238 638 3306 Theophaniam
658 3254 794 3300 eam,
809 3255 932 3306 quae
960 3238 1016 3288 in
1031 3238 1305 3305 Baptismo

230 3311 383 3378 quasi
411 3310 593 3371 aDe0,
624 3310 681 3360 id
711 3321 807 3371 est,
835 3326 866 3362 a
901 3312 1053 3362 Patre
1079 3310 1303 3374 factam;

231 3383 622 3449 Bethphaniam
672 3399 809 3447 eam,
849 3398 973 3450 quae
1013 3384 1068 3433 in
1102 3382 1308 3449 nuptiis

233 3454 383 3523 quasi
435 3454 491 3504 in
531 3456 694 3504 domo
726 3455 917 3505 factam
948 3471 964 3506 z
993 3454 1132 3506 Beth
1161 3453 1306 3504 enim

234 3527 446 3577 domum
477 3535 647 3576 sonat.
679 3527 951 3592 Recteque
972 3523 1076 3576 tria
1101 3524 1219 3576 haec
1251 3524 1308 3575 in

233 3611 344 3647 uno
371 3595 459 3646 die
494 3604 609 3647 acta
633 3595 794 3646 nobis
824 3594 1077 3662 mysteria
1107 3593 1308 3662 praedi-

234 3676 446 3727 cantur,
477 3666 572 3733 qui
601 3666 884 3717 Trinitatis
910 3665 1199 3717 ineffabilis
1221 3680 1308 3716 ar-

233 3755 428 3791 canum
454 3755 566 3790 uno
616 3739 717 3790 Dei
767 3740 872 3791 sub
917 3740 1141 3790 nomine
1184 3754 1311 3790 con-

232 3813 455 3864 fitemur
485 3830 499 3864 t
532 3831 559 3862 n
584 3813 702 3864 haec
728 3813 1037 3864 Maximus,
1068 3813 1308 3878 Insuper,

228 3885 536 3935 ¹secundum
563 3884 871 3951 Origenem,
899 3894 951 3935 et
970 3885 1077 3949 jam
1094 3882 1192 3934 hac
1223 3881 1311 3933 die

230 3954 382 4020 ,pavit
427 3965 658 4022 quatuor
701 3954 874 4006 millia
909 3953 1200 4006 hominum
1244 3952 1312 4004 de

2312 316 2317 322 '
2382 321 2482 373 103

1407 451 1612 509 septem
1642 440 1888 507 panibus,
1913 448 1972 490 et
1982 438 2168 504 paucis
2186 435 2484 505 pisciculis.

1407 516 1571 567 Vides
1618 513 1799 581 imque
1848 528 2013 579 quam
2058 512 2377 562 venerabilis
2407 520 2512 563 est·

1407 590 1523 640 dies
1548 588 1651 638 ista
1689 602 1855 654 quam
1882 584 2149 636 Dominus
2199 585 2385 651 elegit,
2419 585 2485 636 ad

1408 671 1488 712 tot
1514 659 1744 711 mirifica
1783 669 1838 710 et
1884 657 2172 724 magnifica
2227 656 2481 708 facienda.

1409 731 1761 784 Considerans
1779 745 1907 797 ergo
1932 728 2170 779 Ecclesia
2191 736 2271 778 tot
2290 742 2488 794 magna

1409 802 1665 853 beneficia
1690 800 1854 851 hodie
1881 798 1987 850 sibi
2023 814 2056 850 a
2093 801 2302 864 Sponso
2340 796 2487 848 exhi·

1407 872 1516 923 bita
1533 910 1547 933 ,
1577 880 1724 939 grata
1744 871 1974 922 existere
2006 870 2195 921 volens
2234 868 2485 929 exsultat,

1408 944 1749 1009 jucundatur,
1780 949 1832 992 et
1852 940 2061 1006 jubilat,
2091 954 2151 990 ac
2173 938 2317 988 diem
2346 939 2487 989 hanc

1410 1015 1689 1083 magnifice
1717 1014 2047 1067 solemnizat.
2076 1013 2334 1063 Dicamus
2383 1011 2484 1061 ita-

1409 1103 1517 1155 que
1551 1103 1697 1138 nunc
1730 1088 1796 1138 de
1843 1086 2051 1153 prim0‚
2104 1086 2231 1151 quia
2268 1085 2336 1134 de
2364 1082 2487 1134 aliis

1408 1158 1700 1209 dicendum
1724 1157 1827 1209 erit
1851 1156 1993 1207 infra
2017 1155 2207 1205 ordine
2231 1168 2350 1205 sue.

1459 1229 1504 1281 *5
1540 1231 1620 1280 Dr.
1657 1241 1873 1280 musas
1917 1228 2211 1278 Masonuu.
2259 1252 2321 1265 —·
2350 1224 2487 1276 Cum

1410 1315 1563 1367 erge,
1607 1300 1908 1352 secundum
1968 1297 2310 1364 prophetiam
2378 1294 2489 1345 Mi·-

1409 1374 1592 1433 chaeae,
1630 1379 1791 1424 natus
1816 1377 1958 1423 esset
1996 1372 2161 1421 Jesus
2191 1370 2244 1420 in
2279 1368 2489 1420 Bethle-

1410 1448 1527 1499 hem
1548 1445 1729 1509 Judae,
1762 1459 1886 1513 quae
1918 1454 1999 1495 est
2039 1444 2096 1494 in
2131 1444 2281 1494 tribu
2316 1442 2483 1503 Juda,

1411 1518 1558 1585 quod
1581 1516 1780 1568 dicitur
1806 1516 1874 1568 ad
1906 1514 2312 1566 distinctionem
2346 1514 2485 1564 alte-

1411 1590 1527 1640 rius
1551 1588 1888 1649 Bethlehem,
1913 1601 2035 1654 quae
2059 1595 2142 1637 est
2174 1585 2232 1635 in
2249 1584 2486 1644 Galilaea,

1412 1664 1470 1715 in
1494 1663 1641 1715 tribu
1663 1663 1925 1724 Zabulon,
1947 1662 2002 1713 in
2028 1660 2215 1712 diebus
2241 1660 2487 1710 Herodis

1408 1734 1592 1801 regia,
1628 1733 1833 1785 scilicet
1874 1748 2021 1783 anno
2059 1731 2211 1798 regni
2245 1730 2332 1781 sui
2360 1743 2483 1790 xxx,

1412 1821 1506 1871 per
1535 1805 1684 1871 quod
1717 1804 2022 1855 ostenditur
2053 1812 2271 1867 tempus
2303 1799 2487 1867 praefi-

1412 1875 1593 1927 nitum
1626 1874 1833 1927 Christi
1857 1873 2150 1936 nascentis3
2189 1871 2485 1937 propheta-

1411 1955 1557 1998 verat
1619 1945 1769 1996 enim
1820 1944 2121 2010 patriarcha
2180 1942 2342 1992 Jacob
2392 1941 2487 1991 illo

1411 2026 1654 2083 tempore
1677 2016 1960 2068 Christum
1988 2013 2103 2065 fore
2132 2013 2487 2073 nasciturum,

1411 2088 1631 2156 quando
1659 2086 1902 2138 deficeret
1930 2094 2219 2150 sceptrum,
2244 2083 2357 2134 sive
2394 2096 2489 2133 rex

1411 2172 1465 2213 et
1493 2162 1605 2212 dux
1627 2160 1695 2211 de
1718 2160 1920 2228 populo
1941 2160 2253 2210 Judaeorum
2279 2172 2294 2206 z
2320 2165 2372 2205 et
2387 2155 2492 2205 hoc

1410 2235 1698 2300 impletum
1720 2243 1801 2284 est
1829 2232 1887 2282 in
1912 2231 2125 2285 Herode
2152 2226 2482 2288 Ascalonita,

1410 2308 1505 2375 qui
1531 2306 1637 2357 fuit
1669 2306 1957 2363 Idumaeus,
1983 2313 2037 2354 et
2059 2301 2270 2368 primus
2295 2313 2483 2366 regna-

1409 2380 1488 2430 vit
1517 2377 1837 2443 alienigena.
1869 2376 2015 2426 Ecce
2053 2372 2240 2440 Magi,
2268 2381 2321 2423 et
2357 2385 2492 2437 gen-

1411 2453 1533 2504 tiles
1570 2451 1882 2502 universam
1922 2448 2213 2500 Ecclesiam
2247 2445 2489 2498 futuram

1410 2539 1477 2574 ex
1499 2521 1767 2574 Gentibus
1790 2528 2259 2587 repraesentanteS,
2284 2532 2316 2568 a
2355 2531 2486 2582 par-

1411 2596 1559 2647 tibus
1605 2593 1995 2654 orientalibus,
2040 2595 2294 2643 venerunt
2322 2590 2490 2639 Jero-

1411 2666 1701 2734 solymam,
1730 2663 2004 2715 civitatem
2028 2662 2250 2728 regiam,
2275 2659 2488 2711 ibidem

1409 2739 1478 2790 de
1507 2737 1729 2789 Christo
1772 2744 1898 2786 nato
1937 2733 2277 2801 inquirentes
2310 2740 2363 2781 et
2402 2730 2489 2780 di-

1409 2821 1590 2863 centes
1622 2827 1637 2861 ε
1669 2809 1775 2862 Ubi
1804 2815 1888 2860 est
1924 2808 2017 2874 qui
2060 2811 2219 2857 natus
2265 2809 2351 2856 est
2383 2816 2490 2854 rex

1409 2878 1775 2935 Judaeorum?
1823 2879 1962 2931 Ecce
2026 2892 2156 2943 ergo
2209 2875 2402 2928 titulus
2459 2890 2490 2924 a

1410 2953 1582 3018 Magis
1626 2950 1720 3002 hic
1761 2948 2074 3009 nuntiatuS,
2111 2961 2142 2997 a
2166 2945 2365 2997 Judaeis
2406 2960 2483 2996 re-

1411 3026 1669 3092 probatus
1693 3021 1769 3073 ibi
1796 3037 1812 3072 z
1837 3019 1975 3073 Noli
1997 3019 2232 3071 scribere
2258 3030 2365 3068 rex
2386 3016 2482 3067 Ju-

1411 3097 1675 3158 daeorum,
1739 3106 1773 3144 a
1821 3091 2097 3157 Scriptura
2142 3088 2492 3141 confirmatus

1413 3167 1488 3217 ibi
1517 3182 1532 3215 ι
1565 3164 1724 3225 Quod
1759 3161 1961 3227 scripsi
1991 3161 2206 3228 scripsi.
2232 3187 2296 3198 —
2335 3158 2489 3210 Vidi-

1412 3249 1531 3287 mus
1567 3235 1705 3285 enim
1748 3234 1803 3285 in
1840 3233 2058 3283 Oriente
2102 3230 2315 3281 stellam
2348 3229 2487 3295 ejuS,

1413 3306 1616 3359 scilicet
1637 3304 1932 3371 propriam,
1960 3302 2091 3370 quia
2115 3301 2256 3352 hanc
2287 3298 2491 3350 creavit

1413 3380 1479 3431 ad
1499 3379 1584 3430 sui
1600 3377 1969 3430 ostensionem
1989 3392 2005 3440 ;
2032 3381 2084 3426 et
2100 3372 2354 3434 venimus,
2372 3385 2491 3437 per-

1413 3450 1688 3511 sonaliter,
1721 3449 1974 3511 adorare,
2016 3445 2316 3505 humiliter,
2349 3457 2486 3505 eum,

1413 3522 1777 3590 singulariter.
1828 3521 2071 3573 Veniunt
2132 3514 2369 3585 pastores
2428 3525 2490 3566 ut

1413 3595 1787 3660 certificentur,
1814 3603 1877 3647 ut
1909 3608 2097 3659 supra;
2139 3589 2367 3642 veniunt
2401 3601 2488 3639 re-

1416 3682 1508 3733 ges
1531 3674 1593 3717 ut
1614 3674 1964 3725 venerentur,
2011 3672 2072 3713 ut
2110 3661 2228 3723 hic3
2264 3657 2491 3731 veniunt

1416 3752 1573 3787 senes
1630 3746 1694 3787 ut
1758 3735 2091 3803 gratulentur
2115 3771 2130 3794 ,
2191 3740 2251 3781 ut
2327 3730 2485 3782 infra.

1420 3807 1663 3858 Primum
1696 3806 1927 3873 pertinet
1965 3805 2031 3855 ad
2075 3802 2347 3869 praelatos3
2398 3816 2488 3853 se-

1417 3878 1656 3929 cundum
1704 3877 1771 3927 ad
1826 3876 2059 3938 activos;
2132 3872 2352 3924 tertium
2420 3872 2487 3923 ad

1419 3947 1879 4014 contemplativos,
1944 3945 2109 3997 Primi
2179 3944 2365 3996 vident
2436 3951 2490 3995 et
