2784 4452
677 324 1034 414 SERMONIS
1068 362 1138 413 IN
1173 363 1430 415 MONTE
1459 364 1974 416 CONTINUATIO.

195 477 324 537 oriS,
357 478 497 529 sicut
537 488 590 529 et
624 480 804 530 cordis
848 489 901 531 et
932 478 1111 544 operis
1146 478 1259 528 Deo

195 546 571 613 impendamus
604 566 619 600 ι
648 549 842 615 triplex
872 549 1018 600 enim
1049 547 1259 599 sacrifi-

192 616 340 667 cium
385 619 498 668 Deo
537 620 815 685 debemus,
852 619 1057 671 scilicet
1093 618 1260 669 sacri-

191 687 379 740 ficium
435 692 632 752 cordis,
680 693 811 753 oris,
857 702 911 742 et
950 691 1147 758 operis.
1198 719 1258 729 —-

189 760 456 822 Secunda,
497 773 558 813 ut
593 763 660 812 ad
688 762 1011 814 memoriam
1040 776 1259 812 revoce-

189 848 317 883 mus
368 834 514 899 quod
567 845 744 899 petere
782 835 1059 893 debemus,
1105 841 1160 883 et
1197 841 1259 882 ut

187 901 305 968 ipsa
317 904 514 953 vocalis
534 904 704 954 oratio
726 904 999 970 pigritiam
1014 913 1256 953 nostram

184 972 397 1033 excitet,
446 973 577 1040 quia
625 974 673 1025 si
724 975 890 1025 homo
936 988 1148 1039 semper
1198 972 1255 1022 in

181 1045 399 1096 silentio
427 1056 617 1109 oraret,
646 1047 712 1097 de
733 1045 876 1098 facili
904 1046 1254 1106 obdormiret,

151 1183 157 1189 ἢ
182 1118 386 1170 oblitus
413 1120 547 1185 quid
569 1129 847 1186 peteren—
865 1120 1065 1180 Tertia,
1091 1129 1153 1170 ut
1166 1135 1255 1170 vo-

179 1190 280 1240 cali
330 1191 572 1241 oratione
610 1192 889 1257 proximus
936 1192 1251 1252 instruatur,

179 1271 234 1312 et
254 1263 324 1313 ad
345 1264 630 1314 consimile
654 1280 794 1330 opus
818 1265 1092 1316 invitetur.
1121 1265 1253 1315 Vult

178 1343 361 1383 autem
389 1335 534 1385 Deus
563 1345 623 1386 ut
646 1351 885 1396 oremus,
917 1351 984 1385 ne
1011 1336 1158 1402 quod
1182 1336 1251 1387 ab

177 1421 243 1456 eo
273 1408 433 1457 nobis
456 1408 631 1469 datur,
660 1409 768 1459 vile
791 1409 1121 1472 habeamus;
1154 1410 1248 1460 sed

177 1490 244 1526 eo
272 1476 392 1542 ipso
421 1478 657 1543 amplius
688 1494 814 1529 eum
836 1481 1140 1539 adoremus,
1166 1482 1252 1530 de-

174 1547 480 1599 sideremus
529 1560 584 1601 et
641 1551 715 1601 ita
747 1552 984 1618 amplius
1037 1567 1249 1601 merea-

175 1632 320 1669 mur.
365 1620 476 1669 Nec
515 1620 580 1670 ad
626 1636 752 1671 eum
796 1630 1010 1672 orantes
1054 1621 1250 1673 frustra

171 1689 369 1740 scienti
415 1692 711 1758 loquimur,
769 1694 917 1760 quia,
951 1695 1247 1746 secundum

172 1763 593 1831 Hieronymum,
645 1783 757 1817 non
793 1777 1111 1828 narratores,
1154 1769 1247 1819 sed

167 1843 445 1899 rogatores
501 1851 692 1886 sumus
714 1843 740 1888 ’τ
770 1837 916 1888 aliud
964 1848 1046 1889 est
1096 1839 1247 1889 enim

169 1918 388 1955 narrare
458 1905 763 1971 ignoranti,
842 1909 990 1959 aliud
1069 1919 1247 1975 petere

167 1974 381 2025 scienti.
425 1976 578 2027 Unde
615 1986 669 2027 et
712 1978 1136 2047 Chrysostomus
1171 1981 1249 2030 di-

165 2046 260 2106 cit,
302 2047 450 2113 quod
491 2059 702 2113 oportet
735 2065 905 2110 orare,
948 2060 1010 2101 ut
1046 2051 1249 2103 scilicet

166 2117 345 2167 Deum
374 2134 486 2168 non
526 2120 734 2181 doceaS,
763 2121 856 2171 sed
892 2120 1149 2184 inflectas,
1185 2131 1248 2171 ut

165 2186 454 2240 familiaris
499 2188 745 2241 efficiaris
797 2190 1246 2256 interpellationis

164 2257 499 2325 frequentia,
553 2269 617 2311 ut
661 2261 968 2312 humilieris
1022 2263 1244 2324 orando,

163 2341 336 2397 utque
375 2342 712 2397 peccatorum
750 2344 968 2385 tuorum
1000 2336 1248 2386 recorde-

161 2404 258 2455 ris,
331 2406 398 2455 Et
451 2407 750 2457 notandum
811 2409 958 2474 quod
1020 2420 1246 2475 possunt

159 2474 511 2540 multiplicari
562 2478 724 2531 verba
775 2478 833 2528 in
886 2478 1143 2539 oratione,
1183 2489 1244 2530 ut

159 2561 258 2611 per
284 2545 739 2611 significationem
769 2549 1059 2600 verborum
1090 2552 1246 2601 devo-

159 2628 344 2668 torum
391 2619 608 2670 animus
659 2621 857 2672 melius
905 2623 1140 2674 elevetur
1184 2623 1242 2674 in

158 2691 357 2751 Deum,
404 2702 457 2741 et
498 2709 609 2743 non
650 2694 829 2745 solum
886 2705 1095 2756 mente,
1151 2696 1244 2747 sed

160 2763 327 2814 etiam
355 2766 615 2831 corporali
647 2782 775 2829 voce
804 2768 972 2818 homo
1010 2770 1245 2820 elevetur

163 2835 226 2885 in
291 2851 415 2886 eum
446 2875 461 2900 ,
523 2838 819 2888 secundum
881 2839 1018 2890 illud
1065 2857 1078 2890 ε
1134 2841 1246 2891 Cor

161 2919 354 2970 meum,
393 2913 445 2958 et
456 2922 586 2959 caro
616 2923 732 2958 mea
759 2909 1169 2960 exsultaverunt
1190 2911 1244 2960 in

162 2977 339 3027 Deum
374 2978 567 3041 vivum,
612 2994 721 3028 non
761 2988 939 3029 tamen
966 2988 1141 3045 potest
1166 2980 1243 3031 ibi

165 3048 284 3098 dari
324 3050 508 3114 regula
558 3060 717 3109 certa,
754 3050 848 3100 sed
876 3051 1034 3101 debet
1075 3051 1243 3101 homo

164 3121 367 3171 talibus
415 3123 495 3174 uti
553 3123 606 3173 in
662 3123 923 3184 oratione,
975 3135 1241 3190 quantum

166 3194 396 3258 percipit
423 3197 569 3261 quod
609 3195 810 3246 faciunt
849 3196 914 3246 ad
939 3197 1242 3249 devotionis

162 3264 619 3316 exercitationem.
662 3266 718 3315 Si
761 3276 939 3316 autem
969 3282 999 3316 e
1026 3277 1243 3318 contra-

161 3333 247 3383 rio
320 3334 578 3400 percipiat
651 3336 797 3402 quod
866 3336 1243 3403 multiplicatio

161 3404 452 3455 verborum
504 3406 766 3456 distrahat
823 3417 1059 3458 mentem
1106 3409 1238 3474 ejuS,

160 3474 293 3541 quia
329 3476 623 3542 aliquando
667 3476 1077 3543 multiloquium
1131 3477 1258 3530 oris‘

158 3546 389 3611 impedit
433 3548 774 3597 devotionem
828 3550 1053 3609 mentis,
1111 3560 1239 3601 tunc

157 3619 320 3668 debet
379 3634 583 3670 cessare
638 3635 670 3669 a
728 3620 908 3670 verbis
930 3659 944 3681 ,
990 3632 1043 3672 et
1092 3638 1241 3675 orare

155 3687 336 3737 Deum
376 3690 574 3739 mentis
614 3689 909 3741 affectibus·
953 3691 1122 3752 Unde,
1165 3708 1241 3744 se-

156 3757 401 3808 cundum
429 3761 795 3825 Augustinum
825 3777 842 3811 .-
872 3761 1103 3820 Quando
1145 3779 1238 3812 ro-

155 3845 352 3895 gamus
384 3831 576 3890 Deum,
609 3830 801 3895 pietate
823 3847 962 3897 opus
996 3842 1093 3893 est,
1127 3849 1236 3883 non

153 3900 501 3964 verbositate;
529 3902 675 3952 aliud
701 3912 780 3951 est
810 3918 988 3953 sermo
1012 3907 1236 3964 multus,

152 3975 306 4028 aliud
337 3976 629 4027 diuturnus
669 3976 904 4029 affectus,
943 3978 1080 4029 Nam
1118 3981 1233 4046 ple-

2337 366 2443 433 347

1367 494 1599 546 rumque
1640 480 1743 530 hoc
1783 480 2057 546 negotium
2096 465 2218 546 plus
2265 482 2443 548 gemi-

1365 551 1513 602 tibus
1578 552 1783 617 agitur,
1841 567 2004 618 quam
2066 554 2442 617 sermonibus;

1365 623 1486 687 plus
1512 621 1746 682 fletibus,
1774 639 1939 690 quam
1974 623 2155 674 affatu.
2188 625 2316 675 Haec
2354 635 2439 676 ta·-

1364 710 1491 745 men
1523 694 1872 760 intelligenda
1899 703 2029 744 sunt
2070 695 2138 745 de
2177 695 2444 746 orationi-

1364 765 1468 816 bus
1520 765 1759 831 privatis·
1799 775 1854 815 et
1910 766 2250 828 voluntariis,
2312 766 2439 832 quia

1362 835 1630 886 orationes
1675 835 1871 886 debitae
1899 846 1953 885 et
1981 836 2209 901 publicae
2245 836 2441 889 debent

1362 921 1480 958 esse
1507 906 1565 958 in
1592 906 1789 969 verbis,
1818 917 1881 958 ut
1908 907 2121 973 possint
2143 908 2344 974 percipi
2371 908 2443 958 ab

1361 975 1503 1027 aliis.
1814 1015 1824 1027 .

1424 1045 1454 1096 5
1489 1046 1572 1096 Da
1591 1062 1797 1097 msumo
1816 1062 1884 1096 ET
1895 1062 2150 1105 Quouono
2163 1062 2429 1097 cmusrra-

1358 1132 1429 1166 NE
1449 1131 1787 1166 smummnuu
1814 1132 1926 1167 Esr.
1947 1144 2009 1155 —
2036 1117 2241 1167 Deinde
2271 1118 2427 1168 docet

1358 1186 1542 1252 fugere
1561 1186 1892 1252 hypocrisim
1908 1186 1967 1236 in
1985 1186 2202 1252 jejuni0,
2216 1186 2428 1237 dicens:

1360 1258 1495 1308 Cum
1532 1257 1816 1324 jejunatis,
1869 1259 2016 1325 quod
2080 1258 2293 1323 expedit
2340 1274 2437 1324 pro

1357 1338 1616 1394 tempore,
1675 1329 1837 1379 nolite
1879 1328 2015 1394 fieri
2060 1329 2261 1390 tristes,
2298 1329 2441 1380 sicut

1355 1398 1675 1466 hypocritae.
1694 1398 1814 1448 Non
1828 1400 2008 1448 solum
2025 1398 2277 1464 prohibet
2299 1398 2443 1462 fieri,

1357 1469 1448 1517 sed
1478 1468 1633 1528 velle,
1664 1484 1788 1518 cum
1826 1467 1975 1528 dicit,
2017 1468 2222 1518 nolite:
2253 1468 2310 1518 in
2345 1484 2437 1519 vo-

1355 1538 1562 1588 luntate
1591 1548 1672 1589 est
1712 1538 1862 1588 enim
1908 1538 2085 1604 prima
2122 1538 2274 1588 radix
2315 1554 2436 1589 me—

1355 1609 1508 1660 rendi
1585 1611 1670 1661 vel
1734 1610 2061 1661 demerendi.
2118 1611 2250 1660 Item
2317 1610 2434 1661 fieri

1355 1683 1624 1748 prohibet,
1654 1699 1763 1733 non
1788 1698 1921 1744 esse,
1954 1684 2100 1750 quia,
2137 1684 2439 1735 secundum

1355 1754 1832 1822 Chrysostomum,
1914 1755 2092 1805 sciens
2168 1755 2436 1806 Dominus

1354 1827 1500 1892 quod
1544 1843 1656 1876 non
1714 1837 1887 1893 potest
1946 1843 2062 1878 esse
2103 1827 2292 1878 hilaris
2338 1828 2434 1894 qui

1351 1899 1571 1964 jejunat,
1586 1916 1695 1950 non
1709 1899 1874 1949 dixit:
1892 1900 2076 1950 Nolite
2100 1916 2216 1951 esse
2233 1900 2440 1960 tristeS,

1352 1973 1445 2022 sed
1462 1989 1475 2022 :
1493 1972 1682 2023 Nolite
1694 1972 1847 2039 fieri.
1863 1973 2025 2023 Aliud
2041 1983 2122 2024 est
2135 1974 2284 2024 enim
2297 1988 2443 2038 esse,

1350 2042 1496 2092 aliud
1537 2041 1673 2092 fieri.
1715 2044 2011 2093 Assiduum
2035 2043 2257 2109 quidem
2293 2045 2435 2109 jeju-

1352 2114 1509 2164 nium
1543 2115 1856 2166 naturaliter
1882 2115 2009 2166 facit
2034 2131 2151 2166 esse
2183 2116 2393 2165 tristem
2409 2131 2426 2179 3

1349 2185 1447 2254 qui
1475 2195 1655 2237 autem
1690 2201 1784 2253 per
1813 2185 2146 2254 hypocrisim
2173 2186 2441 2252 pallentes

1350 2271 1625 2324 apparent,
1644 2261 1823 2312 tristes
1853 2277 1964 2310 non
1993 2271 2138 2321 sunt,
2166 2261 2259 2310 sed
2288 2258 2426 2310 fiunt

1351 2330 1490 2381 sicut
1531 2330 1835 2398 hypocritae
1863 2331 2041 2382 tristes
2078 2330 2136 2380 in
2165 2345 2430 2396 apparen-

1348 2400 1441 2459 tia,
1473 2409 1532 2449 ut
1557 2400 1673 2466 ipsa
1697 2402 1886 2451 vultus
1913 2400 2131 2451 tristitia
2167 2401 2237 2450 sit
2262 2409 2433 2449 osten-

1348 2471 1481 2521 tatio
1521 2470 1711 2537 jejunii
1757 2470 1888 2522 falsa
1926 2481 1979 2522 et
2024 2485 2174 2521 vana.
2214 2470 2439 2521 Exter-

1349 2543 1555 2593 minant
1580 2543 1736 2607 enim,
1759 2553 1809 2594 et
1832 2543 1984 2611 quasi
2005 2553 2152 2593 extra
2179 2542 2429 2608 proprios

1349 2614 1610 2665 terminos
1630 2624 1842 2680 ponunt
1863 2624 1915 2664 et
1938 2616 2224 2674 adducunt,
2238 2613 2424 2679 facies

1349 2707 1496 2757 suaS,
1529 2708 1588 2743 ac
1616 2693 1919 2743 deformant
1940 2708 2162 2759 corpora
2196 2708 2294 2743 sua
2323 2692 2423 2742 ha·-

1350 2763 1468 2813 bitu
1511 2763 1730 2814 sordido
1772 2773 1825 2813 et
1851 2762 2098 2829 squalido
2127 2765 2429 2828 deturpant,

1351 2840 1408 2884 ut
1434 2840 1734 2901 appareant
1759 2834 2056 2884 hominibus
2100 2833 2439 2900 jejunanteS,

1348 2922 1408 2957 ac
1438 2922 1651 2972 semper
1677 2906 1957 2957 videantur
1974 2906 2173 2969 tristeS,
2201 2917 2253 2957 et
2275 2921 2429 2972 quas,

1348 2952 1423 3025 dg
1437 2976 1668 3041 peccatis
1695 2976 1925 3026 aliorum
1950 2978 2227 3042 lugentes;
2260 2986 2435 3026 osten-

1348 3050 1487 3099 dunt
1538 3049 1685 3100 enim
1737 3050 2028 3115 quamdam
2058 3049 2209 3100 faciei
2251 3049 2426 3099 tristi-

1347 3120 1481 3170 tiam
1510 3130 1564 3170 et
1599 3130 1747 3170 extra
1788 3119 2012 3171 solitum
2042 3120 2273 3171 aliorum
2302 3135 2427 3170 mo-

1346 3195 1480 3243 dum
1534 3192 1593 3241 in
1633 3193 1785 3242 vultu
1830 3203 1882 3243 et
1918 3203 2063 3245 veste
2123 3194 2426 3259 squalorem

1345 3265 1738 3323 demonstrant,
1763 3273 1822 3313 ut
1845 3264 2171 3330 poenitentiae
2196 3262 2430 3327 rigorem

1344 3335 1530 3387 simula
1548 3345 1634 3395 at,
1681 3344 1734 3385 et
1784 3336 2023 3401 religiosi
2067 3349 2173 3400 prae
2219 3332 2424 3382 caeteris

1343 3417 1650 3473 appareant,
1690 3414 1740 3455 et
1767 3404 1892 3455 inde
1921 3405 2106 3454 laudes
2142 3403 2209 3452 ab
2238 3401 2437 3452 homi-

1346 3481 1509 3531 nibus
1533 3476 1810 3547 recipiant.
1836 3479 1884 3529 O
1912 3477 2123 3528 insania
2147 3475 2422 3539 vanitatis,

1345 3554 1537 3604 nolunt
1593 3569 1727 3613 esse,
1783 3551 1935 3619 quod
1999 3560 2176 3599 tamen
2212 3548 2424 3613 ,volunt

1344 3624 1623 3691 apparere!
1669 3626 1734 3676 Et
1775 3634 1996 3690 propter
2037 3620 2140 3669 hoc
2183 3635 2305 3669 cum
2334 3634 2426 3670 as-

1343 3695 1578 3746 sertione
1634 3694 2002 3745 comminatur
2060 3690 2138 3740 eis
2210 3704 2425 3753 poenam

1344 3781 1459 3815 non
1488 3765 1774 3823 modicam,
1793 3764 1979 3814 dicens
2010 3762 2244 3835 &limem
2268 3760 2320 3808 id
2348 3768 2433 3810 est

1342 3851 1466 3886 vere
1513 3836 1632 3885 dico
1688 3832 1871 3894 vobis,
1929 3835 2084 3899 quia,
2112 3835 2428 3894 receperunt

1342 3908 1633 3958 mercedem
1696 3920 1885 3969 suam,
1945 3904 2156 3959 scilic'tst
2209 3902 2423 3952 laudem

1342 3979 1660 4041 hominum,
1705 3993 1868 4045 quam
1911 3979 2245 4044 quoerebant,
2279 3984 2330 4024 et
2368 3974 2430 4023 in
