2784 4452
528 344 620 393 DE
650 344 1153 396 CONCEPTIONE
1184 344 1623 396 SALVATORIS
1657 344 1895 395 NOSTR
1919 346 1958 395 I.
2316 342 2382 395 53

173 458 368 525 amplius
389 460 688 519 delectatur,
711 459 816 509 nisi
853 460 911 510 in
937 469 1202 526 quantum

174 533 218 583 in
274 548 326 582 ea
376 533 570 582 relucet
612 532 791 599 imago
846 544 898 587 et
948 533 1200 599 perfectio

175 602 432 666 Creatori53
466 604 611 669 quod
637 620 746 653 non
781 605 958 655 solum
998 606 1202 657 nullam

172 673 316 740 diligit
344 684 522 724 contra
547 675 739 735 Deum,
779 676 871 725 sed
914 691 1011 726 nec
1033 677 1202 726 ullam

174 745 342 811 diligat,
368 746 470 795 nisi
497 747 556 796 in
580 757 847 812 quantum
872 746 932 796 in
963 762 1024 797 ea
1055 747 1200 797 Deus

175 815 351 874 relucet,
369 818 446 865 vel
462 816 640 882 imago
665 817 854 877 Dei,ut
874 817 1203 882 proximum,

173 888 237 935 vel
258 887 304 935 in
338 898 598 952 quantum
619 898 794 953 potest
837 903 953 938 esse
989 904 1205 939 accom-

175 958 300 1008 moda
318 959 556 1010 ultimate
580 960 760 1020 saluti,
801 960 940 1010 sicut
967 960 1071 1010 alia
1095 976 1199 1011 reS.

172 1033 431 1083 -Secundo
441 1035 599 1084 debet
617 1034 740 1084 talis
763 1034 946 1085 anima
957 1034 1202 1085 habitare

175 1103 219 1152 in
241 1107 449 1170 quadam
474 1106 749 1157 floritione
777 1106 1057 1158 deiformis
1081 1123 1204 1172 ope-

173 1175 380 1236 rationis,
415 1178 618 1228 scilicet
636 1189 697 1229 ut
728 1178 995 1229 inhabitet
1024 1179 1083 1228 in
1107 1178 1208 1228 Na·

172 1247 329 1310 zareth,
367 1249 509 1313 quod
548 1249 927 1315 interpretatur
943 1249 1075 1315 flos·‚
1102 1249 1207 1299 vir-

172 1319 358 1382 gultum,
387 1322 670 1383 sanctum,
715 1322 797 1372 vel
826 1322 1159 1373 consecratio
1186 1339 1204 1372 .·

175 1401 222 1440 ut
242 1391 420 1442 scilicet
447 1392 653 1453 floreat,
689 1395 772 1443 vel
807 1393 865 1443 in
896 1392 1026 1443 flore
1058 1393 1210 1443 habi-

179 1470 234 1510 tet
268 1478 322 1512 ex
351 1465 579 1514 candore
606 1464 951 1527 innocentiae3
1005 1465 1076 1514 sit
1103 1464 1211 1514 vir-

180 1516 368 1597 gultuni,
398 1539 617 1588 dulcore
650 1537 848 1588 divinae
882 1537 1207 1601 influentiae3

180 1605 405 1670 sanctitas,
442 1607 654 1658 fervore
681 1608 877 1659 divinae
904 1608 1209 1671 charitatis;

180 1684 218 1723 et
240 1675 479 1728 inhabitet
500 1678 561 1728 in
592 1679 825 1743 quadam
850 1679 1210 1729 consecratio-

181 1759 245 1803 ne,
263 1749 526 1812 splendore
557 1749 818 1800 veritatiS.
839 1778 898 1787 -
918 1750 1120 1809 Tertio,
1139 1760 1209 1800 ta-

182 1815 236 1866 lis
256 1817 411 1869 anima
445 1819 610 1870 debet
659 1835 776 1870 esse
811 1821 991 1887 virgo,
1032 1831 1093 1871 ut
1141 1821 1210 1871 ab

183 1890 299 1939 omni
312 1902 471 1952 motu,
486 1909 604 1942 non
625 1893 801 1943 solum
820 1909 1097 1953 sensuum,
1112 1893 1205 1943 sed

182 1961 305 2011 etiam
345 1966 491 2015 omni
524 1965 726 2016 animae
756 1965 956 2017 virium
999 1967 1072 2016 sit
1120 1981 1210 2016 re-

182 2034 338 2095 stricta,
364 2037 434 2087 ita
462 2048 520 2088 ut
550 2036 694 2088 nihil
727 2037 783 2087 in
812 2053 872 2089 ea
899 2037 1206 2103 corruptio-

181 2102 246 2152 nis
281 2108 431 2157 valeat
460 2107 797 2171 subintrare3
830 2124 927 2160 nec
964 2125 1057 2174 per
1095 2109 1209 2163 vias

182 2188 395 2230 sensuum
433 2181 603 2231 intret
645 2181 852 2248 aliquid
900 2184 1047 2249 quod
1102 2200 1213 2235 mo-

182 2261 273 2300 veat
300 2253 358 2301 ad
402 2252 802 2315 carnalitatem;
829 2269 926 2304 nec
955 2270 1049 2320 per
1096 2256 1211 2305 vias

182 2322 340 2373 virium
391 2326 839 2378 intellectivarum
890 2328 1068 2378 veniat
1106 2329 1211 2379 ali-

182 2394 284 2457 quid
318 2400 453 2463 quod
493 2398 684 2448 tendat
725 2398 783 2447 in
825 2398 1208 2450 curiositatem.

184 2463 232 2513 Et
248 2471 520 2520 secundum
548 2470 914 2536 Augustinum
926 2507 945 2531 ,
968 2485 1213 2535 quaecun-

184 2548 264 2599 que
286 2540 451 2591 anima
481 2541 609 2591 talis
636 2541 815 2601 fuerit,
840 2540 993 2606 virgo
1018 2557 1209 2593 cense-

184 2615 264 2657 tur.
295 2639 347 2647 —
375 2613 602 2671 Quart0,
648 2612 771 2662 talis
817 2612 1002 2662 anima
1051 2613 1208 2664 debet

182 2689 271 2727 esse
300 2682 630 2747 desponsata,
663 2693 723 2733 ut
770 2682 931 2734 fidem
966 2694 1019 2734 et
1052 2699 1209 2734 arno-

182 2763 267 2800 rem
284 2755 341 2804 ad
360 2756 586 2806 unicum
614 2757 819 2806 bonurn
851 2757 1203 2817 restrinxerit,

183 2824 295 2885 quod
318 2838 392 2876 est
418 2828 585 2887 DeuS,
618 2842 684 2877 ne
722 2828 779 2877 in
818 2828 1019 2878 incerto
1048 2843 1210 2893 vage-

183 2900 263 2953 tur,
287 2913 417 2948 nunc
460 2899 628 2958 istud,
652 2915 797 2949 nunc
835 2899 968 2949 illud
1001 2915 1206 2951 amans.

184 2963 231 3015 Et
260 2968 521 3035 signanter
580 2972 776 3022 dicitur
840 2973 987 3038 quod
1053 2972 1210 3023 debet

183 3048 273 3086 esse
308 3041 622 3107 desponsata
656 3043 883 3108 Joseph,
919 3044 1067 3109 quod
1117 3043 1209 3092 in-

184 3115 457 3174 terpretatur
482 3121 829 3181 augmentum
858 3117 941 3166 vel
986 3116 1210 3182 apposi-

185 3177 270 3229 tio.-
292 3193 344 3231 ut
371 3184 425 3234 in
468 3185 577 3235 fide
604 3195 656 3235 et
686 3200 868 3235 amore
909 3200 1207 3251 apponenS,

185 3260 461 3319 semperque
489 3255 776 3320 proficiens
814 3266 1206 3321 augmentetur,

184 3320 284 3384 quia
325 3324 379 3374 in
424 3327 626 3377 talibus
657 3343 768 3377 non
816 3328 1093 3393 proficere,
1129 3338 1213 3380 est

185 3393 380 3453 quodam
406 3398 570 3446 modo
588 3397 825 3448 deficere.
853 3399 918 3449 Et
937 3398 1212 3464 signanter

185 3460 361 3514 additur
399 3468 465 3517 de
503 3468 665 3518 domo
715 3469 902 3528 David,
933 3471 1078 3536 quod
1118 3470 1210 3519 in-

185 3537 464 3597 terpretatur
506 3554 665 3588 manu
691 3539 870 3605 sortis
900 3557 918 3590 .·
946 3540 1076 3606 quia
1114 3555 1210 3605 per

183 3617 360 3667 gressus
396 3611 733 3676 spirituales,
787 3629 880 3679 per
928 3613 1092 3664 fortes
1130 3629 1213 3664 co·

185 3685 313 3727 natus
371 3693 422 3730 et
477 3683 813 3748 operationes
846 3723 859 3745 ‚
915 3683 973 3734 in
1043 3684 1211 3751 spiri-

183 3747 288 3797 tuali
363 3753 610 3803 exercitio
679 3764 1074 3820 augmentatur.
1148 3782 1208 3793 —

185 3815 357 3877 Quinto
398 3826 717 3878 describitur
771 3828 887 3878 haec
923 3828 1104 3879 anima
1150 3838 1210 3878 ut

186 3897 273 3943 tota
306 3895 630 3960 illuminata,
683 3899 812 3966 quia
849 3915 1049 3950 nomen
1095 3901 1210 3964 ejus

186 3972 248 4013 est
271 3965 445 4028 Maria,
485 3971 627 4035 quod
675 3970 1056 4037 interpretatur
1078 3970 1207 4022 illu-

1308 460 1517 510 minata
1558 476 1576 509 .·
1630 459 1830 510 scilicet
1870 470 1930 510 ut
1982 456 2256 526 signatum
2308 461 2382 511 sit

1313 545 1474 596 super
1497 545 1614 580 eam
1638 531 1819 579 vultus
1845 530 2087 589 Domini,
2114 542 2166 580 et
2191 532 2383 581 habeat

1311 600 1553 650 laetitiam
1599 600 1933 665 spiritualem
1965 600 2023 649 in
2057 603 2216 651 corde
2264 617 2383 652 suo·

1312 700 1372 711 -
1402 674 1561 723 Sexto
1589 672 1926 729 describitur.
1956 682 2015 722 ut
2044 687 2075 722 a
2103 674 2212 722 Deo
2242 689 2377 723 con-

1312 743 1503 795 fortata
1524 760 1616 810 per
1649 745 1856 795 donum
1885 744 2223 795 fortitudinis
2273 745 2387 811 Spi-

1312 817 1451 871 ritus
1503 817 1707 879 Sancti,
1775 817 1903 883 quia
1961 817 2262 883 ingreditur
2317 817 2382 868 ad

1310 902 1429 955 eam
1472 890 1693 953 angelus
1738 888 1971 947 Gabriel,
2021 889 2166 954 quod
2215 888 2389 938 inter-

1313 969 1550 1023 pretatur
1563 957 1841 1023 sprtitudo
1868 959 1990 1020 Dei,
2031 970 2083 1009 et
2125 973 2218 1024 per
2255 974 2381 1009 eum

1312 1028 1372 1079 tit
1390 1030 1734 1080 annuntiatio
1760 1048 1773 1080 :
1801 1030 2002 1081 scilicet
2030 1030 2247 1096 quando
2270 1029 2380 1079 ani-

1314 1117 1404 1152 ma
1430 1103 1839 1168 contemplativa
1868 1101 2146 1153 fortificata
2173 1118 2204 1152 a
2250 1103 2381 1161 Deo,

1316 1190 1411 1240 per
1462 1190 1612 1239 spem
1648 1176 1901 1234 elevatur,
1941 1185 2001 1225 ut
2027 1184 2240 1240 appetat
2274 1190 2390 1240 gra-

1314 1244 1402 1295 tiae
1430 1244 1841 1310 plenitudinem,
1880 1245 2101 1296 Domini
2136 1261 2377 1310 praesen-

1315 1315 1474 1374 tiam,
1515 1325 1567 1365 et
1608 1316 1898 1381 quamdam
1953 1316 2381 1382 singularitatem

1318 1389 1709 1440 benedictionis
1727 1390 1868 1440 inter
1887 1406 2078 1440 omnes
2097 1402 2379 1441 creaturas.

1379 1477 1449 1529 29
1503 1463 1787 1512 Sar-:ctum
1835 1479 2027 1513 »tauns
2074 1478 2388 1514 vmomams

1316 1550 1641 1585 necessu-AS.
1667 1563 1727 1573 --
1757 1536 2065 1601 Specialiter
2092 1547 2270 1586 autem
2292 1536 2386 1586 cir-

1316 1620 1376 1655 ca
1422 1605 1634 1655 tertiam
1681 1606 2047 1656 conditionem
2089 1617 2168 1656 est
2207 1607 2387 1656 scien-

1317 1677 1468 1735 dum,
1515 1675 1661 1742 quod
1705 1677 1932 1742 mystice
1973 1693 2066 1743 per
2105 1678 2209 1727 hoc
2236 1677 2383 1743 quod

1316 1749 1568 1801 Christus
1600 1762 1887 1816 conceptus
1913 1761 1965 1802 et
1985 1752 2245 1803 formatus
2284 1752 2391 1803 fuit

1316 1820 1374 1869 in
1404 1831 1556 1871 utero
1580 1821 1830 1886 virginali
1871 1838 1964 1888 per
2008 1823 2375 1888 operationem

1315 1890 1552 1956 Spiritus
1596 1892 1807 1953 Sancti,
1848 1893 2182 1959 significatur
2238 1894 2384 1960 quod

1315 1961 1666 2026 spiritualiter
1712 1964 2012 2029 concipitur
2039 1974 2092 2014 et
2123 1964 2386 2014 formatur

1315 2035 1374 2085 in
1433 2046 1614 2086 mente
1657 2051 1806 2101 pura,
1847 2037 2085 2102 ejusdem
2145 2037 2381 2102 Spiritus

1315 2107 1495 2156 Sancti
1547 2107 1873 2172 operatione.
1939 2109 2168 2174 Oportet
2232 2108 2380 2158 enim

1316 2188 1554 2229 mentem
1580 2179 1764 2229 aeterni
1813 2179 1975 2230 Verbi
2009 2179 2375 2246 conceptivam

1315 2267 1432 2302 esse
1459 2252 1774 2318 virgineam,
1803 2253 1858 2301 id
1890 2263 1987 2312 est,
2021 2269 2131 2302 non
2156 2254 2332 2303 solum
2354 2267 2386 2303 a

1314 2321 1480 2380 vitiis,
1510 2321 1600 2371 sed
1622 2321 1783 2371 etiam
1814 2337 1844 2372 a
1872 2322 2150 2388 speciebus
2192 2332 2383 2372 creata-

1316 2411 1439 2445 rum
1470 2410 1669 2454 rerum,
1708 2406 1761 2446 et
1799 2397 1866 2447 ab
1911 2395 2221 2461 hujusmodi
2261 2410 2386 2461 spe-

1315 2467 1518 2518 cierum
1548 2469 1897 2521 delectatione
1940 2480 1992 2520 et
2025 2469 2385 2534 ,corruptione

1315 2539 1618 2590 immunem
1643 2556 1759 2592 esse
1785 2551 1837 2591 et
1863 2541 2198 2592 abstractam.
2240 2540 2380 2591 Cum

1315 2611 1453 2659 enim
1502 2611 1683 2661 omnis
1740 2617 1994 2663 creatura
2031 2610 2260 2660 vanitati
2305 2610 2378 2660 sit

1314 2682 1572 2748 subjecta,
1603 2684 1784 2734 omnis
1823 2683 2024 2749 species
2068 2698 2099 2732 a
2128 2698 2184 2732 re
2212 2693 2385 2733 creata

1314 2752 1592 2814 abstracta,
1620 2754 1841 2804 vanitati
1885 2764 1966 2804 est
1996 2753 2294 2818 conjuncta,
2324 2767 2386 2803 ac

1317 2839 1411 2889 per
1441 2826 1542 2875 hoc
1577 2838 1812 2877 mentem
1841 2827 1907 2877 ad
1939 2826 2128 2876 altiora
2156 2826 2386 2876 tenden-

1317 2906 1426 2945 tem
1454 2897 1670 2949 abducit
1717 2899 1952 2964 quodam
1980 2899 2142 2948 modo
2172 2908 2224 2948 et
2262 2912 2385 2948 cor-

1317 2968 1540 3033 rumpit.
1597 2970 1680 3020 Ad
1744 2971 1883 3021 hanc
1941 2980 2120 3020 autem
2187 2969 2385 3020 mentis

1316 3041 1748 3104 abstractionem,
1795 3044 2039 3095 hortatur
2075 3044 2382 3112 Dionysius

1316 3112 1670 3170 Timotheum
1702 3116 1885 3166 dicens
1929 3134 1942 3166 :
1986 3135 2013 3163 «
2043 3117 2129 3167 Tu
2179 3127 2378 3175 autern,

1317 3181 1486 3232 amice
1531 3184 1833 3247 Timothee,
1875 3186 1998 3237 forti
2044 3188 2383 3245 contritione,

1317 3267 1509 3303 sensus
1550 3254 1880 3322 derelinque,
1917 3269 1969 3309 et
1998 3258 2382 3309 intellectuales

1316 3327 1681 3392 operationeS,
1720 3341 1771 3380 et
1813 3333 1998 3382 omnia
2025 3332 2302 3383 sensibilia
2326 3341 2379 3381 et

1318 3397 1720 3461 intellectibilia,
1743 3412 1795 3451 et
1823 3403 1889 3452 ad
1918 3404 2032 3468 ejus
2075 3404 2378 3454 unitionem

1318 3485 1558 3535 propera,
1588 3473 1683 3539 qui
1707 3484 1788 3524 est
1812 3491 1972 3541 super
2000 3492 2216 3527 omnem
2242 3474 2378 3524 sub-

1317 3545 1570 3594 stantiam
1634 3557 1686 3597 et
1743 3549 2107 3614 cognitionem
2156 3567 2168 3598 :
2216 3569 2243 3595 »
2272 3548 2385 3598 haec

1317 3614 1641 3681 Dionys-iu&
1683 3618 1748 3667 Et
1789 3619 1846 3669 in
1896 3621 1995 3671 hac
2030 3618 2384 3670 abstractione

1318 3685 1590 3752 perficitur
1617 3689 1709 3740 illa
1738 3690 2028 3753 beatitudo,
2057 3692 2123 3742 de
2146 3706 2253 3758 qua
2294 3692 2385 3742 di·-

1317 3759 1457 3809 citur
1483 3777 1497 3810 z
1527 3762 1687 3811 Beati
1732 3765 1929 3815 mundo
1970 3764 2147 3825 corde,
2177 3764 2383 3815 intelli-

1317 3831 1492 3895 gendo
1523 3833 1789 3883 mundum
1831 3850 1936 3895 cor,
1965 3835 2098 3884 illud
2130 3837 2277 3901 quod
2301 3845 2383 3888 est

1317 3902 1384 3952 ab
1427 3904 1577 3953 omni
1622 3914 1870 3956 extranea
1899 3907 2073 3971 specie
2115 3910 2383 3959 emunda-

1316 3982 1451 4023 tum.
1481 3974 1639 4024 Tales
1674 3984 1854 4025 autem
1897 3976 2073 4027 Deum
2102 3978 2381 4038 videbunt,
