2784 4452
647 344 742 394 DE
771 343 1284 397 SUSCITATIONE
1309 344 1475 396 FILn
1503 344 1748 397 VIDUAE
1781 346 1977 398 NAIM.

199 460 332 511 here
367 459 433 509 ad
461 474 536 522 se,
564 476 672 509 non
720 469 904 510 tamen
941 458 1077 511 illud
1111 458 1256 519 fecit,

195 532 443 598 praebens
467 532 626 584 nobis
649 533 958 598 exemplum
978 542 1039 584 ut
1057 547 1259 598 peram—

2330 365 2437 416 419

1371 460 1526 512 dicus
1574 462 1774 515 accedit
1828 465 1893 514 ad
1966 463 2262 535 infirmum.
2320 467 2440 517 Una

1371 531 1521 582 enim
1547 532 1725 584 anima
1763 543 2085 601 recuperata,
2120 536 2315 600 poterit
2336 537 2439 586 ali-

194 603 446 654 bulemus
498 613 554 655 et
592 604 931 669 requiramus
957 613 1258 668 pereuntes,

190 673 335 727 sicut
350 683 531 739 pastor
552 690 708 727 ovem
735 674 1020 741 perditam,
1046 684 1103 727 et
1134 690 1259 727 me-

1371 603 1497 668 quis
1528 603 1677 655 mille
1706 605 1899 657 delicta
1916 607 2127 669 abolere
2179 623 2191 656 ς
2242 628 2268 655 »ι
2322 608 2437 659 haec

1374 674 1817 740 chrysostomus-

1185 869 1460 923 ORATIO

257 1038 493 1089 Domine
529 1039 656 1089 Jesu
703 1039 936 1098 Christe,
975 1053 1194 1089 remove
1221 1049 1276 1089 et
1302 1039 1435 1104 ejice
1470 1038 1721 1105 spiritum
1766 1041 2111 1093 immundum
2148 1057 2180 1092 a
2218 1044 2335 1105 me,
2370 1057 2437 1092 ne

193 1108 383 1176 aliquo
409 1110 572 1160 modo
598 1125 687 1160 me
707 1111 879 1161 valeat
905 1111 1191 1169 maculare,
1219 1110 1303 1162 vel
1326 1111 1382 1160 in
1411 1111 1638 1162 macufis
1664 1112 1936 1176 detinere;
1972 1125 2033 1165 ut
2055 1115 2161 1165 sim
2188 1125 2241 1165 et
2267 1129 2437 1179 appa-

195 1194 348 1231 ream
373 1180 577 1230 mundo
601 1190 868 1240 mortuus,
896 1196 1024 1231 cum
1048 1196 1084 1231 a
1113 1196 1422 1247 possessore
1454 1198 1635 1247 prave,
1666 1183 1761 1249 qui
1791 1199 1885 1249 per
1914 1184 2195 1237 immunda
2221 1184 2437 1235 deside-

194 1252 278 1302 ria
301 1267 402 1302 nos
422 1253 605 1318 agitat,
633 1252 786 1303 fuero
815 1253 1090 1304 liberatus·
1111 1254 1244 1304 Peto
1262 1254 1448 1314 etiam,
1473 1255 1723 1319 Domine,
1742 1264 1795 1306 te
1814 1257 2083 1308 medicum
2112 1258 2432 1316 animarum,

194 1331 262 1375 ut
287 1338 380 1373 me
406 1339 592 1374 curare
618 1324 862 1389 digneris
885 1339 916 1374 a
943 1324 1094 1374 febre
1125 1323 1404 1388 vitiorum,
1451 1336 1718 1392 quatenus
1748 1342 1976 1393 surgens
2010 1329 2077 1379 ab
2125 1329 2207 1379 eis
2232 1329 2435 1379 valeam

192 1393 298 1445 tibi
330 1394 637 1446 ministrare
673 1405 724 1445 et
767 1406 972 1462 gratam
1024 1395 1337 1446 servitutem
1385 1397 1662 1448 exhibere.
1705 1398 1792 1448 Tu
1818 1398 2000 1459 etiam,
2030 1400 2284 1459 Domine,
2312 1414 2436 1450 cura

196 1480 306 1524 me,
347 1474 410 1516 et
454 1481 648 1517 omnes
692 1465 856 1516 variis
900 1466 1098 1517 animae
1144 1467 1390 1517 detentos
1429 1467 1814 1533 languoribu3‚
1853 1478 1914 1520 ut
1962 1486 1995 1521 a
2040 1471 2271 1536 peccatis
2321 1469 2434 1520 sani

195 1545 304 1658 {tm
303 1535 602 1588 incolumes
655 1537 780 1588 facti
833 1536 935 1588 tibi
991 1536 1409 1600 ministremus,
1456 1548 1510 1588 et
1564 1538 1893 1603 beneplacita
1953 1551 2045 1592 tua
2102 1556 2433 1606 peragamus.

306 1621 393 1658 en.

999 1983 1333 2055 CAPUT
1375 1984 1619 2053 XLIV

625 2235 736 2303 De
780 2234 1242 2305 suscitatione
1260 2234 1424 2327 filii
1461 2234 1691 2323 m'duoe
1743 2234 1984 2306 Naim.

1087 2456 1279 2522 Lucae
1318 2477 1456 2540 cap.
1491 2480 1561 2542 7.

266 2687 289 2724 ι
311 2672 724 2724 stnmconnu
747 2672 949 2724 Donum
975 2687 1170 2723 munt
1199 2688 1288 2723 νι-
1369 2679 1556 2722 rentur
1574 2669 1693 2719 loca
1717 2678 1770 2719 et
1802 2668 2072 2721 homines,
2102 2672 2217 2722 Hoc
2251 2683 2431 2725 autem

198 2757 322 2795 nus
370 2758 724 2794 susmranns.
774 2770 835 2780 —
870 2742 952 2793 Et
992 2742 1256 2810 deincep-5⁸,

198 2814 315 2866 ibat
339 2813 502 2864 Jesus
523 2828 641 2864 cum
682 2813 984 2878 discipulis,
1013 2820 1066 2865 et
1104 2816 1261 2865 turba

198 2884 438 2950 copiosa,
468 2899 592 2951 quae
614 2900 742 2935 eum
785 2885 1123 2950 sequebatur,
1158 2901 1262 2936 no-
1300 2942 1307 2949 ,

197 2958 363 3010 vitate
388 2973 631 3024 operum,
678 2957 936 3009 suavitate
983 2958 1262 3019 doctrinae,

198 3037 256 3080 et
297 3043 363 3079 ex
390 3027 682 3079 sanctitatis
715 3028 832 3092 ejus
873 3027 1178 3088 devotione,
1209 3029 1264 3079 in

198 3099 469 3152 civitatem
546 3099 779 3149 Galum
847 3112 969 3164 «με
1043 3106 1266 3151 vocatur

198 3170 395 3222 Ναὶηι.
432 3170 682 3221 Secundo
727 3168 984 3221 milliario
1008 3184 1044 3222 a
1081 3180 1266 3222 monte

198 3240 427 3292 Thabor
451 3249 529 3291 oet
576 3239 763 3290 civitas
788 3239 980 3300 Naim.
1013 3249 1072 3291 et
1104 3256 1266 3306 supra

199 3312 362 3366 Naim
387 3328 550 3364 mons
580 3313 783 3376 Endor,
820 3313 889 3364 ad
933 3312 1085 3378 cujus
1116 3314 1266 3364 radi-

196 3399 319 3438 cem
338 3382 460 3435 fluit
485 3394 699 3436 torrens
722 3384 919 3449 Cyson.
946 3385 1086 3435 Ante
1104 3384 1266 3449 hujus

195 3454 433 3507 civitatis
493 3464 743 3521 portam,
796 3455 888 3507 ubi
941 3464 1056 3506 erat
1097 3456 1267 3521 maior

196 3540 497 3577 concursus
525 3527 733 3591 populi,
743 3526 980 3578 obviavit
998 3527 1265 3579 Dominus

198 3597 542 3649 multitudini
586 3597 870 3648 hominum
911 3598 1263 3659 efferentium,

199 3667 261 3720 id
287 3677 374 3719 est
392 3678 541 3720 extra
568 3669 924 3735 portantium,
947 3669 1264 3722 defunctum

196 3738 384 3790 filium
421 3739 645 3790 unicum
669 3739 846 3791 viduae
897 3740 964 3791 ad
992 3742 1264 3808 sepelien-

197 3812 358 3872 dum,
379 3811 506 3878 quia
523 3812 954 3893 antiquitusloca
975 3809 1263 3880 sepulturae

198 3893 352 3935 erant
398 3893 546 3934 extra
593 3883 833 3935 civitates
875 3893 930 3934 et
971 3884 1262 3936 hominum

200 3952 584 4016 habitationes,
605 3969 673 4005 ne
704 3953 1048 4007 cadaveribus
1078 3954 1264 4010 infice-

1372 2742 1453 2793 sic
1473 2741 1674 2792 factum
1710 2750 1807 2801 est,
1846 2751 1910 2791 ut
1957 2742 2259 2796 evidentius
2298 2756 2436 2797 esset

1372 2812 1695 2863 miraculum
1747 2827 1930 2862 coram
1986 2814 2175 2865 multis
2219 2815 2432 2874 factum,

1372 2894 1426 2935 et
1452 2885 1612 2935 multi
1634 2894 1815 2935 essent
1832 2894 1991 2935 testes
2010 2886 2141 2936 tanti
2171 2887 2433 2938 miraculi.

1372 2957 1445 3007 Et
1494 2957 1628 3023 quia.
1670 2956 1931 3007 vacabant
1952 2958 2018 3008 ad
2050 2958 2266 3024 pietatis
2299 2975 2436 3025 opus

1375 3030 1751 3096 prosequendo
1795 3028 1977 3090 funuS,
2006 3042 2059 3081 et
2111 3031 2436 3082 consolando

1375 3103 1595 3152 viduam
1615 3112 1669 3152 et
1690 3102 1931 3153 orbatam
1960 3114 2207 3163 matrem,
2233 3118 2438 3153 merue-

1376 3183 1506 3223 runt
1532 3173 1714 3238 ipsum
1740 3174 1927 3226 videre
1956 3175 2300 3225 miraculum.
2330 3174 2436 3225 Ubi

1378 3244 1685 3310 Gregorius
1707 3244 2021 3312 Nyssenus,
2047 3258 2305 3295 aerumnae
2326 3260 2438 3295 mo-

1375 3314 1485 3365 lem
1506 3352 1526 3375 ,
1581 3313 1839 3366 brevibus
1884 3313 2063 3365 verbis
2119 3313 2380 3379 explicuit
2422 3330 2436 3362 z

1377 3404 1409 3434 (ι
1434 3387 1603 3436 Mater
1630 3386 1795 3437 vldua
1845 3395 1972 3446 erat,
2000 3399 2121 3451 quae
2171 3401 2285 3436 non
2315 3400 2438 3451 spe-

1374 3459 1524 3509 rabat
1551 3458 1777 3509 ulterius
1825 3456 1967 3508 filios
1999 3472 2305 3521 procreare3
2332 3472 2439 3508 non

1377 3530 1609 3581 habebat
1633 3530 1692 3580 in
1705 3545 1868 3596 quem
1896 3527 2148 3594 dirigeret
2166 3538 2437 3595 aspectum

1374 3600 1491 3652 vice
1518 3601 1773 3662 defuncti,
1793 3600 1923 3667 quia
1933 3600 2129 3650 unicus
2149 3610 2277 3660 erat,
2297 3599 2440 3650 hunc

1374 3673 1557 3724 solum
1586 3674 1884 3724 lactaverat.
1938 3670 2041 3722 Hic
2079 3670 2228 3720 solus
2261 3670 2437 3721 aderat

1353 3742 1663 3794 alacritatis
1692 3757 1853 3793 causa
1876 3741 1931 3793 in
1958 3742 2141 3805 domo,
2165 3740 2433 3806 quidquid

1374 3813 1534 3864 matri
1552 3814 1707 3876 dulce
1731 3828 1790 3862 ac
1819 3811 2133 3877 pretiosum,
2161 3809 2252 3859 hic
2284 3810 2434 3859 solus

1374 3885 1703 3935 exstiterat.»
1724 3883 1879 3936 Unde
1907 3893 1959 3934 et
1984 3881 2235 3951 Cyrillus
2250 3895 2266 3928 .·
2291 3899 2318 3927 ε(
2339 3880 2437 3931 Μὶ-

1372 3956 1600 4009 seranda
1626 3954 1822 4024 passio,
1857 3965 1910 4008 et
1951 3955 2017 4006 ad
2061 3952 2248 4004 fletum
2284 3961 2341 4005 et
2363 3952 2430 4005 ad
