2784 4452
678 254 1033 306 SERMONIS
1065 252 1136 302 IN
1155 254 1428 306 -MONTE
1457 256 1973 308 CONTINUATIO.

212 371 559 422 Testamento
604 370 899 437 conscripta
942 380 1097 430 sunt,
1151 370 1289 421 Novi

211 439 540 492 Testamenti
561 450 751 504 typum
770 450 823 489 et
851 441 1142 507 imaginem
1164 456 1294 506 prae-

222 510 478 560 tulerunt.
550 511 676 560 Non
751 510 872 559 veni
939 510 1175 573 solvere,
1242 520 1294 560 et

211 580 486 630 destruere
522 581 741 646 Legem,
799 582 896 631 sed
925 581 1107 647 potius
1129 582 1295 631 adim·

209 650 366 716 plere
414 666 549 700 eam.
595 652 657 699 In
701 651 800 700 hac
851 661 1036 701 autem
1069 650 1293 701 Domini

216 722 510 782 sententia,
548 723 850 772 secundum
892 724 1291 788 Augustinum,

216 794 416 860 duplex
452 803 532 844 est
570 809 780 843 sensus.
819 795 956 843 Nam
998 794 1295 859 adimplere

221 867 421 933 Legem
444 877 525 917 est
549 877 642 916 aut
662 867 906 917 addendo
928 866 1134 932 aliquid
1148 867 1294 933 quod

221 937 407 988 minus
435 939 613 1002 habet,
644 948 738 988 aut
765 938 1006 989 faciendo
1025 939 1171 1005 quod
1207 938 1297 988 ha-

221 1010 330 1060 bet.
359 1009 628 1059 Dominus
659 1026 785 1075 ergo
817 1008 964 1059 addit
1005 1010 1153 1076 quod
1184 1009 1296 1059 mi-

222 1097 328 1132 nus
357 1081 538 1140 habet,
583 1097 692 1131 non
733 1081 924 1146 utique
958 1081 1121 1132 solvit
1150 1082 1297 1147 quod

223 1154 448 1217 invenit,
479 1155 573 1204 sed
605 1154 778 1220 magis
805 1153 1129 1219 perficiendo
1168 1170 1296 1205 con-

223 1223 419 1275 firmat.
473 1224 670 1275 Omnia
718 1224 881 1274 etiam
930 1240 1051 1290 quae
1097 1226 1209 1275 Lex
1247 1235 1299 1275 et

226 1299 508 1365 Prophetae
558 1299 624 1348 de
667 1314 729 1348 eo
761 1298 1138 1364 promiserant,
1190 1299 1299 1365 jam

226 1385 324 1436 pro
350 1378 496 1435 parte
524 1369 580 1419 in
611 1370 728 1435 ipso
759 1370 1027 1434 completa
1055 1380 1185 1420 sunt
1201 1386 1220 1432 3
1249 1379 1302 1420 et

223 1450 513 1507 antequam
536 1447 820 1491 transeant
839 1440 1027 1491 coelum
1053 1448 1106 1491 et
1128 1447 1299 1504 terra,

226 1521 279 1562 et
308 1512 572 1561 elementa
596 1520 876 1561 mutentur
903 1511 969 1560 ab
999 1510 1098 1561 hac
1124 1521 1297 1562 muta-

227 1583 327 1634 bili
351 1582 540 1643 forma,
560 1583 616 1633 in
645 1583 1064 1644 immutabilem,
1097 1584 1303 1635 scilicet

225 1663 514 1721 antequam
540 1654 642 1704 iste
662 1653 918 1716 munduS,
949 1655 1126 1720 quoad
1153 1653 1303 1720 figu-

229 1741 366 1786 ram,
397 1742 510 1775 non
540 1726 715 1791 quoad
738 1724 1039 1789 materiam,
1067 1724 1302 1789 finiatur,

228 1797 414 1848 omnia
442 1813 563 1863 quae
592 1798 657 1847 de
688 1812 751 1847 eo
790 1796 990 1861 scripta
1023 1805 1165 1857 sunt,
1202 1797 1306 1863 spi-

226 1867 493 1918 ritualiter
541 1866 943 1932 implebuntur,
996 1882 1093 1917 nec
1148 1882 1306 1917 unum

229 1939 362 2002 iota,
405 1944 503 1989 aut
540 1953 677 1989 unus
722 1952 885 2003 apex,
943 1936 996 1987 id
1039 1949 1119 1988 est
1150 1938 1308 1988 mini-

231 2026 387 2061 mum
431 2009 594 2060 etiam
634 2009 795 2075 Legis
821 2018 1171 2074 praeceptum,
1203 2026 1308 2075 po-

232 2089 336 2132 test
388 2080 573 2130 cadere
617 2080 684 2129 ab
732 2079 921 2129 effectu
954 2078 1307 2143 impletionIS,

235 2164 294 2206 ut
324 2163 596 2205 remaneat
636 2153 852 2204 irritum
887 2161 938 2202 et
961 2151 1144 2204 inane.
1186 2154 1309 2205 Iota

233 2226 466 2278 minima
511 2225 691 2277 littera
737 2235 819 2275 est
870 2223 1011 2275 inter
1056 2224 1205 2286 aliaS,
1259 2235 1311 2277 et

234 2312 348 2348 uno
373 2297 540 2346 ductu
569 2295 630 2346 fit
653 2311 669 2359 ;
699 2310 849 2361 apex
876 2305 1055 2346 autem
1083 2305 1163 2346 est
1185 2311 1312 2362 par-

235 2369 400 2421 ticula
429 2369 635 2429 litterae,
669 2384 795 2434 quae
824 2367 1047 2433 ponitur
1075 2367 1133 2418 in
1159 2384 1314 2419 sum-

235 2440 439 2500 mitate,
484 2440 549 2490 ad
589 2439 1012 2502 distinctionem,
1076 2450 1128 2490 et
1166 2449 1316 2490 notat

238 2511 466 2562 minima
525 2519 813 2577 praecepta3
844 2508 973 2574 quia
1015 2509 1313 2560 minimum

237 2593 586 2650 praeceptum,
644 2583 729 2634 vel
788 2581 1016 2632 minima
1064 2583 1314 2648 praecepti

238 2655 515 2723 particula,
547 2670 648 2706 non
681 2652 983 2719 praeteribit
1004 2667 1040 2703 a
1061 2654 1227 2721 Lege,
1258 2654 1316 2705 id

239 2735 323 2778 est
356 2742 468 2776 non
497 2723 817 2783 remanebit,
852 2723 987 2789 quin
1031 2723 1319 2791 impleatur

241 2814 343 2852 suo
372 2807 632 2864 tempore,
675 2797 760 2846 vel
810 2794 869 2845 in
910 2795 1101 2862 capite,
1134 2798 1219 2848 vel
1258 2797 1317 2848 in

244 2885 485 2934 corpore.

309 2940 343 2992 6
381 2942 795 2993 PRAEchronEs
834 2957 1079 2992 nmmo
1116 2955 1321 2990 DEBENT

245 3027 549 3065 OSTENDERE
570 3052 585 3074 ,
644 3029 791 3070 Quot)
838 3030 939 3064 one
986 3028 1209 3063 noem-r.
1262 3038 1321 3047 —

246 3085 453 3136 Deinde
503 3095 628 3153 post
682 3087 908 3135 modum
965 3083 1226 3150 implendi
1273 3093 1326 3133 et

250 3155 478 3206 docendi
553 3156 656 3222 ipsi
724 3155 940 3207 Christo
996 3154 1278 3222 proprium
1310 3192 1323 3214 ,

251 3227 487 3278 ostendit
530 3229 755 3277 modum
813 3225 1072 3292 implendi
1111 3241 1141 3275 a
1179 3234 1328 3290 parte

253 3298 555 3358 doctorum,
584 3307 637 3348 et
663 3298 896 3364 qualiter
921 3297 1081 3347 debet
1109 3294 1157 3344 ei
1192 3310 1327 3344 con-

252 3369 455 3420 firmari
473 3369 710 3420 doctrina
721 3371 1080 3436 praelatorum.
1093 3369 1158 3418 Et
1176 3366 1333 3433 ponit

255 3441 548 3508 quamdam
606 3441 928 3491 divisionem
973 3439 1330 3490 bimembrem

256 3512 558 3563 doctorum.
600 3511 834 3571 Quidam
870 3511 1019 3562 enim
1058 3518 1200 3573 sunt,
1234 3508 1331 3574 qui

259 3582 401 3632 male
428 3581 617 3633 vivunt
653 3592 705 3632 et
754 3583 888 3632 bene
926 3582 1139 3640 docent,
1189 3579 1333 3631 sicut

258 3654 464 3707 Scribae
492 3665 545 3706 et
581 3654 834 3705 Pharisaei
863 3653 1139 3705 faciebant.
1172 3654 1240 3702 Et
1268 3652 1334 3701 de

263 3719 385 3777 istis
434 3724 629 3776 dicitur
669 3743 683 3775 ι
743 3725 854 3786 Qui
904 3740 1040 3792 ergo
1093 3722 1332 3786 solverit,

266 3796 407 3847 male
450 3795 651 3846 scilicet
691 3796 940 3856 vivend0,
984 3804 1036 3846 et
1062 3804 1335 3859 transgre-

266 3868 467 3922 diendo
506 3883 663 3919 unum
701 3869 768 3918 de
796 3868 1065 3919 mandatis
1087 3866 1209 3919 istis
1231 3864 1336 3915 mi-

2364 261 2462 312 323

1401 372 1574 436 nimi-9,
1616 373 1670 422 id
1704 383 1783 423 est
1811 374 1877 423 de
1904 376 2170 441 mandatis
2192 377 2468 445 Decalogi,

1401 458 1521 508 quae
1571 443 1820 494 dicuntur
1879 445 2106 496 minima
2129 485 2143 507 ,
2197 449 2325 513 quia
2382 451 2470 500 in-

1401 514 1595 564 choant
1623 514 1920 574 hominem,
1969 525 2021 565 et
2048 517 2111 566 ad
2142 517 2307 568 vitam
2344 536 2470 583 per-

1400 584 1573 634 tinent
1600 584 1995 650 incipientium,
2036 594 2089 637 et
2121 589 2366 639 docuerit
2394 592 2473 641 sic

1400 652 1652 717 homineS,
1701 656 1858 705 malis
1914 659 2186 723 exemplis,
2223 675 2473 711 corrum-

1402 726 1597 791 pendo,
1629 728 1878 778 minimus
1906 730 2186 780 vocabitur
2221 731 2274 781 in
2301 748 2474 798 regno

1401 796 1670 861 coelorum,
1712 798 1775 847 id
1822 808 1901 848 est
1938 799 1995 848 in
2041 800 2273 852 Ecclesia
2318 803 2472 854 mili-

1400 875 1580 929 tante3
1617 868 1762 933 quia,
1799 870 2094 919 secundum
2127 871 2473 937 Gregorium‚

1403 939 1553 1004 cujus
1579 939 1691 990 vita
1722 941 2031 1007 despicitur,
2068 953 2230 994 restat
2265 954 2327 996 ut
2361 946 2477 1009 ejus

1403 1011 1706 1075 praedicatio
1765 1022 2160 1065 contemnatur.
2236 1016 2286 1067 Ο
2345 1026 2477 1083 quot

1404 1090 1529 1131 sunt
1557 1082 1720 1133 hodie
1743 1084 1798 1133 in
1826 1085 2066 1136 Ecclesia
2086 1087 2217 1137 tales
2241 1087 2475 1151 minimi,

1405 1154 1500 1220 qui
1531 1165 1708 1205 tamen
1750 1156 1854 1205 sibi
1887 1157 2140 1208 videntur
2167 1160 2321 1210 valde
2356 1176 2479 1210 ma-

1407 1223 1536 1290 gni!
1594 1224 1697 1276 Ubi
1746 1228 2092 1291 Augustinus
2120 1246 2136 1278 e
2188 1247 2216 1275 ι(
2271 1229 2478 1280 Conse-

1407 1310 1578 1362 quens
1616 1307 1714 1359 est,
1754 1307 1814 1346 ut
1855 1297 1948 1363 qui
1993 1298 2257 1350 minimus
2303 1310 2385 1351 est
2421 1300 2479 1351 in

1407 1383 1570 1433 regno
1624 1368 1904 1432 coelorum,
1962 1369 2157 1434 qualis,
2210 1387 2356 1422 nunc
2395 1381 2478 1422 est

1410 1437 1659 1498 Ecclesia,
1691 1454 1803 1487 non
1839 1438 1999 1488 intret
2027 1439 2084 1506 in
2112 1456 2340 1506 regnum
2369 1457 2482 1492 coe-

1408 1509 1606 1570 lorum,
1665 1510 1841 1576 qualis
1887 1520 2015 1560 tunc
2052 1511 2156 1561 erit
2203 1513 2481 1576 Ecclesia;

1410 1581 1667 1645 quoniam
1723 1581 1963 1632 docendo
2009 1582 2156 1648 quod
2197 1583 2373 1647 solvit,
2416 1584 2484 1634 ad

1412 1651 1934 1720 eoremsocietatem
1967 1652 2061 1719 qui
2100 1652 2304 1704 faciunt
2339 1656 2485 1720 quod

1411 1721 1621 1781 docent,
1666 1737 1776 1771 non
1824 1722 2139 1787 pertinebit.
2178 1743 2206 1771 ³)
2249 1724 2406 1774 Unde
2435 1734 2488 1775 et

1415 1792 1838 1859 Chrysostomus
1862 1811 1881 1843 .·
1915 1810 1942 1839 «
1975 1792 2174 1843 Docere
2205 1803 2258 1844 et
2283 1810 2393 1844 non
2415 1794 2488 1846 fa-

1413 1878 1552 1926 cere,
1581 1878 1690 1912 non
1729 1864 1906 1913 solum
1936 1864 2076 1913 nihil
2107 1865 2262 1925 lucri,
2299 1867 2394 1916 sed
2436 1877 2488 1917 et

1413 1934 1596 1984 damni
1647 1935 1949 2002 plurimum
1987 1935 2211 1986 confert.
2256 1937 2489 1989 Grandis

1415 2006 1562 2055 enim
1584 2006 1858 2056 damnatio
1884 2015 1964 2056 est
1987 2008 2329 2072 componenti
2360 2008 2489 2074 qui-

1416 2078 1539 2128 dem
1577 2093 1883 2128 sermonem
1927 2094 2108 2138 suum,
2145 2078 2312 2129 vitam
2354 2096 2486 2131 vero

1417 2163 1572 2198 suam
1615 2159 1775 2214 atque
1819 2163 1982 2213 opera
2027 2147 2337 2214 negligenti.
2371 2167 2399 2197 ι)
2429 2178 2490 2188 -

1417 2218 1527 2270 Alii
1569 2230 1749 2270 autem
1779 2229 1904 2270 sunt
1932 2219 2026 2285 qui
2056 2219 2194 2269 bene
2218 2219 2407 2272 vivunt
2434 2231 2491 2271 et

1420 2290 1558 2339 bene
1607 2290 1818 2348 docent,
1872 2298 1924 2338 et
1968 2290 2098 2339 tales
2147 2289 2344 2339 debent
2379 2305 2495 2340 esse

1421 2359 1621 2426 praelati
1665 2359 1931 2420 Ecclesiae,
1966 2368 2018 2409 et
2050 2360 2116 2409 de
2144 2358 2260 2409 istis
2299 2359 2495 2410 subdi-

1422 2443 1508 2483 tur
1530 2449 1547 2482 :
1581 2432 1688 2493 Qui
1715 2437 1891 2482 autem
1903 2432 2125 2497 fecerit,
2152 2438 2205 2483 et
2233 2432 2491 2495 docuerit,
2522 2480 2533 2491 ,

1420 2507 1508 2558 hic
1530 2521 1763 2572 magnus
1795 2506 2075 2556 vocabitur
2099 2506 2153 2555 in
2177 2520 2349 2571 regno
2386 2520 2496 2557 coe-

1425 2577 1614 2628 lorum.
1646 2575 1803 2637 Quia,
1838 2576 2133 2626 secundum
2159 2575 2498 2643 Chrysosto-

1423 2666 1579 2714 mum,
1612 2665 1706 2714 per
1739 2649 1901 2699 verba
1938 2647 2307 2713 philosophari
2348 2647 2501 2698 facile

1424 2729 1534 2783 est;
1566 2733 1686 2785 quae
1702 2734 1846 2778 ver0,
1868 2733 1961 2782 per
1988 2733 2150 2783 opera
2177 2718 2501 2767 demonstra-

1424 2791 1521 2850 tio,
1548 2788 1789 2856 generosi
1815 2788 2091 2853 cujusdam
2112 2797 2165 2837 et
2185 2787 2366 2853 magni
2393 2797 2498 2850 est3

1428 2860 1611 2928 magni
1648 2875 1868 2927 quoque
1896 2869 2072 2918 erunt,
2102 2857 2201 2908 etsi
2235 2874 2342 2907 non
2370 2859 2500 2907 adeo

1428 2932 1631 2999 magni,
1669 2931 1762 2998 qui
1804 2930 2005 2981 faciunt
2034 2939 2086 2980 et
2116 2946 2222 2980 non
2268 2930 2458 2985 docent
2482 2946 2500 2978 ε

1428 3004 1656 3055 factores
1697 3003 1844 3052 enim
1885 3001 2047 3068 Legis
2070 3000 2504 3067 justificabuntur

1431 3075 1573 3141 apud
1600 3074 1794 3124 Deum.
1828 3072 2029 3123 Omnia
2057 3082 2236 3122 autem
2257 3069 2502 3121 mandata

1431 3148 1754 3212 deputantur
1786 3143 1954 3207 facta;
1986 3144 2201 3210 quando
2233 3139 2501 3207 quidquid

1434 3235 1543 3269 non
1584 3217 1661 3278 fit,
1692 3216 2008 3284 ignoscitur.
2055 3216 2286 3278 Ideoque
2327 3212 2505 3261 dicere

1434 3289 1690 3341 debemus
1722 3305 1736 3338 ε
1776 3288 1985 3338 dimitte
2018 3287 2168 3338 nobis
2209 3284 2386 3334 debita
2419 3297 2505 3332 no-

1437 3367 1573 3411 stra.
1611 3359 1818 3409 Deinde
1851 3358 2133 3408 confirmat
2161 3354 2304 3421 quod
2348 3353 2503 3412 dixit,

1438 3432 1566 3500 quia
1630 3432 1688 3482 in
1744 3441 1954 3482 tantum
2014 3445 2120 3479 non
2178 3425 2338 3477 solvit
2396 3426 2506 3476 Le-

1438 3519 1595 3571 gem,
1653 3502 1745 3553 sed
1823 3498 2317 3567 superabundanter
2388 3494 2508 3544 vult

1441 3589 1557 3624 eam
1607 3572 1842 3639 impleri,
1898 3569 2044 3636 quod
2099 3568 2201 3618 nisi
2257 3566 2343 3618 sui
2390 3579 2507 3615 eam

1442 3647 1935 3713 superabundanter
2023 3639 2388 3707 impleverint,
2460 3646 2511 3688 et

1441 3717 1645 3783 justitia
1682 3731 1868 3765 eorum
1912 3728 2075 3778 super
2107 3711 2413 3761 Scribarum
2457 3716 2509 3759 et

1443 3787 1834 3840 Pharisaeorum
1858 3822 1872 3845 ,
1926 3784 2021 3851 qui
2079 3783 2261 3832 dicunt
2307 3788 2361 3831 et
2396 3793 2510 3828 non

1444 3861 1667 3923 faciunt,
1715 3854 2246 3924 superabundaverit,
2297 3862 2348 3904 et
2401 3866 2510 3903 non
