2784 4452
761 282 856 332 DE
886 281 1335 333 POENITENTIA
1364 282 1734 333 FACIENDA.

105 403 255 453 citur
278 439 293 461 ,
318 399 416 450 ubi
454 397 625 448 futuri
663 397 844 463 judicii
882 412 1039 462 poena
1088 412 1199 447 non

105 475 373 527 creditur.
402 473 474 523 Et
502 472 631 537 quia
673 471 853 536 ipsum
892 471 1202 521 erubescere

108 563 277 614 poena
324 554 409 596 est
459 543 668 610 graviS‚
725 543 846 593 ideo
907 542 1053 608 jubet
1101 557 1201 592 nos

106 623 262 672 Deus
302 627 487 668 nostra
517 615 756 667 confiteri
791 624 1016 681 peccata,
1041 625 1103 665 ut
1118 630 1204 665 ve-

107 690 434 743 recundiam
449 686 718 752 patiamur
732 702 828 751 pro
854 701 1007 752 poena
1036 702 1050 735 z
1077 701 1199 735 nam

108 774 162 815 et
219 763 332 812 hoc
371 760 582 825 ipsum,
629 774 750 825 pars
807 758 977 810 divini
1015 757 1199 823 judicii

109 844 262 885 est.»
312 831 466 882 Unde
520 840 573 881 et
623 829 869 880 Valerius
909 847 928 881 .-
972 828 1202 879 «Venia

109 904 318 971 dignus
360 912 470 962 est,
512 900 607 967 qui
653 900 849 966 peccati
896 900 1199 951 excusatio-

111 989 244 1024 nem
282 988 396 1022 non
427 971 637 1038 quaerit.
655 971 760 1021 Ubi
794 970 941 1021 enim
973 980 1055 1021 est
1077 986 1198 1020 con-

109 1043 301 1104 fessi0,
331 1042 407 1092 ibi
438 1051 519 1091 est
548 1040 813 1105 remissio,
842 1041 970 1107 quia
1011 1041 1199 1106 proxi-

111 1132 274 1167 mum
318 1114 386 1164 ad
432 1114 799 1164 innocentiam
831 1115 1010 1165 locum
1054 1123 1198 1164 tenet

109 1185 431 1240 verecunda
459 1185 746 1236 confessio,
800 1203 829 1232 »
882 1186 1033 1237 Unde
1074 1189 1196 1237 Au-

109 1263 373 1328 gustinus
409 1277 427 1310 :
485 1277 514 1306 «
555 1259 845 1320 Quoniam'
879 1259 1197 1310 verecundia

112 1348 313 1399 magna
367 1341 449 1382 est
495 1331 734 1381 confiteri
800 1341 1040 1396 peccata,
1100 1331 1193 1396 qui

113 1405 387 1457 erubescit
441 1420 538 1470 pro
588 1405 836 1466 Christo,
893 1404 954 1456 fit
997 1405 1196 1470 dignus

113 1476 506 1527 misericordia.
551 1476 619 1526 Et
676 1484 882 1542 quanto
948 1476 1194 1541 pluribus

115 1548 409 1600 confitetur
440 1548 563 1614 quis
591 1549 648 1598 in
690 1563 787 1613 spe
820 1547 986 1599 veniae
1016 1548 1195 1614 turpi-

114 1620 369 1671 tudinem
399 1618 662 1679 criminis,
682 1629 831 1669 tanto
850 1619 1064 1669 facilius
1078 1635 1197 1668 con-

114 1699 377 1757 sequetur
427 1689 652 1754 gratiam
682 1688 1038 1741 remissionis,
1074 1709 1101 1736 »
1130 1691 1195 1740 Et

111 1763 319 1813 iterum
343 1779 358 1811 t
382 1781 405 1807 α
429 1762 477 1811 O
496 1760 674 1823 stulte,
700 1777 794 1812 cur
819 1761 1088 1811 erubescis
1103 1761 1197 1811 ho-

114 1835 259 1886 mini
286 1834 462 1884 dicere
495 1834 641 1900 quod
689 1851 798 1884 non
834 1834 1095 1885 erubuisti
1138 1835 1195 1885 in

115 1915 415 1971 conspectu
444 1905 541 1955 Dei
570 1904 771 1956 facere?
820 1906 1056 1956 Remove
1087 1921 1117 1956 a
1144 1916 1196 1957 te

123 1977 415 2043 pudorem,
450 1991 604 2026 curre
633 1976 698 2026 ad
728 1975 1075 2036 sacerdotem,
1106 1992 1193 2026 re-

118 2049 242 2099 vela
273 2057 535 2098 secretum
554 2084 569 2111 ‚
602 2045 855 2097 confitere
889 2057 1191 2112 peccatum;

115 2119 366 2185 alioquin
394 2118 535 2168 nihil
565 2118 664 2168 tibi
705 2118 959 2183 proderit,
990 2120 1194 2169 contri-

117 2191 197 2243 tio
245 2189 453 2251 cordi8‚
487 2189 593 2240 nisi
641 2198 893 2256 sequatur
930 2190 1194 2242 confessio

117 2262 251 2321 oriS,
275 2261 321 2311 si
350 2261 590 2326 possis.»
611 2261 912 2311 Etiterum:
937 2282 960 2308 ι
979 2262 1197 2312 Confes-

118 2333 204 2383 sio
232 2342 311 2382 est
354 2332 498 2382 salus
527 2332 852 2393 animarum,
883 2332 1194 2398 dissipatrix

116 2403 397 2463 vitiorum,
431 2402 774 2453 restauratrix
796 2402 1078 2464 virtutum,
1104 2420 1196 2469 op-

118 2476 412 2542 pugnatrix
449 2476 774 2526 daemonum.
824 2476 968 2535 Quid
1005 2476 1190 2542 plura?

118 2546 375 2597 Obstruit
429 2561 491 2595 os
535 2546 757 2610 inferni,
802 2558 980 2613 portas
1027 2548 1196 2614 aperit

116 2618 355 2684 paradisi
386 2634 400 2667 ε
434 2636 460 2665 n
499 2617 614 2668 haec
647 2619 1007 2685 Augustinus,
1040 2620 1194 2670 Unde

109 2701 170 2742 et
211 2689 520 2756 Gregorius
566 2691 632 2740 ad
670 2692 1191 2742 commendationem

109 2760 474 2814 confessionis
533 2761 609 2812 sic
650 2762 782 2813 dicit
821 2780 837 2814 ι
868 2781 895 2809 α
927 2763 1195 2815 Mirentur

109 2834 216 2901 qui
245 2834 434 2883 volunt
456 2834 511 2883 in
533 2834 777 2900 quolibet
807 2835 950 2900 justo
979 2837 1195 2888 castita-

111 2905 191 2955 tis
227 2904 632 2966 continentiam,
663 2904 930 2955 mirentur
966 2905 1194 2971 integri-

111 2986 301 3027 tatem·
341 2976 560 3042 justitiae
582 3015 596 3039 ‚
667 2976 931 3027 mirentur
995 2978 1197 3029 viscera

109 3049 364 3116 pietatis3
425 3064 523 3115 ego
566 3066 677 3099 non
729 3050 913 3100 minus
959 3050 1197 3101 admiror

112 3119 518 3170 confessionem
560 3120 925 3171 humillimam
953 3131 1196 3187 peccato-

114 3207 275 3255 rum,
321 3207 488 3258 quam
517 3202 597 3242 tot
625 3192 880 3243 sublimia
912 3202 1059 3258 gesta
1086 3192 1197 3243 vir-

110 3272 302 3313 tutum
325 3279 339 3311 :
366 3282 396 3309 »
419 3262 533 3311 haec
563 3262 883 3329 Gregorius,

192 3348 256 3382 10
287 3332 690 3383 Com-‘esstom-:u
737 3350 1027 3385 Eonuumzn
1075 3352 1196 3386 ITE-

112 3421 265 3458 RARE
297 3421 471 3455 vALnE
505 3421 667 3455 urm-3
695 3422 809 3457 Es’r.
859 3436 920 3445 —
950 3407 1094 3459 Utile
1117 3417 1197 3458 est

110 3477 286 3527 etiam
312 3487 366 3527 et
389 3477 540 3526 valde
569 3477 781 3527 salubre
802 3477 1195 3529 consessionem

102 3548 286 3600 etiam
338 3551 653 3600 eorumdem
698 3560 1039 3615 peccatorum
1087 3552 1197 3602 fre-

106 3631 348 3688 quenter
398 3622 587 3673 iterare
610 3661 624 3684 ,
666 3632 718 3672 et
747 3624 999 3687 pluribus
1021 3622 1198 3674 confi-

105 3691 247 3753 teri,
277 3692 410 3758 quia
454 3693 716 3744 confessio
749 3693 953 3754 iterata,
979 3694 1103 3745 licet
1131 3695 1197 3744 ad

102 3762 350 3812 salutem
390 3779 502 3812 non
549 3763 621 3813 sit
650 3765 980 3829 necessaria,
1016 3775 1196 3815 tamen

108 3833 359 3883 multum
389 3843 470 3884 est
499 3833 763 3900 proficua;
791 3845 908 3904 tum
936 3836 1068 3901 quia
1097 3851 1197 3886 ne·-

107 3903 224 3957 scit
247 3905 436 3971 home,
467 3921 535 3958 an
565 3906 624 3958 in
655 3907 831 3974 prima
856 3907 1198 3960 confessione

2260 282 2361 335 205

1305 397 1628 449 sufficienter
1688 398 1950 449 contritus
2003 399 2194 459 fuerit,
2247 408 2367 450 tum

1304 469 1432 535 quia
1461 470 1630 534 major
1658 470 1937 520 humilitas
1968 480 2020 519 et
2048 470 2371 520 erubescen-

1302 540 1376 590 tia
1399 542 1657 592 meritum
1696 551 1874 593 causat
1896 551 1948 592 et
1966 541 2224 607 acquirit;
2250 550 2368 591 turn

1305 611 1434 678 quia
1464 628 1557 677 per
1579 623 2067 679 quantamcumque
2085 612 2371 662 confessio-

1306 698 1452 743 nem,
1483 685 1689 735 tollitur
1707 685 1904 735 virtute
1930 683 2240 735 sacramenti
2264 683 2369 733 ali-

1303 755 1436 821 quid
1474 755 1538 805 de
1584 771 1769 820 poena,
1811 767 1863 807 et
1892 756 2159 806 confertur
2189 755 2370 820 aliqua
2444 779 2448 783 ·

1303 829 1488 894 gratia.
1522 829 1660 888 Quia
1688 829 1833 879 enirn
1882 829 2124 879 sacerdos
2170 827 2369 878 virtute

1303 902 1535 952 clavium
1560 903 1764 970 aliquid
1790 903 1988 953 relaxat
2014 903 2080 952 de
2108 916 2260 967 poena
2285 901 2369 951 de-

1304 972 1432 1033 bita,
1462 984 1640 1040 posset
1668 974 1884 1040 aliquiS‚
1920 973 2077 1023 toties
2106 971 2367 1032 confiteri,

1300 1045 1448 1111 quod
1487 1046 1704 1096 tandem
1762 1044 1903 1094 nihil
1960 1053 2255 1094 remaneret
2303 1043 2370 1092 de

1302 1135 1477 1184 poena.
1518 1120 1581 1169 Et
1623 1119 1745 1169 licet
1771 1117 1938 1185 aliqui
1973 1118 2182 1176 dicant,
2222 1116 2368 1182 quod

1301 1190 1416 1240 sola
1435 1190 1609 1256 prima
1633 1189 1902 1240 absolutio
1934 1188 2181 1239 effectum
2201 1189 2368 1238 habet

1298 1262 1349 1311 vi
1384 1262 1647 1327 clavium,
1691 1262 1807 1312 aliae
1835 1264 2034 1311 ‘autem
2066 1277 2202 1321 non,
2245 1276 2369 1311 cum

1301 1332 1441 1382 nihil
1490 1333 1763 1384 inveniant
1808 1332 2231 1396 absolvendum3
2295 1347 2353 1382 se

1298 1404 1537 1454 cundum
1586 1404 1957 1470 benigniorem
2013 1413 2194 1452 tamen
2245 1403 2372 1468 opi-

1299 1475 1520 1526 nionem
1550 1476 1800 1535 aliorum,
1833 1491 1942 1525 non
1974 1483 2247 1540 reputatur
2276 1473 2369 1523 in-

1298 1546 1640 1608 convenienS,
1672 1547 1808 1613 quin
1829 1547 1994 1596 homo
2014 1555 2193 1611 posset
2210 1543 2370 1594 toties

1300 1619 1442 1670 idem
1473 1630 1747 1685 peccatum
1785 1620 1942 1670 corde
1975 1617 2210 1670 contrito
2235 1633 2370 1668 con-

1298 1691 1438 1743 fiteri
1462 1732 1476 1753 ‚
1517 1703 1569 1743 et
1609 1693 1677 1743 ab
1718 1708 1782 1743 eo
1810 1691 2042 1752 absolvi,
2083 1690 2229 1757 quod
2275 1706 2371 1756 per

1298 1764 1404 1814 hoc
1427 1764 1654 1815 dilueret
1671 1774 1839 1816 totam
1862 1780 2078 1831 poenam
2110 1773 2371 1829 purgato-

1300 1835 1388 1895 rii,
1410 1845 1463 1886 et
1495 1837 1616 1886 talis
1632 1836 1888 1896 morienS,
1910 1835 2090 1885 statim
2112 1835 2368 1895 evolaret;

1300 1922 1424 1957 cum
1455 1908 1651 1958 virtute
1702 1908 1931 1958 clavium
1984 1923 2104 1973 quae
2160 1921 2372 1971 semper

1300 1980 1507 2046 aliquid
1537 1982 1764 2040 relaxat,
1806 1979 1903 2030 etsi
1932 1979 2055 2029 talis
2098 1977 2368 2028 absolutio

1300 2067 1412 2101 non
1445 2051 1681 2102 inveniat
1726 2051 1938 2116 culpam
1963 2089 1975 2108 ‚
2011 2047 2219 2098 invenit
2264 2062 2373 2096 rea-

1299 2131 1415 2172 tum
1445 2137 1632 2187 poenae.
1659 2121 1725 2171 Et
1752 2122 1875 2170 dato
1904 2119 2050 2186 quod
2080 2117 2219 2168 nihil
2249 2133 2369 2182 poe-

1299 2208 1378 2245 nae
1404 2192 1668 2255 inveniat3
1696 2201 1825 2242 tunc
1844 2206 1908 2241 ex
1931 2191 1982 2241 vi
2004 2187 2366 2249 contritionis,

1297 2264 1424 2315 facit
1452 2264 1515 2313 ad
1546 2272 1893 2328 augmentum
1920 2260 2131 2326 gratiae,·
2157 2274 2255 2309 nec
2283 2268 2369 2309 ta-

1300 2350 1425 2384 men
1455 2342 1728 2399 peccatum
1761 2341 1889 2381 tunc
1922 2338 2219 2380 remaneret
2246 2328 2368 2379 sine

1301 2419 1474 2471 poena,
1507 2420 1617 2453 non
1642 2402 1788 2453 enim
1818 2401 2027 2451 modica
2046 2415 2167 2467 pars
2198 2415 2369 2467 poenae

1298 2486 1375 2528 est
1403 2477 1557 2525 dolor
1574 2474 1932 2535 contritioniS,
1954 2483 2006 2525 et
2039 2473 2366 2523 erubescen-

1298 2548 1372 2597 tia
1391 2545 1715 2610 confitenti5‚
1737 2562 1858 2612 quae
1890 2545 1949 2595 in
1977 2542 2222 2611 sequenti
2247 2559 2372 2593 con-

1297 2617 1534 2669 fessione
1565 2616 1803 2683 iteratur.
1859 2616 2005 2677 Quid
2048 2615 2214 2681 igitur
2252 2628 2370 2664 me-

1298 2688 1405 2739 lius
1480 2703 1646 2754 quam
1698 2687 2005 2753 frequenter
2078 2683 2322 2735 confiteri
2350 2721 2365 2748 ,

1255 2787 1258 2791 ‡
1297 2774 1582 2825 quousque
1606 2773 1700 2824 per
1731 2756 2096 2814 centesimam,
2128 2754 2211 2804 vel
2249 2752 2373 2802 mil-

1299 2830 1544 2880 lesimam
1599 2827 1990 2878 confessionem
2046 2833 2155 2874 tota
2214 2838 2371 2890 poena

1298 2905 1563 2954 relaxetur
1614 2900 1917 2952 confitenti?
1971 2898 2037 2952 Et
2073 2898 2370 2947 notandum

1301 2976 1447 3041 quod
1490 2972 1756 3023 confessio
1808 2968 2095 3037 generalis,
2144 2983 2265 3033 quae
2311 2967 2372 3018 fit

1300 3056 1426 3097 ante
1476 3045 1697 3095 missam
1761 3042 1820 3094 in
1874 3040 2124 3103 ecclesia,
2175 3048 2369 3106 purgat

1303 3125 1514 3183 peccata
1552 3112 1782 3165 venialia
1802 3151 1817 3177 ‚
1868 3121 1920 3163 et
1973 3111 2115 3162 delet
2160 3120 2375 3179 peccata

1301 3188 1549 3239 mortalia
1567 3186 1752 3237 oblita.

1371 3277 1388 3311 1
1409 3276 1427 3310 1
1482 3259 1791 3310 Conpnsson
1837 3271 1920 3307 srr
1980 3269 2260 3307 secamus.
2307 3281 2369 3290 —

1300 3332 1467 3382 Valde
1491 3339 1670 3380 autem
1700 3338 1889 3378 cautus
1909 3328 2067 3379 debet
2091 3339 2208 3376 esse
2234 3339 2369 3374 con-

1298 3403 1486 3464 fessor,
1515 3402 1569 3452 in
1599 3400 1832 3451 ten‘endo
1863 3407 2131 3448 secretum
2154 3393 2371 3445 confes-

1298 3475 1490 3535 sioniS,
1520 3475 1593 3525 ita
1611 3482 1672 3523 ut
1693 3488 1789 3523 nec
1810 3472 1943 3521 illud
1964 3470 2176 3528 revelet,
2206 3466 2370 3517 etiam

1300 3548 1367 3597 de
1400 3545 1614 3597 licentia
1637 3542 1957 3594 confitentis,
1990 3542 2052 3590 In
2072 3553 2197 3588 casu
2221 3536 2368 3586 enim

1299 3632 1411 3682 quo
1439 3614 1701 3666 confitens
1724 3610 1997 3664 renuntiat
2036 3623 2132 3658 sua
2150 3615 2368 3664 secreta,

1300 3697 1353 3738 et
1380 3687 1472 3739 dat
1508 3683 1803 3736 confessori
1849 3678 2120 3731 licentiam
2160 3674 2369 3726 dicendi

1299 3759 1385 3810 cui
1428 3757 1684 3817 voluerit,
1723 3755 1816 3806 ‘vel
1856 3749 2115 3817 loquendi
2164 3749 2231 3797 de
2275 3762 2368 3806 eo,

1262 3873 1267 3876 .
1299 3848 1409 3882 non
1448 3839 1622 3899 potest
1658 3829 1773 3895 ipse
1822 3824 2093 3876 confessor
2140 3820 2372 3872 revelare

1300 3906 1504 3958 dictum
1562 3901 1665 3956 sibi
1721 3901 1779 3952 in
1828 3896 2195 3960 confessione,
2242 3892 2375 3961 quia
