<?xml version="1.0" encoding="UTF-8"?>
<!DOCTYPE html PUBLIC "-//W3C//DTD XHTML 1.0 Transitional//EN"
    "http://www.w3.org/TR/xhtml1/DTD/xhtml1-transitional.dtd">
<html xmlns="http://www.w3.org/1999/xhtml" xml:lang="en" lang="en">
 <head>
  <title>
</title>
<meta http-equiv="Content-Type" content="text/html;charset=utf-8" />
  <meta name='ocr-system' content='tesseract 3.04.00' />
  <meta name='ocr-capabilities' content='ocr_page ocr_carea ocr_par ocr_line ocrx_word'/>
</head>
<body>
  <div class='ocr_page' id='page_1' title='image "./vitajesuchristi00sachgoog_0230.png"; bbox 0 0 2784 4452; ppageno 0'>
   <div class='ocr_carea' id='block_1_1' title="bbox 259 393 365 442">
    <p class='ocr_par' dir='ltr' id='par_1_1' title="bbox 259 393 365 442">
     <span class='ocr_line' id='line_1_1' title="bbox 259 393 365 442; baseline 0 -13"><span class='ocrx_word' id='word_1_1' title='bbox 259 393 365 442; x_wconf 70' lang='lat'>214</span> 
     </span>
    </p>
   </div>
   <div class='ocr_carea' id='block_1_2' title="bbox 246 493 1324 917">
    <p class='ocr_par' dir='ltr' id='par_1_2' title="bbox 246 493 1324 917">
     <span class='ocr_line' id='line_1_2' title="bbox 254 493 1322 554; baseline -0.001 -7"><span class='ocrx_word' id='word_1_2' title='bbox 254 494 507 547; x_wconf 84' lang='lat' dir='ltr'>manibus</span> <span class='ocrx_word' id='word_1_3' title='bbox 536 493 651 545; x_wconf 87' lang='lat' dir='ltr'>suis</span> <span class='ocrx_word' id='word_1_4' title='bbox 677 493 1017 554; x_wconf 81' lang='lat' dir='ltr'>humiliatur,</span> <span class='ocrx_word' id='word_1_5' title='bbox 1048 495 1134 546; x_wconf 89' lang='lat' dir='ltr'>cui</span> <span class='ocrx_word' id='word_1_6' title='bbox 1159 509 1322 547; x_wconf 78' lang='lat' dir='ltr'>omne</span> 
     </span>
     <span class='ocr_line' id='line_1_3' title="bbox 254 567 1324 634; baseline -0.001 -16"><span class='ocrx_word' id='word_1_7' title='bbox 254 583 423 634; x_wconf 82' lang='lat' dir='ltr'>genu,</span> <span class='ocrx_word' id='word_1_8' title='bbox 478 567 810 631; x_wconf 84' lang='lat' dir='ltr'>coelestium,</span> <span class='ocrx_word' id='word_1_9' title='bbox 864 567 1218 630; x_wconf 85' lang='lat' dir='ltr'>terrestrium,</span> <span class='ocrx_word' id='word_1_10' title='bbox 1270 577 1324 618; x_wconf 88' lang='lat' dir='ltr'>et</span> 
     </span>
     <span class='ocr_line' id='line_1_4' title="bbox 247 639 1321 692; baseline -0.003 0"><span class='ocrx_word' id='word_1_11' title='bbox 247 639 593 692; x_wconf 75' lang='lat' dir='ltr'>infernorum</span> <span class='ocrx_word' id='word_1_12' title='bbox 647 648 913 691; x_wconf 76' lang='lat' dir='ltr'><strong>curvatur.</strong></span> <span class='ocrx_word' id='word_1_13' title='bbox 966 640 1120 690; x_wconf 83' lang='lat' dir='ltr'><strong>Unde</strong></span> <span class='ocrx_word' id='word_1_14' title='bbox 1177 640 1321 690; x_wconf 81' lang='lat' dir='ltr'>Ber-</span> 
     </span>
     <span class='ocr_line' id='line_1_5' title="bbox 246 711 1322 777; baseline -0.002 -14"><span class='ocrx_word' id='word_1_15' title='bbox 246 712 459 764; x_wconf 76' lang='lat' dir='ltr'>·nardus</span> <span class='ocrx_word' id='word_1_16' title='bbox 486 729 505 763; x_wconf 86' lang='lat'>.-</span> <span class='ocrx_word' id='word_1_17' title='bbox 536 730 563 758; x_wconf 83' lang='lat'>«</span> <span class='ocrx_word' id='word_1_18' title='bbox 589 712 885 763; x_wconf 81' lang='lat' dir='ltr'>inclinatur</span> <span class='ocrx_word' id='word_1_19' title='bbox 931 712 1035 762; x_wconf 89' lang='lat' dir='ltr'>sub</span> <span class='ocrx_word' id='word_1_20' title='bbox 1071 711 1322 777; x_wconf 72' lang='lat' dir='ltr'>Baptistae</span> 
     </span>
     <span class='ocr_line' id='line_1_6' title="bbox 252 785 1323 850; baseline -0.002 -14"><span class='ocrx_word' id='word_1_21' title='bbox 252 785 511 836; x_wconf 87' lang='lat' dir='ltr'>manibus</span> <span class='ocrx_word' id='word_1_22' title='bbox 561 794 718 850; x_wconf 83' lang='lat' dir='ltr'>caput</span> <span class='ocrx_word' id='word_1_23' title='bbox 770 785 1106 836; x_wconf 75' lang='lat' dir='ltr'>adorandum</span> <span class='ocrx_word' id='word_1_24' title='bbox 1143 785 1323 850; x_wconf 82' lang='lat' dir='ltr'>Ange-</span> 
     </span>
     <span class='ocr_line' id='line_1_7' title="bbox 251 855 1324 917; baseline -0.002 -9"><span class='ocrx_word' id='word_1_25' title='bbox 251 857 350 917; x_wconf 87' lang='lat' dir='ltr'>lis,</span> <span class='ocrx_word' id='word_1_26' title='bbox 379 857 734 908; x_wconf 84' lang='lat' dir='ltr'>reverendum</span> <span class='ocrx_word' id='word_1_27' title='bbox 776 855 1140 907; x_wconf 83' lang='lat' dir='ltr'>Potestatibus</span> <span class='ocrx_word' id='word_1_28' title='bbox 1157 893 1173 916; x_wconf 92' lang='lat'>,</span> <span class='ocrx_word' id='word_1_29' title='bbox 1210 862 1324 906; x_wconf 88' lang='lat' dir='ltr'>&#39;tre—</span> 
     </span>
    </p>
   </div>
   <div class='ocr_carea' id='block_1_3' title="bbox 246 926 1363 1059">
    <p class='ocr_par' dir='ltr' id='par_1_3' title="bbox 246 926 1363 1059">
     <span class='ocr_line' id='line_1_8' title="bbox 251 926 1362 993; baseline -0.003 -15"><span class='ocrx_word' id='word_1_30' title='bbox 251 930 510 979; x_wconf 84' lang='lat' dir='ltr'>mendum</span> <span class='ocrx_word' id='word_1_31' title='bbox 564 926 973 993; x_wconf 70' lang='lat' dir='ltr'>Ptincipatibus.</span> <span class='ocrx_word' id='word_1_32' title='bbox 1025 926 1169 987; x_wconf 85' lang='lat' dir='ltr'>Quid</span> <span class='ocrx_word' id='word_1_33' title='bbox 1215 926 1323 976; x_wconf 90' lang='lat' dir='ltr'>mi-</span> <span class='ocrx_word' id='word_1_34' title='bbox 1359 963 1362 968; x_wconf 88' lang='lat'><em>.</em></span> 
     </span>
     <span class='ocr_line' id='line_1_9' title="bbox 246 997 1363 1059; baseline -0.004 -7"><span class='ocrx_word' id='word_1_35' title='bbox 246 1015 374 1052; x_wconf 71' lang='lat' dir='ltr'>vtum</span> <span class='ocrx_word' id='word_1_36' title='bbox 403 1037 419 1059; x_wconf 89' lang='lat'>,</span> <span class='ocrx_word' id='word_1_37' title='bbox 447 997 511 1048; x_wconf 88' lang='lat' dir='ltr'>si·</span> <span class='ocrx_word' id='word_1_38' title='bbox 540 997 724 1048; x_wconf 83' lang='lat' dir='ltr'>tremit</span> <span class='ocrx_word' id='word_1_39' title='bbox 773 997 967 1058; x_wconf 81' lang='lat' dir='ltr'>homo,</span> <span class='ocrx_word' id='word_1_40' title='bbox 1016 1012 1112 1048; x_wconf 88' lang='lat' dir='ltr'>nec</span> <span class='ocrx_word' id='word_1_41' title='bbox 1163 997 1324 1047; x_wconf 85' lang='lat' dir='ltr'>audet</span> <span class='ocrx_word' id='word_1_42' title='bbox 1358 1019 1363 1059; x_wconf 57' lang='grc' dir='ltr'><strong>ς</strong></span> 
     </span>
    </p>
   </div>
   <div class='ocr_carea' id='block_1_4' title="bbox 245 1067 1322 1623">
    <p class='ocr_par' dir='ltr' id='par_1_4' title="bbox 245 1067 1322 1623">
     <span class='ocr_line' id='line_1_10' title="bbox 248 1067 1319 1136; baseline -0.001 -16"><span class='ocrx_word' id='word_1_43' title='bbox 248 1070 508 1136; x_wconf 83' lang='lat' dir='ltr'>attingere</span> <span class='ocrx_word' id='word_1_44' title='bbox 581 1077 830 1119; x_wconf 87' lang='lat' dir='ltr'>sanctum</span> <span class='ocrx_word' id='word_1_45' title='bbox 873 1067 973 1119; x_wconf 85' lang='lat' dir='ltr'>Dei</span> <span class='ocrx_word' id='word_1_46' title='bbox 1029 1067 1319 1121; x_wconf 77' lang='lat' dir='ltr'>verticem?</span> 
     </span>
     <span class='ocr_line' id='line_1_11' title="bbox 251 1138 1322 1205; baseline -0.001 -15"><span class='ocrx_word' id='word_1_47' title='bbox 251 1141 397 1200; x_wconf 82' lang='lat' dir='ltr'>Quid</span> <span class='ocrx_word' id='word_1_48' title='bbox 423 1141 507 1190; x_wconf 86' lang='lat' dir='ltr'>vel</span> <span class='ocrx_word' id='word_1_49' title='bbox 547 1139 662 1205; x_wconf 88' lang='lat' dir='ltr'>ipsa</span> <span class='ocrx_word' id='word_1_50' title='bbox 686 1138 1009 1205; x_wconf 82' lang='lat' dir='ltr'>cogitatione</span> <span class='ocrx_word' id='word_1_51' title='bbox 1052 1154 1164 1189; x_wconf 92' lang='lat' dir='ltr'>non</span> <span class='ocrx_word' id='word_1_52' title='bbox 1193 1154 1322 1203; x_wconf 83' lang='lat' dir='ltr'>con-</span> 
     </span>
     <span class='ocr_line' id='line_1_12' title="bbox 245 1212 1320 1279; baseline -0.001 -15"><span class='ocrx_word' id='word_1_53' title='bbox 245 1212 538 1264; x_wconf 74' lang='lat' dir='ltr'>tremiscit?</span> <span class='ocrx_word' id='word_1_54' title='bbox 577 1213 626 1263; x_wconf 92' lang='lat' dir='ltr'>O</span> <span class='ocrx_word' id='word_1_55' title='bbox 677 1228 842 1279; x_wconf 84' lang='lat' dir='ltr'>quam</span> <span class='ocrx_word' id='word_1_56' title='bbox 897 1213 1067 1264; x_wconf 85' lang='lat' dir='ltr'>altum</span> <span class='ocrx_word' id='word_1_57' title='bbox 1119 1212 1222 1263; x_wconf 87' lang='lat' dir='ltr'>erit</span> <span class='ocrx_word' id='word_1_58' title='bbox 1261 1212 1320 1264; x_wconf 84' lang='lat' dir='ltr'>in</span> 
     </span>
     <span class='ocr_line' id='line_1_13' title="bbox 247 1283 1318 1351; baseline -0.001 -16"><span class='ocrx_word' id='word_1_59' title='bbox 247 1284 448 1350; x_wconf 73' lang='lat' dir='ltr'>judicio</span> <span class='ocrx_word' id='word_1_60' title='bbox 485 1294 642 1351; x_wconf 87' lang='lat' dir='ltr'>caput</span> <span class='ocrx_word' id='word_1_61' title='bbox 670 1284 834 1348; x_wconf 88' lang='lat' dir='ltr'>istud,</span> <span class='ocrx_word' id='word_1_62' title='bbox 862 1285 1008 1350; x_wconf 89' lang='lat' dir='ltr'>quod</span> <span class='ocrx_word' id='word_1_63' title='bbox 1040 1285 1203 1334; x_wconf 91' lang='lat' dir='ltr'>modo</span> <span class='ocrx_word' id='word_1_64' title='bbox 1241 1283 1318 1334; x_wconf 85' lang='lat' dir='ltr'>sic</span> 
     </span>
     <span class='ocr_line' id='line_1_14' title="bbox 247 1357 1318 1425; baseline -0.002 -16"><span class='ocrx_word' id='word_1_65' title='bbox 247 1358 561 1421; x_wconf 88' lang='lat' dir='ltr'>inclinatur;</span> <span class='ocrx_word' id='word_1_66' title='bbox 592 1368 645 1409; x_wconf 89' lang='lat' dir='ltr'>et</span> <span class='ocrx_word' id='word_1_67' title='bbox 676 1368 859 1409; x_wconf 82' lang='lat' dir='ltr'>vertex</span> <span class='ocrx_word' id='word_1_68' title='bbox 886 1357 984 1425; x_wconf 88' lang='lat' dir='ltr'>qui</span> <span class='ocrx_word' id='word_1_69' title='bbox 1017 1359 1180 1408; x_wconf 89' lang='lat' dir='ltr'>modo</span> <span class='ocrx_word' id='word_1_70' title='bbox 1209 1367 1318 1407; x_wconf 75' lang='lat' dir='ltr'>tam</span> 
     </span>
     <span class='ocr_line' id='line_1_15' title="bbox 246 1428 1321 1495; baseline -0.002 -15"><span class='ocrx_word' id='word_1_71' title='bbox 246 1429 476 1480; x_wconf 88' lang='lat' dir='ltr'>humilis</span> <span class='ocrx_word' id='word_1_72' title='bbox 505 1430 748 1490; x_wconf 84' lang='lat' dir='ltr'>videtur,</span> <span class='ocrx_word' id='word_1_73' title='bbox 791 1444 957 1495; x_wconf 88' lang='lat' dir='ltr'>quam</span> <span class='ocrx_word' id='word_1_74' title='bbox 991 1428 1248 1479; x_wconf 88' lang='lat' dir='ltr'>sublimis</span> <span class='ocrx_word' id='word_1_75' title='bbox 1267 1437 1321 1479; x_wconf 86' lang='lat' dir='ltr'>et</span> 
     </span>
     <span class='ocr_line' id='line_1_16' title="bbox 246 1498 1320 1567; baseline -0.001 -16"><span class='ocrx_word' id='word_1_76' title='bbox 246 1509 454 1551; x_wconf 80' lang='lat' dir='ltr'>erectus</span> <span class='ocrx_word' id='word_1_77' title='bbox 484 1509 612 1553; x_wconf 85' lang='lat' dir='ltr'>tunc</span> <span class='ocrx_word' id='word_1_78' title='bbox 642 1498 944 1567; x_wconf 83' lang='lat' dir='ltr'>apparebit!</span> <span class='ocrx_word' id='word_1_79' title='bbox 974 1519 1002 1549; x_wconf 75' lang='grc' dir='ltr'>ι)</span> <span class='ocrx_word' id='word_1_80' title='bbox 1035 1499 1150 1551; x_wconf 85' lang='lat' dir='ltr'>haec</span> <span class='ocrx_word' id='word_1_81' title='bbox 1177 1500 1320 1550; x_wconf 79' lang='lat' dir='ltr'>Ber·-</span> 
     </span>
     <span class='ocr_line' id='line_1_17' title="bbox 245 1573 475 1623; baseline 0.004 -1"><span class='ocrx_word' id='word_1_82' title='bbox 245 1573 475 1623; x_wconf 64' lang='lat' dir='ltr'>nardus,</span> 
     </span>
    </p>
   </div>
   <div class='ocr_carea' id='block_1_5' title="bbox 243 1711 1322 1846">
    <p class='ocr_par' dir='ltr' id='par_1_5' title="bbox 243 1711 1322 1846">
     <span class='ocr_line' id='line_1_18' title="bbox 243 1711 1322 1779; baseline -0.001 -14"><span class='ocrx_word' id='word_1_83' title='bbox 243 1712 425 1765; x_wconf 69' lang='lat' dir='ltr'>uro?</span> <span class='ocrx_word' id='word_1_84' title='bbox 458 1742 519 1751; x_wconf 94' lang='lat'>—</span> <span class='ocrx_word' id='word_1_85' title='bbox 550 1713 820 1764; x_wconf 86' lang='lat' dir='ltr'>Dominus</span> <span class='ocrx_word' id='word_1_86' title='bbox 847 1729 972 1764; x_wconf 85' lang='lat' dir='ltr'>vero</span> <span class='ocrx_word' id='word_1_87' title='bbox 998 1713 1190 1778; x_wconf 83' lang='lat' dir='ltr'>probat</span> <span class='ocrx_word' id='word_1_88' title='bbox 1204 1711 1322 1779; x_wconf 86' lang='lat' dir='ltr'>qui·</span> 
     </span>
     <span class='ocr_line' id='line_1_19' title="bbox 245 1785 784 1846; baseline -0.002 -9"><span class='ocrx_word' id='word_1_89' title='bbox 245 1786 374 1837; x_wconf 70' lang='lat' dir='ltr'>dem</span> <span class='ocrx_word' id='word_1_90' title='bbox 425 1785 614 1836; x_wconf 80' lang='lat' dir='ltr'>famuli</span> <span class='ocrx_word' id='word_1_91' title='bbox 658 1785 744 1836; x_wconf 88' lang='lat' dir='ltr'>sui</span> <span class='ocrx_word' id='word_1_92' title='bbox 769 1824 784 1846; x_wconf 91' lang='lat'>,</span> 
     </span>
    </p>
   </div>
   <div class='ocr_carea' id='block_1_6' title="bbox 242 1928 1001 1994">
    <p class='ocr_par' dir='ltr' id='par_1_6' title="bbox 242 1928 1001 1994">
     <span class='ocr_line' id='line_1_20' title="bbox 242 1928 1001 1994; baseline -0.003 -13"><span class='ocrx_word' id='word_1_93' title='bbox 242 1928 555 1981; x_wconf 67' lang='lat' dir='ltr'>manifestat</span> <span class='ocrx_word' id='word_1_94' title='bbox 631 1929 948 1994; x_wconf 80' lang='lat' dir='ltr'>mysterium</span> <span class='ocrx_word' id='word_1_95' title='bbox 988 1967 1001 1990; x_wconf 94' lang='lat'>,</span> 
     </span>
    </p>
   </div>
   <div class='ocr_carea' id='block_1_7' title="bbox 233 2141 1324 3146">
    <p class='ocr_par' dir='ltr' id='par_1_7' title="bbox 233 2141 1324 3146">
     <span class='ocr_line' id='line_1_21' title="bbox 247 2141 1321 2210; baseline 0.003 -18"><span class='ocrx_word' id='word_1_96' title='bbox 247 2142 600 2208; x_wconf 87' lang='lat' dir='ltr'>postmodum</span> <span class='ocrx_word' id='word_1_97' title='bbox 624 2157 655 2193; x_wconf 90' lang='lat' dir='ltr'>a</span> <span class='ocrx_word' id='word_1_98' title='bbox 679 2157 767 2192; x_wconf 90' lang='lat' dir='ltr'>me</span> <span class='ocrx_word' id='word_1_99' title='bbox 799 2141 1086 2208; x_wconf 88' lang='lat' dir='ltr'>baptizeris</span> <span class='ocrx_word' id='word_1_100' title='bbox 1110 2142 1168 2192; x_wconf 88' lang='lat' dir='ltr'>in</span> <span class='ocrx_word' id='word_1_101' title='bbox 1190 2143 1321 2210; x_wconf 86' lang='lat' dir='ltr'>Spi-</span> 
     </span>
     <span class='ocr_line' id='line_1_22' title="bbox 243 2213 1321 2282; baseline 0 -16"><span class='ocrx_word' id='word_1_102' title='bbox 243 2213 374 2275; x_wconf 76' lang='lat' dir='ltr'>ritu,</span> <span class='ocrx_word' id='word_1_103' title='bbox 403 2213 532 2281; x_wconf 90' lang='lat' dir='ltr'>quia</span> <span class='ocrx_word' id='word_1_104' title='bbox 572 2213 891 2281; x_wconf 80' lang='lat' dir='ltr'>mysterium</span> <span class='ocrx_word' id='word_1_105' title='bbox 921 2222 1000 2265; x_wconf 87' lang='lat' dir='ltr'>est</span> <span class='ocrx_word' id='word_1_106' title='bbox 1027 2214 1174 2281; x_wconf 92' lang='lat' dir='ltr'>quod</span> <span class='ocrx_word' id='word_1_107' title='bbox 1201 2231 1321 2282; x_wconf 82' lang='lat' dir='ltr'>ago.</span> 
     </span>
     <span class='ocr_line' id='line_1_23' title="bbox 247 2285 1319 2355; baseline 0.001 -19"><span class='ocrx_word' id='word_1_108' title='bbox 247 2285 312 2337; x_wconf 84' lang='lat' dir='ltr'>In</span> <span class='ocrx_word' id='word_1_109' title='bbox 358 2300 488 2351; x_wconf 94' lang='lat' dir='ltr'>quo,</span> <span class='ocrx_word' id='word_1_110' title='bbox 519 2285 818 2336; x_wconf 85' lang='lat' dir='ltr'>secundum</span> <span class='ocrx_word' id='word_1_111' title='bbox 855 2285 1319 2355; x_wconf 75' lang='lat' dir='ltr'>Chrysestomum,</span> 
     </span>
     <span class='ocr_line' id='line_1_24' title="bbox 243 2358 1323 2425; baseline 0.001 -15"><span class='ocrx_word' id='word_1_112' title='bbox 243 2358 485 2410; x_wconf 67' lang='lat' dir='ltr'>ostendit</span> <span class='ocrx_word' id='word_1_113' title='bbox 514 2358 643 2425; x_wconf 91' lang='lat' dir='ltr'>quia</span> <span class='ocrx_word' id='word_1_114' title='bbox 679 2368 862 2424; x_wconf 88' lang='lat' dir='ltr'>postea</span> <span class='ocrx_word' id='word_1_115' title='bbox 893 2360 1142 2411; x_wconf 87' lang='lat' dir='ltr'>Christus</span> <span class='ocrx_word' id='word_1_116' title='bbox 1167 2361 1323 2411; x_wconf 79' lang='lat' dir='ltr'>Joan-</span> 
     </span>
     <span class='ocr_line' id='line_1_25' title="bbox 246 2430 1321 2500; baseline 0.003 -20"><span class='ocrx_word' id='word_1_117' title='bbox 246 2446 374 2481; x_wconf 82' lang='lat' dir='ltr'>nem</span> <span class='ocrx_word' id='word_1_118' title='bbox 416 2430 719 2496; x_wconf 79' lang='lat' dir='ltr'>ba&#39;ptizavit.</span> <span class='ocrx_word' id='word_1_119' title='bbox 757 2432 890 2482; x_wconf 84' lang='lat' dir='ltr'>Sine</span> <span class='ocrx_word' id='word_1_120' title='bbox 934 2434 1107 2495; x_wconf 77' lang='lat' dir='ltr'>mode,</span> <span class='ocrx_word' id='word_1_121' title='bbox 1137 2443 1201 2483; x_wconf 90' lang='lat' dir='ltr'>ut</span> <span class='ocrx_word' id='word_1_122' title='bbox 1225 2433 1321 2500; x_wconf 91' lang='lat' dir='ltr'>qui</span> 
     </span>
     <span class='ocr_line' id='line_1_26' title="bbox 247 2502 1324 2570; baseline 0.004 -19"><span class='ocrx_word' id='word_1_123' title='bbox 247 2502 481 2553; x_wconf 85' lang='lat' dir='ltr'>formam</span> <span class='ocrx_word' id='word_1_124' title='bbox 510 2502 648 2551; x_wconf 87' lang='lat' dir='ltr'>servi</span> <span class='ocrx_word' id='word_1_125' title='bbox 675 2503 967 2568; x_wconf 78' lang='lat' dir='ltr'>assumpsi,</span> <span class='ocrx_word' id='word_1_126' title='bbox 996 2505 1240 2570; x_wconf 78' lang='lat' dir='ltr'>expleam</span> <span class='ocrx_word' id='word_1_127' title='bbox 1271 2515 1324 2555; x_wconf 88' lang='lat' dir='ltr'>et</span> 
     </span>
     <span class='ocr_line' id='line_1_27' title="bbox 245 2571 1320 2640; baseline 0.001 -17"><span class='ocrx_word' id='word_1_128' title='bbox 245 2571 614 2623; x_wconf 80' lang='lat' dir='ltr'>humilitatem</span> <span class='ocrx_word' id='word_1_129' title='bbox 668 2571 801 2636; x_wconf 77' lang='lat' dir='ltr'>ejus.</span> <span class='ocrx_word' id='word_1_130' title='bbox 875 2572 946 2622; x_wconf 89' lang='lat' dir='ltr'>Et</span> <span class='ocrx_word' id='word_1_131' title='bbox 999 2573 1280 2640; x_wconf 87' lang='lat' dir='ltr'>subjungit</span> <span class='ocrx_word' id='word_1_132' title='bbox 1306 2591 1320 2624; x_wconf 75' lang='grc' dir='ltr'>ε</span> 
     </span>
     <span class='ocr_line' id='line_1_28' title="bbox 246 2640 1322 2710; baseline 0 -15"><span class='ocrx_word' id='word_1_133' title='bbox 246 2640 345 2695; x_wconf 79' lang='lat' dir='ltr'>Sic</span> <span class='ocrx_word' id='word_1_134' title='bbox 371 2642 509 2692; x_wconf 85' lang='lat' dir='ltr'>enim</span> <span class='ocrx_word' id='word_1_135' title='bbox 540 2640 800 2703; x_wconf 88' lang='lat' dir='ltr'>faciendo,</span> <span class='ocrx_word' id='word_1_136' title='bbox 838 2643 972 2693; x_wconf 91' lang='lat' dir='ltr'>dum</span> <span class='ocrx_word' id='word_1_137' title='bbox 1021 2659 1120 2709; x_wconf 82' lang='lat' dir='ltr'>ego</span> <span class='ocrx_word' id='word_1_138' title='bbox 1159 2645 1322 2710; x_wconf 81' lang='lat' dir='ltr'>Supe-</span> 
     </span>
     <span class='ocr_line' id='line_1_29' title="bbox 244 2716 1322 2785; baseline 0.003 -18"><span class='ocrx_word' id='word_1_139' title='bbox 244 2716 361 2768; x_wconf 76' lang='lat' dir='ltr'>tior</span> <span class='ocrx_word' id='word_1_140' title='bbox 401 2725 456 2766; x_wconf 91' lang='lat' dir='ltr'>et</span> <span class='ocrx_word' id='word_1_141' title='bbox 503 2731 612 2766; x_wconf 88' lang='lat' dir='ltr'>non</span> <span class='ocrx_word' id='word_1_142' title='bbox 648 2716 897 2783; x_wconf 86' lang='lat' dir='ltr'>indigens</span> <span class='ocrx_word' id='word_1_143' title='bbox 919 2732 951 2767; x_wconf 85' lang='lat' dir='ltr'>a</span> <span class='ocrx_word' id='word_1_144' title='bbox 984 2727 1039 2768; x_wconf 88' lang='lat' dir='ltr'>te</span> <span class='ocrx_word' id='word_1_145' title='bbox 1084 2718 1322 2785; x_wconf 84' lang='lat' dir='ltr'>suscipio</span> 
     </span>
     <span class='ocr_line' id='line_1_30' title="bbox 247 2787 1322 2854; baseline 0.003 -17"><span class='ocrx_word' id='word_1_146' title='bbox 247 2787 600 2854; x_wconf 81' lang='lat' dir='ltr'>baptismum,</span> <span class='ocrx_word' id='word_1_147' title='bbox 650 2789 800 2839; x_wconf 81' lang='lat' dir='ltr'>decet</span> <span class='ocrx_word' id='word_1_148' title='bbox 858 2802 959 2839; x_wconf 82' lang='lat' dir='ltr'>nos</span> <span class='ocrx_word' id='word_1_149' title='bbox 1012 2804 1101 2840; x_wconf 87' lang='lat' dir='ltr'>me</span> <span class='ocrx_word' id='word_1_150' title='bbox 1149 2790 1322 2840; x_wconf 87' lang='lat' dir='ltr'>susci-</span> 
     </span>
     <span class='ocr_line' id='line_1_31' title="bbox 248 2860 1322 2929; baseline 0.004 -20"><span class='ocrx_word' id='word_1_151' title='bbox 248 2860 466 2926; x_wconf 89' lang='lat' dir='ltr'>piendo,</span> <span class='ocrx_word' id='word_1_152' title='bbox 521 2870 575 2911; x_wconf 90' lang='lat' dir='ltr'>et</span> <span class='ocrx_word' id='word_1_153' title='bbox 616 2870 667 2911; x_wconf 93' lang='lat' dir='ltr'>te</span> <span class='ocrx_word' id='word_1_154' title='bbox 711 2860 1049 2926; x_wconf 80' lang='lat' dir='ltr'>baptizandO,</span> <span class='ocrx_word' id='word_1_155' title='bbox 1101 2862 1322 2929; x_wconf 82' lang='lat' dir='ltr'>implere</span> 
     </span>
     <span class='ocr_line' id='line_1_32' title="bbox 247 2930 1321 2998; baseline 0.002 -16"><span class='ocrx_word' id='word_1_156' title='bbox 247 2940 303 2982; x_wconf 82' lang='lat' dir='ltr'>et</span> <span class='ocrx_word' id='word_1_157' title='bbox 330 2930 456 2981; x_wconf 81' lang='lat' dir='ltr'>dare</span> <span class='ocrx_word' id='word_1_158' title='bbox 485 2933 792 2998; x_wconf 82' lang='lat' dir='ltr'>exemplum</span> <span class='ocrx_word' id='word_1_159' title='bbox 821 2932 1083 2998; x_wconf 88' lang='lat' dir='ltr'>implendi</span> <span class='ocrx_word' id='word_1_160' title='bbox 1117 2948 1321 2985; x_wconf 80' lang='lat' dir='ltr'>omnem</span> 
     </span>
     <span class='ocr_line' id='line_1_33' title="bbox 233 3003 1321 3073; baseline 0.005 -20"><span class='ocrx_word' id='word_1_161' title='bbox 233 3003 529 3071; x_wconf 67' lang='lat' dir='ltr'>Justitiam.</span> <span class='ocrx_word' id='word_1_162' title='bbox 559 3005 629 3055; x_wconf 93' lang='lat' dir='ltr'>Et</span> <span class='ocrx_word' id='word_1_163' title='bbox 663 3005 926 3072; x_wconf 88' lang='lat' dir='ltr'>accipitur</span> <span class='ocrx_word' id='word_1_164' title='bbox 959 3006 1050 3058; x_wconf 84' lang='lat' dir='ltr'>bic</span> <span class='ocrx_word' id='word_1_165' title='bbox 1082 3006 1321 3073; x_wconf 82' lang='lat' dir='ltr'>&#39;justitia,</span> 
     </span>
     <span class='ocr_line' id='line_1_34' title="bbox 247 3078 1321 3146; baseline 0.007 -22"><span class='ocrx_word' id='word_1_166' title='bbox 247 3091 358 3125; x_wconf 82' lang='lat' dir='ltr'>non</span> <span class='ocrx_word' id='word_1_167' title='bbox 383 3086 541 3142; x_wconf 89' lang='lat' dir='ltr'>prout</span> <span class='ocrx_word' id='word_1_168' title='bbox 581 3086 662 3126; x_wconf 90' lang='lat' dir='ltr'>est</span> <span class='ocrx_word' id='word_1_169' title='bbox 688 3078 860 3129; x_wconf 87' lang='lat' dir='ltr'>virtus</span> <span class='ocrx_word' id='word_1_170' title='bbox 897 3080 1160 3146; x_wconf 83' lang='lat' dir='ltr'>specialis,</span> <span class='ocrx_word' id='word_1_171' title='bbox 1188 3080 1321 3133; x_wconf 79' lang='lat' dir='ltr'>vitio</span> 
     </span>
    </p>
   </div>
   <div class='ocr_carea' id='block_1_8' title="bbox 244 3146 1323 3282">
    <p class='ocr_par' dir='ltr' id='par_1_8' title="bbox 244 3146 1323 3281">
     <span class='ocr_line' id='line_1_35' title="bbox 244 3146 1323 3217; baseline 0.006 -20"><span class='ocrx_word' id='word_1_172' title='bbox 244 3146 482 3197; x_wconf 80' lang='lat' dir='ltr'>avaritiae</span> <span class='ocrx_word' id='word_1_173' title='bbox 531 3147 796 3212; x_wconf 90' lang='lat' dir='ltr'>opposita,</span> <span class='ocrx_word' id='word_1_174' title='bbox 845 3151 939 3200; x_wconf 90' lang='lat' dir='ltr'>sed</span> <span class='ocrx_word' id='word_1_175' title='bbox 1009 3153 1323 3217; x_wconf 84' lang='lat' dir='ltr'>generaliter</span> 
     </span>
     <span class='ocr_line' id='line_1_36' title="bbox 249 3215 1321 3282; baseline 0.007 -17"><span class='ocrx_word' id='word_1_176' title='bbox 249 3224 412 3281; x_wconf 86' lang='lat' dir='ltr'>prout</span> <span class='ocrx_word' id='word_1_177' title='bbox 437 3215 660 3266; x_wconf 90' lang='lat' dir='ltr'>includit</span> <span class='ocrx_word' id='word_1_178' title='bbox 684 3232 903 3267; x_wconf 87' lang='lat' dir='ltr'>omnem</span> <span class='ocrx_word' id='word_1_179' title='bbox 926 3218 1200 3282; x_wconf 85' lang='lat' dir='ltr'>virtutem,</span> <span class='ocrx_word' id='word_1_180' title='bbox 1226 3237 1321 3271; x_wconf 90' lang='lat' dir='ltr'>seu</span> 
     </span>
    </p>
   </div>
   <div class='ocr_carea' id='block_1_9' title="bbox 236 3288 1325 3982">
    <p class='ocr_par' dir='ltr' id='par_1_9' title="bbox 236 3288 1324 3710">
     <span class='ocr_line' id='line_1_37' title="bbox 249 3288 1320 3358; baseline 0.005 -19"><span class='ocrx_word' id='word_1_181' title='bbox 249 3288 500 3339; x_wconf 86' lang='lat' dir='ltr'>omnium</span> <span class='ocrx_word' id='word_1_182' title='bbox 568 3288 831 3339; x_wconf 90' lang='lat' dir='ltr'>virtutum</span> <span class='ocrx_word' id='word_1_183' title='bbox 907 3290 1320 3358; x_wconf 83' lang='lat' dir='ltr'>perfectionem,</span> 
     </span>
     <span class='ocr_line' id='line_1_38' title="bbox 245 3358 1323 3427; baseline 0.004 -18"><span class='ocrx_word' id='word_1_184' title='bbox 245 3360 543 3409; x_wconf 87' lang='lat' dir='ltr'>secundum</span> <span class='ocrx_word' id='word_1_185' title='bbox 576 3358 1040 3427; x_wconf 64' lang='lat' dir='ltr'>Chry-sostenium,</span> <span class='ocrx_word' id='word_1_186' title='bbox 1081 3363 1227 3427; x_wconf 90' lang='lat' dir='ltr'>quod</span> <span class='ocrx_word' id='word_1_187' title='bbox 1247 3364 1323 3413; x_wconf 92' lang='lat' dir='ltr'>di-</span> 
     </span>
     <span class='ocr_line' id='line_1_39' title="bbox 249 3428 1324 3496; baseline 0.003 -17"><span class='ocrx_word' id='word_1_188' title='bbox 249 3428 322 3480; x_wconf 89' lang='lat' dir='ltr'>cit</span> <span class='ocrx_word' id='word_1_189' title='bbox 336 3431 442 3479; x_wconf 88' lang='lat' dir='ltr'>tale</span> <span class='ocrx_word' id='word_1_190' title='bbox 469 3440 550 3480; x_wconf 91' lang='lat' dir='ltr'>est</span> <span class='ocrx_word' id='word_1_191' title='bbox 579 3446 595 3480; x_wconf 79' lang='lat'>2</span> <span class='ocrx_word' id='word_1_192' title='bbox 624 3429 824 3480; x_wconf 84' lang='lat' dir='ltr'>Omnia</span> <span class='ocrx_word' id='word_1_193' title='bbox 839 3429 947 3493; x_wconf 86' lang='lat' dir='ltr'>jam</span> <span class='ocrx_word' id='word_1_194' title='bbox 972 3431 1164 3496; x_wconf 83' lang='lat' dir='ltr'>legalia</span> <span class='ocrx_word' id='word_1_195' title='bbox 1181 3448 1324 3482; x_wconf 89' lang='lat' dir='ltr'>com-</span> 
     </span>
     <span class='ocr_line' id='line_1_40' title="bbox 236 3500 1318 3566; baseline 0.001 -16"><span class='ocrx_word' id='word_1_196' title='bbox 236 3500 563 3566; x_wconf 22' lang='lat' dir='ltr'>rplevimuS,</span> <span class='ocrx_word' id='word_1_197' title='bbox 620 3517 717 3551; x_wconf 88' lang='lat' dir='ltr'>nec</span> <span class='ocrx_word' id='word_1_198' title='bbox 775 3501 948 3551; x_wconf 82' lang='lat' dir='ltr'>ullum</span> <span class='ocrx_word' id='word_1_199' title='bbox 1000 3503 1318 3566; x_wconf 80' lang='lat' dir='ltr'>transgressi</span> 
     </span>
     <span class='ocr_line' id='line_1_41' title="bbox 252 3574 1319 3640; baseline -0.002 -16"><span class='ocrx_word' id='word_1_200' title='bbox 252 3590 440 3624; x_wconf 75' lang='lat' dir='ltr'>Sumus</span> <span class='ocrx_word' id='word_1_201' title='bbox 470 3576 759 3640; x_wconf 79' lang='lat' dir='ltr'>aliquando</span> <span class='ocrx_word' id='word_1_202' title='bbox 791 3574 1129 3636; x_wconf 77' lang='lat' dir='ltr'>1nandatt1m3</span> <span class='ocrx_word' id='word_1_203' title='bbox 1151 3592 1319 3622; x_wconf 75' lang='lat' dir='ltr'>unum</span> 
     </span>
     <span class='ocr_line' id='line_1_42' title="bbox 252 3646 1323 3710; baseline 0 -16"><span class='ocrx_word' id='word_1_204' title='bbox 252 3646 426 3694; x_wconf 79' lang='lat' dir='ltr'>adhuc</span> <span class='ocrx_word' id='word_1_205' title='bbox 484 3646 550 3696; x_wconf 83' lang='lat' dir='ltr'>de</span> <span class='ocrx_word' id='word_1_206' title='bbox 610 3654 632 3694; x_wconf 95' lang='lat' dir='ltr'>t</span> <span class='ocrx_word' id='word_1_207' title='bbox 687 3646 1061 3704; x_wconf 85' lang='lat' dir='ltr'>solummodo,</span> <span class='ocrx_word' id='word_1_208' title='bbox 1117 3656 1323 3710; x_wconf 82' lang='lat' dir='ltr'>0p01tet</span> 
     </span>
    </p>

    <p class='ocr_par' dir='ltr' id='par_1_10' title="bbox 512 3718 1325 3982">
     <span class='ocr_line' id='line_1_43' title="bbox 512 3718 1323 3782; baseline 0 -16"><span class='ocrx_word' id='word_1_209' title='bbox 512 3727 526 3740; x_wconf 69' lang='lat'><em>*</em></span> <span class='ocrx_word' id='word_1_210' title='bbox 667 3718 873 3782; x_wconf 81' lang='lat' dir='ltr'>djungi,</span> <span class='ocrx_word' id='word_1_211' title='bbox 899 3718 1081 3782; x_wconf 81' lang='lat' dir='ltr'>sieque</span> <span class='ocrx_word' id='word_1_212' title='bbox 1109 3734 1139 3766; x_wconf 85' lang='lat' dir='ltr'>a</span> <span class='ocrx_word' id='word_1_213' title='bbox 1167 3720 1323 3766; x_wconf 72' lang='lat' dir='ltr'>nolis</span> 
     </span>
     <span class='ocr_line' id='line_1_44' title="bbox 695 3790 1321 3854; baseline 0 -16"><span class='ocrx_word' id='word_1_214' title='bbox 695 3790 1023 3854; x_wconf 82' lang='lat' dir='ltr'>implebitur.</span> <span class='ocrx_word' id='word_1_215' title='bbox 1051 3792 1321 3840; x_wconf 79' lang='lat' dir='ltr'>Justitiarn</span> 
     </span>
     <span class='ocr_line' id='line_1_45' title="bbox 689 3863 1321 3948; baseline 0 -38"><span class='ocrx_word' id='word_1_216' title='bbox 689 3863 733 3892; x_wconf 80' lang='lat'><em>¹</em></span> <span class='ocrx_word' id='word_1_217' title='bbox 715 3872 986 3948; x_wconf 64' lang='lat' dir='ltr'>ementum</span> <span class='ocrx_word' id='word_1_218' title='bbox 1009 3872 1321 3912; x_wconf 80' lang='lat' dir='ltr'>cunctorum</span> 
     </span>
     <span class='ocr_line' id='line_1_46' title="bbox 705 3932 1325 3982; baseline 0 0"><span class='ocrx_word' id='word_1_219' title='bbox 705 3946 707 3948; x_wconf 75' lang='grc'>’</span> <span class='ocrx_word' id='word_1_220' title='bbox 1017 3958 1023 3964; x_wconf 28' lang='grc' dir='ltr'>-ν</span> <span class='ocrx_word' id='word_1_221' title='bbox 1073 3932 1325 3982; x_wconf 80' lang='lat' dir='ltr'>stendens</span> 
     </span>
    </p>
   </div>
   <div class='ocr_carea' id='block_1_10' title="bbox 0 3646 1338 4007">
    <p class='ocr_par' dir='ltr' id='par_1_11' title="bbox 0 3646 1338 4007">
     <span class='ocr_line' id='line_1_47' title="bbox 248 3646 676 3839; baseline 0 -97"><span class='ocrx_word' id='word_1_222' title='bbox 248 3646 676 3839; x_wconf 95' lang='lat' dir='ltr'>   </span> 
     </span>
     <span class='ocr_line' id='line_1_48' title="bbox 0 3839 1338 4007; baseline 0 0"><span class='ocrx_word' id='word_1_223' title='bbox 0 3839 1073 4007; x_wconf 95' lang='lat' dir='ltr'>   </span> <span class='ocrx_word' id='word_1_224' title='bbox 1325 3936 1338 4007; x_wconf 95' lang='lat' dir='ltr'> </span> 
     </span>
    </p>
   </div>
   <div class='ocr_carea' id='block_1_11' title="bbox 312 1569 1975 1702">
    <p class='ocr_par' dir='ltr' id='par_1_12' title="bbox 312 1569 1975 1702">
     <span class='ocr_line' id='line_1_49' title="bbox 1360 1569 1975 1637; baseline 0 -16"><span class='ocrx_word' id='word_1_225' title='bbox 1360 1575 1364 1581; x_wconf 84' lang='grc'>’</span> <span class='ocrx_word' id='word_1_226' title='bbox 1423 1584 1628 1621; x_wconf 75' lang='lat' dir='ltr'>omnem</span> <span class='ocrx_word' id='word_1_227' title='bbox 1672 1569 1975 1637; x_wconf 73' lang='lat' dir='ltr'>justitiam,</span> 
     </span>
     <span class='ocr_line' id='line_1_50' title="bbox 312 1641 1363 1702; baseline 0 -10"><span class='ocrx_word' id='word_1_228' title='bbox 312 1641 348 1692; x_wconf 84' lang='lat'>6</span> <span class='ocrx_word' id='word_1_229' title='bbox 403 1642 546 1702; x_wconf 83' lang='lat' dir='ltr'>Qum</span> <span class='ocrx_word' id='word_1_230' title='bbox 609 1658 692 1693; x_wconf 84' lang='lat' dir='ltr'>srr</span> <span class='ocrx_word' id='word_1_231' title='bbox 757 1657 997 1694; x_wconf 63' lang='lat' dir='ltr'>susurra</span> <span class='ocrx_word' id='word_1_232' title='bbox 1048 1657 1102 1693; x_wconf 76' lang='lat' dir='ltr'>m</span> <span class='ocrx_word' id='word_1_233' title='bbox 1156 1656 1318 1693; x_wconf 70' lang='lat' dir='ltr'>sensu</span> <span class='ocrx_word' id='word_1_234' title='bbox 1362 1658 1363 1661; x_wconf 46' lang='lat'>¹</span> 
     </span>
    </p>
   </div>
   <div class='ocr_carea' id='block_1_12' title="bbox 246 1784 1364 2138">
    <p class='ocr_par' dir='ltr' id='par_1_13' title="bbox 246 1784 1364 2138">
     <span class='ocr_line' id='line_1_51' title="bbox 849 1784 1363 1837; baseline 0.002 -1"><span class='ocrx_word' id='word_1_235' title='bbox 849 1785 1005 1837; x_wconf 81' lang='lat' dir='ltr'>fidele</span> <span class='ocrx_word' id='word_1_236' title='bbox 1047 1784 1320 1837; x_wconf 84' lang='lat' dir='ltr'>servitutis</span> <span class='ocrx_word' id='word_1_237' title='bbox 1360 1798 1363 1803; x_wconf 61' lang='lat'><strong>⁴</strong></span> 
     </span>
     <span class='ocr_line' id='line_1_52' title="bbox 252 1856 1364 1923; baseline 0.001 -15"><span class='ocrx_word' id='word_1_238' title='bbox 252 1856 600 1922; x_wconf 81' lang='lat' dir='ltr'>obsequium,</span> <span class='ocrx_word' id='word_1_239' title='bbox 633 1857 727 1907; x_wconf 89' lang='lat' dir='ltr'>sed</span> <span class='ocrx_word' id='word_1_240' title='bbox 767 1856 1184 1923; x_wconf 85' lang='lat' dir='ltr'>dispensationis</span> <span class='ocrx_word' id='word_1_241' title='bbox 1207 1872 1319 1909; x_wconf 80' lang='lat' dir='ltr'>suoe</span> <span class='ocrx_word' id='word_1_242' title='bbox 1360 1896 1364 1900; x_wconf 80' lang='lat'>.</span> 
     </span>
     <span class='ocr_line' id='line_1_53' title="bbox 1070 1928 1363 1985; baseline 0.02 -7"><span class='ocrx_word' id='word_1_243' title='bbox 1070 1928 1270 1980; x_wconf 85' lang='lat' dir='ltr'>dicens</span> <span class='ocrx_word' id='word_1_244' title='bbox 1297 1944 1319 1981; x_wconf 76' lang='lat' dir='ltr'>‚z</span> <span class='ocrx_word' id='word_1_245' title='bbox 1360 1966 1363 1985; x_wconf 78' lang='grc'>;</span> 
     </span>
     <span class='ocr_line' id='line_1_54' title="bbox 246 1998 1363 2064; baseline -0.002 -12"><span class='ocrx_word' id='word_1_246' title='bbox 246 1999 398 2060; x_wconf 84' lang='lat' dir='ltr'>Sine,</span> <span class='ocrx_word' id='word_1_247' title='bbox 441 1998 496 2049; x_wconf 90' lang='lat' dir='ltr'>id</span> <span class='ocrx_word' id='word_1_248' title='bbox 541 2008 639 2058; x_wconf 90' lang='lat' dir='ltr'>est,</span> <span class='ocrx_word' id='word_1_249' title='bbox 667 1999 933 2064; x_wconf 84' lang='lat' dir='ltr'>permitte,</span> <span class='ocrx_word' id='word_1_250' title='bbox 963 2000 1143 2062; x_wconf 73' lang='lat' dir='ltr'>modo,</span> <span class='ocrx_word' id='word_1_251' title='bbox 1171 1999 1321 2051; x_wconf 86' lang='lat' dir='ltr'>scili·</span> <span class='ocrx_word' id='word_1_252' title='bbox 1360 2011 1363 2018; x_wconf 85' lang='grc'>·</span> 
     </span>
     <span class='ocr_line' id='line_1_55' title="bbox 248 2070 1361 2138; baseline 0.001 -16"><span class='ocrx_word' id='word_1_253' title='bbox 248 2080 332 2122; x_wconf 79' lang='lat' dir='ltr'>cet</span> <span class='ocrx_word' id='word_1_254' title='bbox 356 2085 444 2120; x_wconf 89' lang='lat' dir='ltr'>me</span> <span class='ocrx_word' id='word_1_255' title='bbox 473 2086 504 2121; x_wconf 89' lang='lat' dir='ltr'>a</span> <span class='ocrx_word' id='word_1_256' title='bbox 531 2081 582 2122; x_wconf 93' lang='lat' dir='ltr'>te</span> <span class='ocrx_word' id='word_1_257' title='bbox 611 2071 865 2137; x_wconf 87' lang='lat' dir='ltr'>baptizari</span> <span class='ocrx_word' id='word_1_258' title='bbox 895 2070 954 2122; x_wconf 89' lang='lat' dir='ltr'>in</span> <span class='ocrx_word' id='word_1_259' title='bbox 993 2087 1148 2138; x_wconf 80' lang='lat' dir='ltr'>aqua,</span> <span class='ocrx_word' id='word_1_260' title='bbox 1172 2080 1234 2122; x_wconf 88' lang='lat' dir='ltr'>ut</span> <span class='ocrx_word' id='word_1_261' title='bbox 1261 2082 1321 2124; x_wconf 89' lang='lat' dir='ltr'>tu</span> <span class='ocrx_word' id='word_1_262' title='bbox 1359 2086 1361 2089; x_wconf 79' lang='grc'><strong>’</strong></span> 
     </span>
    </p>
   </div>
   <div class='ocr_carea' id='block_1_13' title="bbox 1353 494 1390 4052">
    <p class='ocr_par' dir='ltr' id='par_1_14' title="bbox 1353 494 1390 4052">
     <span class='ocr_line' id='line_1_56' title="bbox 1353 494 1390 4052; baseline 0 0"><span class='ocrx_word' id='word_1_263' title='bbox 1353 494 1390 4052; x_wconf 95' lang='lat' dir='ltr'> </span> 
     </span>
    </p>
   </div>
   <div class='ocr_carea' id='block_1_14' title="bbox 895 376 1857 431">
    <p class='ocr_par' dir='ltr' id='par_1_15' title="bbox 895 376 1857 431">
     <span class='ocr_line' id='line_1_57' title="bbox 895 376 1857 431; baseline 0.001 -2"><span class='ocrx_word' id='word_1_264' title='bbox 895 377 1136 430; x_wconf 81' lang='lat' dir='ltr'>PRIMAE</span> <span class='ocrx_word' id='word_1_265' title='bbox 1171 376 1422 431; x_wconf 79' lang='lat' dir='ltr'>PAR‘ns</span> <span class='ocrx_word' id='word_1_266' title='bbox 1454 377 1690 431; x_wconf 82' lang='lat' dir='ltr'><strong>CAPUT</strong></span> <span class='ocrx_word' id='word_1_267' title='bbox 1719 379 1857 430; x_wconf 88' lang='lat' dir='ltr'>XXI.</span> 
     </span>
    </p>
   </div>
   <div class='ocr_carea' id='block_1_15' title="bbox 1412 493 2513 4070">
    <p class='ocr_par' dir='ltr' id='par_1_16' title="bbox 1412 493 2510 3927">
     <span class='ocr_line' id='line_1_58' title="bbox 1429 493 2502 562; baseline 0.004 -16"><span class='ocrx_word' id='word_1_268' title='bbox 1429 493 1697 546; x_wconf 82' lang='lat' dir='ltr'>Dominus</span> <span class='ocrx_word' id='word_1_269' title='bbox 1735 509 1799 547; x_wconf 82' lang='lat' dir='ltr'>ac</span> <span class='ocrx_word' id='word_1_270' title='bbox 1830 496 2080 562; x_wconf 86' lang='lat' dir='ltr'>Magister</span> <span class='ocrx_word' id='word_1_271' title='bbox 2129 512 2290 548; x_wconf 88' lang='lat' dir='ltr'>omne</span> <span class='ocrx_word' id='word_1_272' title='bbox 2341 498 2399 548; x_wconf 89' lang='lat' dir='ltr'>in</span> <span class='ocrx_word' id='word_1_273' title='bbox 2438 514 2502 550; x_wconf 83' lang='lat' dir='ltr'>se.</span> 
     </span>
     <span class='ocr_line' id='line_1_59' title="bbox 1430 565 2497 619; baseline 0.001 -1"><span class='ocrx_word' id='word_1_274' title='bbox 1430 565 1621 618; x_wconf 77' lang='lat' dir='ltr'>sel-ntis</span> <span class='ocrx_word' id='word_1_275' title='bbox 1674 575 1872 617; x_wconf 83' lang='lat' dir='ltr'>nostrae</span> <span class='ocrx_word' id='word_1_276' title='bbox 1944 577 2333 619; x_wconf 80' lang='lat' dir='ltr'>sacramentum</span> <span class='ocrx_word' id='word_1_277' title='bbox 2389 569 2497 619; x_wconf 88' lang='lat' dir='ltr'>im-</span> 
     </span>
     <span class='ocr_line' id='line_1_60' title="bbox 1429 638 2500 706; baseline 0.004 -18"><span class='ocrx_word' id='word_1_278' title='bbox 1429 638 1614 703; x_wconf 84' lang='lat' dir='ltr'>pleret.</span> <span class='ocrx_word' id='word_1_279' title='bbox 1672 639 1985 691; x_wconf 81' lang='lat' dir='ltr'>Mandatum</span> <span class='ocrx_word' id='word_1_280' title='bbox 2061 639 2331 706; x_wconf 74' lang='lat' dir='ltr'>siquidem</span> <span class='ocrx_word' id='word_1_281' title='bbox 2387 652 2500 693; x_wconf 83' lang='lat' dir='ltr'>erat</span> 
     </span>
     <span class='ocr_line' id='line_1_61' title="bbox 1429 708 2503 776; baseline 0.002 -16"><span class='ocrx_word' id='word_1_282' title='bbox 1429 708 1775 771; x_wconf 71' lang='lat' dir='ltr'>hominibuS,</span> <span class='ocrx_word' id='word_1_283' title='bbox 1800 710 2125 776; x_wconf 80' lang='lat' dir='ltr'>baptismum</span> <span class='ocrx_word' id='word_1_284' title='bbox 2153 711 2335 762; x_wconf 72' lang='lat' dir='ltr'>subire</span> <span class='ocrx_word' id='word_1_285' title='bbox 2366 713 2503 762; x_wconf 85' lang='lat' dir='ltr'>Pro-—</span> 
     </span>
     <span class='ocr_line' id='line_1_62' title="bbox 1428 783 2495 852; baseline 0.001 -18"><span class='ocrx_word' id='word_1_286' title='bbox 1428 783 1621 850; x_wconf 71' lang='lat' dir='ltr'>phetae.</span> <span class='ocrx_word' id='word_1_287' title='bbox 1671 784 1773 834; x_wconf 84' lang='lat' dir='ltr'>Vel</span> <span class='ocrx_word' id='word_1_288' title='bbox 1824 798 2031 841; x_wconf 72' lang='lat' dir='ltr'>omnem</span> <span class='ocrx_word' id='word_1_289' title='bbox 2054 784 2365 852; x_wconf 72' lang='lat' dir='ltr'>justitiam,</span> <span class='ocrx_word' id='word_1_290' title='bbox 2411 784 2495 835; x_wconf 66' lang='lat' dir='ltr'>fa,-</span> 
     </span>
     <span class='ocr_line' id='line_1_63' title="bbox 1428 854 2498 924; baseline 0.002 -17"><span class='ocrx_word' id='word_1_291' title='bbox 1428 854 1624 908; x_wconf 78' lang='lat' dir='ltr'>ciendo</span> <span class='ocrx_word' id='word_1_292' title='bbox 1670 856 1966 924; x_wconf 84' lang='lat' dir='ltr'>unicuique</span> <span class='ocrx_word' id='word_1_293' title='bbox 2003 859 2148 924; x_wconf 86' lang='lat' dir='ltr'>quod</span> <span class='ocrx_word' id='word_1_294' title='bbox 2190 874 2351 909; x_wconf 86' lang='lat' dir='ltr'>suum</span> <span class='ocrx_word' id='word_1_295' title='bbox 2398 868 2498 909; x_wconf 84' lang='lat' dir='ltr'>est.</span> 
     </span>
     <span class='ocr_line' id='line_1_64' title="bbox 1433 925 2497 994; baseline 0.001 -16"><span class='ocrx_word' id='word_1_296' title='bbox 1433 925 1541 985; x_wconf 88' lang='lat' dir='ltr'>Qui</span> <span class='ocrx_word' id='word_1_297' title='bbox 1568 926 1718 978; x_wconf 83' lang='lat' dir='ltr'>enim</span> <span class='ocrx_word' id='word_1_298' title='bbox 1760 926 1965 980; x_wconf 85' lang='lat' dir='ltr'>Christi</span> <span class='ocrx_word' id='word_1_299' title='bbox 2012 929 2351 994; x_wconf 84' lang='lat' dir='ltr'>Baptismum</span> <span class='ocrx_word' id='word_1_300' title='bbox 2373 944 2497 979; x_wconf 79' lang='lat' dir='ltr'>sus-</span> 
     </span>
     <span class='ocr_line' id='line_1_65' title="bbox 1428 998 2498 1067; baseline 0.005 -17"><span class='ocrx_word' id='word_1_301' title='bbox 1428 998 1579 1065; x_wconf 80' lang='lat' dir='ltr'>cipit,</span> <span class='ocrx_word' id='word_1_302' title='bbox 1604 999 1893 1050; x_wconf 78' lang='lat' dir='ltr'>miseretur</span> <span class='ocrx_word' id='word_1_303' title='bbox 1922 1000 2119 1053; x_wconf 81' lang='lat' dir='ltr'>animae</span> <span class='ocrx_word' id='word_1_304' title='bbox 2150 1017 2260 1052; x_wconf 84' lang='lat' dir='ltr'>suae</span> <span class='ocrx_word' id='word_1_305' title='bbox 2283 1001 2498 1067; x_wconf 77' lang='lat' dir='ltr'>placens</span> 
     </span>
     <span class='ocr_line' id='line_1_66' title="bbox 1429 1074 2498 1142; baseline 0.002 -19"><span class='ocrx_word' id='word_1_306' title='bbox 1429 1074 1559 1138; x_wconf 89' lang='lat' dir='ltr'>Deo,</span> <span class='ocrx_word' id='word_1_307' title='bbox 1588 1074 1779 1125; x_wconf 76' lang='lat' dir='ltr'>salutis</span> <span class='ocrx_word' id='word_1_308' title='bbox 1803 1075 2069 1126; x_wconf 83' lang='lat' dir='ltr'>medelam</span> <span class='ocrx_word' id='word_1_309' title='bbox 2100 1076 2421 1142; x_wconf 83' lang='lat' dir='ltr'>suscipiens,</span> <span class='ocrx_word' id='word_1_310' title='bbox 2446 1085 2498 1126; x_wconf 90' lang='lat' dir='ltr'>et</span> 
     </span>
     <span class='ocr_line' id='line_1_67' title="bbox 1428 1143 2495 1206; baseline 0.004 -12"><span class='ocrx_word' id='word_1_311' title='bbox 1428 1143 1711 1196; x_wconf 74' lang='lat' dir='ltr'>humiliter</span> <span class='ocrx_word' id='word_1_312' title='bbox 1760 1146 2010 1197; x_wconf 75' lang='lat' dir='ltr'>subditur</span> <span class='ocrx_word' id='word_1_313' title='bbox 2068 1146 2303 1198; x_wconf 85' lang='lat' dir='ltr'>Creatori</span> <span class='ocrx_word' id='word_1_314' title='bbox 2362 1162 2463 1197; x_wconf 87' lang='lat' dir='ltr'>suo</span> <span class='ocrx_word' id='word_1_315' title='bbox 2482 1185 2495 1206; x_wconf 87' lang='lat'>,</span> 
     </span>
     <span class='ocr_line' id='line_1_68' title="bbox 1426 1214 2498 1282; baseline 0.002 -17"><span class='ocrx_word' id='word_1_316' title='bbox 1426 1214 1543 1280; x_wconf 79' lang='lat' dir='ltr'>ejus</span> <span class='ocrx_word' id='word_1_317' title='bbox 1593 1215 1919 1267; x_wconf 83' lang='lat' dir='ltr'>institutioni</span> <span class='ocrx_word' id='word_1_318' title='bbox 1974 1216 2231 1267; x_wconf 86' lang='lat' dir='ltr'>obediens</span> <span class='ocrx_word' id='word_1_319' title='bbox 2248 1256 2262 1278; x_wconf 94' lang='lat'>,</span> <span class='ocrx_word' id='word_1_320' title='bbox 2310 1217 2498 1282; x_wconf 84' lang='lat' dir='ltr'>proxi·-</span> 
     </span>
     <span class='ocr_line' id='line_1_69' title="bbox 1425 1287 2500 1353; baseline 0.001 -17"><span class='ocrx_word' id='word_1_321' title='bbox 1425 1301 1691 1353; x_wconf 84' lang='lat' dir='ltr'>mumque</span> <span class='ocrx_word' id='word_1_322' title='bbox 1724 1287 1973 1353; x_wconf 71' lang='lat' dir='ltr'>exmplo</span> <span class='ocrx_word' id='word_1_323' title='bbox 2000 1287 2241 1350; x_wconf 72' lang='lat' dir='ltr'>aedificat,</span> <span class='ocrx_word' id='word_1_324' title='bbox 2266 1303 2392 1338; x_wconf 89' lang='lat' dir='ltr'>eum</span> <span class='ocrx_word' id='word_1_325' title='bbox 2432 1288 2500 1337; x_wconf 88' lang='lat' dir='ltr'>ad</span> 
     </span>
     <span class='ocr_line' id='line_1_70' title="bbox 1427 1356 2499 1424; baseline -0.001 -16"><span class='ocrx_word' id='word_1_326' title='bbox 1427 1356 1637 1408; x_wconf 86' lang='lat' dir='ltr'>bonum</span> <span class='ocrx_word' id='word_1_327' title='bbox 1682 1357 1963 1409; x_wconf 82' lang='lat' dir='ltr'>induoens.</span> <span class='ocrx_word' id='word_1_328' title='bbox 1999 1359 2087 1409; x_wconf 84' lang='lat' dir='ltr'>Sic</span> <span class='ocrx_word' id='word_1_329' title='bbox 2132 1374 2259 1424; x_wconf 86' lang='lat' dir='ltr'>ergo</span> <span class='ocrx_word' id='word_1_330' title='bbox 2294 1372 2499 1409; x_wconf 83' lang='lat' dir='ltr'>omnem</span> 
     </span>
     <span class='ocr_line' id='line_1_71' title="bbox 1412 1427 2510 1496; baseline -0.002 -17"><span class='ocrx_word' id='word_1_331' title='bbox 1412 1428 1691 1495; x_wconf 69' lang='lat' dir='ltr'>justitiam</span> <span class='ocrx_word' id='word_1_332' title='bbox 1718 1429 1937 1496; x_wconf 75' lang='lat' dir='ltr'>implet,</span> <span class='ocrx_word' id='word_1_333' title='bbox 1965 1429 2096 1496; x_wconf 86' lang='lat' dir='ltr'>quia</span> <span class='ocrx_word' id='word_1_334' title='bbox 2119 1430 2263 1488; x_wconf 88' lang='lat' dir='ltr'>Deo,</span> <span class='ocrx_word' id='word_1_335' title='bbox 2293 1439 2348 1479; x_wconf 91' lang='lat' dir='ltr'>et</span> <span class='ocrx_word' id='word_1_336' title='bbox 2374 1427 2510 1485; x_wconf 68' lang='lat' dir='ltr'>sibi,</span> 
     </span>
     <span class='ocr_line' id='line_1_72' title="bbox 1425 1498 2500 1567; baseline -0.004 -16"><span class='ocrx_word' id='word_1_337' title='bbox 1425 1508 1480 1551; x_wconf 82' lang='lat' dir='ltr'>et</span> <span class='ocrx_word' id='word_1_338' title='bbox 1525 1498 1775 1565; x_wconf 78' lang='lat' dir='ltr'>proximo</span> <span class='ocrx_word' id='word_1_339' title='bbox 1824 1499 1951 1550; x_wconf 71' lang='lat' dir='ltr'>flacit</span> <span class='ocrx_word' id='word_1_340' title='bbox 1996 1501 2143 1567; x_wconf 79' lang='lat' dir='ltr'>quod</span> <span class='ocrx_word' id='word_1_341' title='bbox 2189 1501 2363 1550; x_wconf 83' lang='lat' dir='ltr'>debet.</span> <span class='ocrx_word' id='word_1_342' title='bbox 2402 1498 2500 1549; x_wconf 91' lang='lat' dir='ltr'>Vel</span> 
     </span>
     <span class='ocr_line' id='line_1_73' title="bbox 2043 1569 2500 1635; baseline -0.009 -12"><span class='ocrx_word' id='word_1_343' title='bbox 2043 1570 2287 1623; x_wconf 75' lang='lat' dir='ltr'>faciendo</span> <span class='ocrx_word' id='word_1_344' title='bbox 2348 1569 2500 1635; x_wconf 85' lang='lat' dir='ltr'>prius</span> 
     </span>
     <span class='ocr_line' id='line_1_74' title="bbox 1425 1641 2501 1708; baseline 0 -16"><span class='ocrx_word' id='word_1_345' title='bbox 1425 1643 1574 1708; x_wconf 87' lang='lat' dir='ltr'>quod</span> <span class='ocrx_word' id='word_1_346' title='bbox 1592 1652 1777 1708; x_wconf 88' lang='lat' dir='ltr'>postea</span> <span class='ocrx_word' id='word_1_347' title='bbox 1792 1641 1909 1694; x_wconf 87' lang='lat' dir='ltr'>fieri</span> <span class='ocrx_word' id='word_1_348' title='bbox 1928 1643 2087 1693; x_wconf 83' lang='lat' dir='ltr'>dehet</span> <span class='ocrx_word' id='word_1_349' title='bbox 2095 1643 2165 1693; x_wconf 91' lang='lat' dir='ltr'>ab</span> <span class='ocrx_word' id='word_1_350' title='bbox 2184 1642 2326 1702; x_wconf 75' lang='lat' dir='ltr'>aliis,</span> <span class='ocrx_word' id='word_1_351' title='bbox 2342 1642 2501 1708; x_wconf 88' lang='lat' dir='ltr'>quasi</span> 
     </span>
     <span class='ocr_line' id='line_1_75' title="bbox 1424 1713 2500 1765; baseline 0.001 -3"><span class='ocrx_word' id='word_1_352' title='bbox 1424 1713 1623 1764; x_wconf 85' lang='lat' dir='ltr'>diceret</span> <span class='ocrx_word' id='word_1_353' title='bbox 1652 1730 1667 1764; x_wconf 71' lang='grc' dir='ltr'><strong><em>ε</em></strong></span> <span class='ocrx_word' id='word_1_354' title='bbox 1698 1714 1825 1764; x_wconf 89' lang='lat' dir='ltr'>Ideo.</span> <span class='ocrx_word' id='word_1_355' title='bbox 1869 1730 1957 1764; x_wconf 89' lang='lat' dir='ltr'>me</span> <span class='ocrx_word' id='word_1_356' title='bbox 2004 1730 2154 1765; x_wconf 65' lang='lat' dir='ltr'>nunc⁴</span> <span class='ocrx_word' id='word_1_357' title='bbox 2192 1713 2366 1765; x_wconf 88' lang='lat' dir='ltr'>subdo</span> <span class='ocrx_word' id='word_1_358' title='bbox 2396 1713 2500 1763; x_wconf 91' lang='lat' dir='ltr'>tibi</span> 
     </span>
     <span class='ocr_line' id='line_1_76' title="bbox 1427 1783 2491 1850; baseline 0.001 -16"><span class='ocrx_word' id='word_1_359' title='bbox 1427 1783 1647 1843; x_wconf 88' lang='lat' dir='ltr'>minori,</span> <span class='ocrx_word' id='word_1_360' title='bbox 1692 1799 1762 1836; x_wconf 86' lang='lat' dir='ltr'>ne</span> <span class='ocrx_word' id='word_1_361' title='bbox 1805 1784 2165 1850; x_wconf 85' lang='lat' dir='ltr'>dedignentur</span> <span class='ocrx_word' id='word_1_362' title='bbox 2203 1785 2435 1850; x_wconf 83' lang='lat' dir='ltr'>majores</span> <span class='ocrx_word' id='word_1_363' title='bbox 2459 1799 2491 1835; x_wconf 84' lang='lat' dir='ltr'>a</span> 
     </span>
     <span class='ocr_line' id='line_1_77' title="bbox 1428 1854 2499 1922; baseline -0.002 -15"><span class='ocrx_word' id='word_1_364' title='bbox 1428 1854 1733 1909; x_wconf 74' lang='lat' dir='ltr'>minoribus</span> <span class='ocrx_word' id='word_1_365' title='bbox 1776 1854 2032 1921; x_wconf 86' lang='lat' dir='ltr'>baptizari</span> <span class='ocrx_word' id='word_1_366' title='bbox 2056 1856 2141 1907; x_wconf 88' lang='lat' dir='ltr'>vel</span> <span class='ocrx_word' id='word_1_367' title='bbox 2182 1855 2314 1922; x_wconf 76' lang='lat' dir='ltr'>regi.</span> <span class='ocrx_word' id='word_1_368' title='bbox 2343 1855 2499 1906; x_wconf 90' lang='lat' dir='ltr'>Unde</span> 
     </span>
     <span class='ocr_line' id='line_1_78' title="bbox 1424 1925 2499 1992; baseline -0.002 -14"><span class='ocrx_word' id='word_1_369' title='bbox 1424 1925 1745 1979; x_wconf 70' lang='lat' dir='ltr'>Ambrosius</span> <span class='ocrx_word' id='word_1_370' title='bbox 1767 1941 1793 1977; x_wconf 80' lang='grc'>,.·</span> <span class='ocrx_word' id='word_1_371' title='bbox 1822 1944 1851 1974; x_wconf 78' lang='grc' dir='ltr'>α</span> <span class='ocrx_word' id='word_1_372' title='bbox 1874 1926 2009 1985; x_wconf 80' lang='lat' dir='ltr'>Quae</span> <span class='ocrx_word' id='word_1_373' title='bbox 2036 1936 2117 1979; x_wconf 85' lang='lat' dir='ltr'>est</span> <span class='ocrx_word' id='word_1_374' title='bbox 2139 1926 2361 1992; x_wconf 83' lang='lat' dir='ltr'>justitia,</span> <span class='ocrx_word' id='word_1_375' title='bbox 2390 1926 2499 1978; x_wconf 89' lang='lat' dir='ltr'>nisi</span> 
     </span>
     <span class='ocr_line' id='line_1_79' title="bbox 1426 1997 2506 2065; baseline -0.001 -16"><span class='ocrx_word' id='word_1_376' title='bbox 1426 1998 1575 2065; x_wconf 85' lang='lat' dir='ltr'>quod</span> <span class='ocrx_word' id='word_1_377' title='bbox 1622 1998 1853 2050; x_wconf 85' lang='lat' dir='ltr'>alterum</span> <span class='ocrx_word' id='word_1_378' title='bbox 1902 1997 2071 2051; x_wconf 81' lang='lat' dir='ltr'>facere</span> <span class='ocrx_word' id='word_1_379' title='bbox 2126 1999 2262 2051; x_wconf 64' lang='lat' dir='ltr'>velis</span> <span class='ocrx_word' id='word_1_380' title='bbox 2280 2036 2295 2058; x_wconf 87' lang='lat'>‚</span> <span class='ocrx_word' id='word_1_381' title='bbox 2353 1999 2506 2064; x_wconf 89' lang='lat' dir='ltr'>prior</span> 
     </span>
     <span class='ocr_line' id='line_1_80' title="bbox 1428 2068 2508 2136; baseline -0.001 -16"><span class='ocrx_word' id='word_1_382' title='bbox 1428 2069 1543 2135; x_wconf 85' lang='lat' dir='ltr'>ipse</span> <span class='ocrx_word' id='word_1_383' title='bbox 1584 2068 1832 2136; x_wconf 79' lang='lat' dir='ltr'>incipias,</span> <span class='ocrx_word' id='word_1_384' title='bbox 1872 2078 1926 2120; x_wconf 85' lang='lat' dir='ltr'>et</span> <span class='ocrx_word' id='word_1_385' title='bbox 1962 2079 2056 2120; x_wconf 79' lang='lat' dir='ltr'>tuo</span> <span class='ocrx_word' id='word_1_386' title='bbox 2096 2069 2508 2122; x_wconf 79' lang='lat' dir='ltr'>alios-horteris-</span> 
     </span>
     <span class='ocr_line' id='line_1_81' title="bbox 1428 2141 2496 2210; baseline 0 -18"><span class='ocrx_word' id='word_1_387' title='bbox 1428 2143 1674 2208; x_wconf 79' lang='lat' dir='ltr'>exemplo</span> <span class='ocrx_word' id='word_1_388' title='bbox 1707 2141 1727 2192; x_wconf 72' lang='grc' dir='ltr'><strong><em>ἓ</em></strong></span> <span class='ocrx_word' id='word_1_389' title='bbox 1766 2161 1795 2189; x_wconf 80' lang='lat'><strong>»</strong></span> <span class='ocrx_word' id='word_1_390' title='bbox 1845 2141 2002 2193; x_wconf 87' lang='lat' dir='ltr'>Unde</span> <span class='ocrx_word' id='word_1_391' title='bbox 2052 2152 2107 2193; x_wconf 86' lang='lat' dir='ltr'>et</span> <span class='ocrx_word' id='word_1_392' title='bbox 2158 2141 2496 2210; x_wconf 66' lang='lat' dir='ltr'>Chry-eosto-</span> 
     </span>
     <span class='ocr_line' id='line_1_82' title="bbox 1428 2213 2499 2281; baseline -0.003 -14"><span class='ocrx_word' id='word_1_393' title='bbox 1428 2226 1548 2267; x_wconf 80' lang='lat' dir='ltr'>mus</span> <span class='ocrx_word' id='word_1_394' title='bbox 1570 2233 1588 2267; x_wconf 72' lang='lat' dir='ltr'><em>x</em></span> <span class='ocrx_word' id='word_1_395' title='bbox 1621 2235 1645 2263; x_wconf 78' lang='grc' dir='ltr'>ιι</span> <span class='ocrx_word' id='word_1_396' title='bbox 1673 2214 1796 2265; x_wconf 90' lang='lat' dir='ltr'>Non</span> <span class='ocrx_word' id='word_1_397' title='bbox 1840 2229 1969 2281; x_wconf 88' lang='lat' dir='ltr'>ergo</span> <span class='ocrx_word' id='word_1_398' title='bbox 2008 2213 2094 2266; x_wconf 89' lang='lat' dir='ltr'>sui</span> <span class='ocrx_word' id='word_1_399' title='bbox 2133 2230 2293 2266; x_wconf 87' lang='lat' dir='ltr'>causa</span> <span class='ocrx_word' id='word_1_400' title='bbox 2322 2213 2499 2280; x_wconf 87' lang='lat' dir='ltr'>bapti-</span> 
     </span>
     <span class='ocr_line' id='line_1_83' title="bbox 1426 2287 2500 2349; baseline -0.001 -10"><span class='ocrx_word' id='word_1_401' title='bbox 1426 2288 1535 2339; x_wconf 81' lang='lat' dir='ltr'>zari</span> <span class='ocrx_word' id='word_1_402' title='bbox 1560 2288 1831 2339; x_wconf 82' lang='lat' dir='ltr'>Dominus</span> <span class='ocrx_word' id='word_1_403' title='bbox 1854 2287 2045 2349; x_wconf 72' lang='lat' dir='ltr'>voluit,</span> <span class='ocrx_word' id='word_1_404' title='bbox 2088 2289 2184 2340; x_wconf 87' lang='lat' dir='ltr'>sed</span> <span class='ocrx_word' id='word_1_405' title='bbox 2211 2303 2371 2341; x_wconf 69' lang='lat' dir='ltr'>causa</span> <span class='ocrx_word' id='word_1_406' title='bbox 2394 2304 2500 2338; x_wconf 80' lang='lat' dir='ltr'>no·-</span> 
     </span>
     <span class='ocr_line' id='line_1_84' title="bbox 1429 2357 2507 2424; baseline 0.004 -15"><span class='ocrx_word' id='word_1_407' title='bbox 1429 2358 1547 2419; x_wconf 86' lang='lat' dir='ltr'>stri,</span> <span class='ocrx_word' id='word_1_408' title='bbox 1576 2368 1639 2409; x_wconf 88' lang='lat' dir='ltr'>ut</span> <span class='ocrx_word' id='word_1_409' title='bbox 1689 2357 1936 2424; x_wconf 84' lang='lat' dir='ltr'>impleret</span> <span class='ocrx_word' id='word_1_410' title='bbox 1963 2374 2182 2410; x_wconf 87' lang='lat' dir='ltr'>omnem</span> <span class='ocrx_word' id='word_1_411' title='bbox 2219 2357 2507 2424; x_wconf 28' lang='lat' dir='ltr'>justitiam-v</span> 
     </span>
     <span class='ocr_line' id='line_1_85' title="bbox 1427 2428 2497 2496; baseline -0.003 -14"><span class='ocrx_word' id='word_1_412' title='bbox 1427 2432 1643 2483; x_wconf 83' lang='lat' dir='ltr'>Justum</span> <span class='ocrx_word' id='word_1_413' title='bbox 1668 2439 1751 2479; x_wconf 85' lang='lat' dir='ltr'>est</span> <span class='ocrx_word' id='word_1_414' title='bbox 1772 2429 1917 2480; x_wconf 77' lang='lat' dir='ltr'>enim</span> <span class='ocrx_word' id='word_1_415' title='bbox 1942 2437 2002 2480; x_wconf 91' lang='lat' dir='ltr'>ut</span> <span class='ocrx_word' id='word_1_416' title='bbox 2023 2431 2169 2496; x_wconf 89' lang='lat' dir='ltr'>quod</span> <span class='ocrx_word' id='word_1_417' title='bbox 2192 2428 2319 2495; x_wconf 88' lang='lat' dir='ltr'>quis</span> <span class='ocrx_word' id='word_1_418' title='bbox 2344 2429 2497 2480; x_wconf 90' lang='lat' dir='ltr'>docet</span> 
     </span>
     <span class='ocr_line' id='line_1_86' title="bbox 1428 2499 2502 2567; baseline -0.001 -14"><span class='ocrx_word' id='word_1_419' title='bbox 1428 2503 1655 2553; x_wconf 88' lang='lat' dir='ltr'>alterum</span> <span class='ocrx_word' id='word_1_420' title='bbox 1686 2500 1873 2564; x_wconf 88' lang='lat' dir='ltr'>facere,</span> <span class='ocrx_word' id='word_1_421' title='bbox 1901 2501 2047 2567; x_wconf 89' lang='lat' dir='ltr'>prior</span> <span class='ocrx_word' id='word_1_422' title='bbox 2077 2499 2314 2566; x_wconf 86' lang='lat' dir='ltr'>incipiat.</span> <span class='ocrx_word' id='word_1_423' title='bbox 2360 2500 2502 2560; x_wconf 84' lang='lat' dir='ltr'>Quia</span> 
     </span>
     <span class='ocr_line' id='line_1_87' title="bbox 1428 2571 2509 2640; baseline -0.004 -16"><span class='ocrx_word' id='word_1_424' title='bbox 1428 2573 1593 2640; x_wconf 89' lang='lat' dir='ltr'>igitur</span> <span class='ocrx_word' id='word_1_425' title='bbox 1644 2573 1915 2623; x_wconf 90' lang='lat' dir='ltr'>Dominus</span> <span class='ocrx_word' id='word_1_426' title='bbox 1964 2572 2217 2638; x_wconf 82' lang='lat' dir='ltr'>magister</span> <span class='ocrx_word' id='word_1_427' title='bbox 2273 2571 2509 2625; x_wconf 87' lang='lat' dir='ltr'>humani</span> 
     </span>
     <span class='ocr_line' id='line_1_88' title="bbox 1429 2642 2500 2710; baseline -0.002 -16"><span class='ocrx_word' id='word_1_428' title='bbox 1429 2643 1641 2710; x_wconf 87' lang='lat' dir='ltr'>generis</span> <span class='ocrx_word' id='word_1_429' title='bbox 1668 2652 1904 2704; x_wconf 65' lang='lat' dir='ltr'>venerant,</span> <span class='ocrx_word' id='word_1_430' title='bbox 1931 2644 2177 2708; x_wconf 84' lang='lat' dir='ltr'>exemplo</span> <span class='ocrx_word' id='word_1_431' title='bbox 2201 2642 2287 2695; x_wconf 83' lang='lat' dir='ltr'>sui</span> <span class='ocrx_word' id='word_1_432' title='bbox 2311 2643 2500 2693; x_wconf 88' lang='lat' dir='ltr'>docere</span> 
     </span>
     <span class='ocr_line' id='line_1_89' title="bbox 1430 2712 2496 2780; baseline -0.003 -14"><span class='ocrx_word' id='word_1_433' title='bbox 1430 2714 1603 2766; x_wconf 86' lang='lat' dir='ltr'>voluit</span> <span class='ocrx_word' id='word_1_434' title='bbox 1650 2714 1782 2780; x_wconf 90' lang='lat' dir='ltr'>quid</span> <span class='ocrx_word' id='word_1_435' title='bbox 1807 2723 1950 2766; x_wconf 87' lang='lat' dir='ltr'>esset</span> <span class='ocrx_word' id='word_1_436' title='bbox 1971 2712 2295 2777; x_wconf 84' lang='lat' dir='ltr'>faciendum,</span> <span class='ocrx_word' id='word_1_437' title='bbox 2320 2722 2378 2764; x_wconf 92' lang='lat' dir='ltr'>ut</span> <span class='ocrx_word' id='word_1_438' title='bbox 2406 2712 2496 2763; x_wconf 90' lang='lat' dir='ltr'>di-</span> 
     </span>
     <span class='ocr_line' id='line_1_90' title="bbox 1427 2784 2500 2851; baseline 0 -17"><span class='ocrx_word' id='word_1_439' title='bbox 1427 2784 1624 2850; x_wconf 86' lang='lat' dir='ltr'>scipuli</span> <span class='ocrx_word' id='word_1_440' title='bbox 1662 2784 2000 2851; x_wconf 81' lang='lat' dir='ltr'>Magistrum,</span> <span class='ocrx_word' id='word_1_441' title='bbox 2038 2784 2177 2837; x_wconf 85' lang='lat' dir='ltr'>servi</span> <span class='ocrx_word' id='word_1_442' title='bbox 2200 2785 2500 2836; x_wconf 89' lang='lat' dir='ltr'>Dominum</span> 
     </span>
     <span class='ocr_line' id='line_1_91' title="bbox 1429 2858 2502 2923; baseline 0 -16"><span class='ocrx_word' id='word_1_443' title='bbox 1429 2867 1798 2923; x_wconf 83' lang='lat' dir='ltr'>sequerentur.</span> <span class='ocrx_word' id='word_1_444' title='bbox 1822 2876 1850 2905; x_wconf 68' lang='lat' dir='ltr'>n</span> <span class='ocrx_word' id='word_1_445' title='bbox 1891 2858 2047 2909; x_wconf 89' lang='lat' dir='ltr'>Unde</span> <span class='ocrx_word' id='word_1_446' title='bbox 2090 2858 2252 2910; x_wconf 85' lang='lat' dir='ltr'>etiam</span> <span class='ocrx_word' id='word_1_447' title='bbox 2299 2858 2502 2923; x_wconf 66' lang='lat' dir='ltr'>Augu-</span> 
     </span>
     <span class='ocr_line' id='line_1_92' title="bbox 1429 2926 2497 2994; baseline -0.003 -15"><span class='ocrx_word' id='word_1_448' title='bbox 1429 2927 1603 2979; x_wconf 79' lang='lat' dir='ltr'>stinus</span> <span class='ocrx_word' id='word_1_449' title='bbox 1626 2944 1644 2979; x_wconf 94' lang='grc'>.·</span> <span class='ocrx_word' id='word_1_450' title='bbox 1669 2946 1701 2975; x_wconf 68' lang='grc' dir='ltr'><strong>α</strong></span> <span class='ocrx_word' id='word_1_451' title='bbox 1719 2928 1905 2980; x_wconf 81' lang='lat' dir='ltr'>Voluit</span> <span class='ocrx_word' id='word_1_452' title='bbox 1926 2928 2099 2981; x_wconf 85' lang='lat' dir='ltr'>facere</span> <span class='ocrx_word' id='word_1_453' title='bbox 2120 2928 2269 2994; x_wconf 87' lang='lat' dir='ltr'>quod</span> <span class='ocrx_word' id='word_1_454' title='bbox 2292 2926 2497 2977; x_wconf 74' lang='lat' dir='ltr'>facien-</span> 
     </span>
     <span class='ocr_line' id='line_1_93' title="bbox 1428 2998 2501 3068; baseline -0.001 -18"><span class='ocrx_word' id='word_1_455' title='bbox 1428 3001 1562 3051; x_wconf 87' lang='lat' dir='ltr'>dum</span> <span class='ocrx_word' id='word_1_456' title='bbox 1586 3000 1842 3054; x_wconf 77' lang='lat' dir='ltr'>omnibus</span> <span class='ocrx_word' id='word_1_457' title='bbox 1873 3002 2187 3068; x_wconf 78' lang='lat' dir='ltr'>imperabat,</span> <span class='ocrx_word' id='word_1_458' title='bbox 2219 3008 2278 3052; x_wconf 85' lang='lat' dir='ltr'>ut</span> <span class='ocrx_word' id='word_1_459' title='bbox 2305 2998 2501 3050; x_wconf 89' lang='lat' dir='ltr'>Domi-</span> 
     </span>
     <span class='ocr_line' id='line_1_94' title="bbox 1429 3073 2499 3141; baseline -0.002 -16"><span class='ocrx_word' id='word_1_460' title='bbox 1429 3089 1535 3125; x_wconf 86' lang='lat' dir='ltr'>nus</span> <span class='ocrx_word' id='word_1_461' title='bbox 1582 3083 1638 3126; x_wconf 88' lang='lat' dir='ltr'>et</span> <span class='ocrx_word' id='word_1_462' title='bbox 1694 3074 1947 3141; x_wconf 83' lang='lat' dir='ltr'>Magister</span> <span class='ocrx_word' id='word_1_463' title='bbox 1994 3073 2291 3126; x_wconf 82' lang='lat' dir='ltr'>doctrinam</span> <span class='ocrx_word' id='word_1_464' title='bbox 2345 3088 2499 3126; x_wconf 88' lang='lat' dir='ltr'>suam</span> 
     </span>
     <span class='ocr_line' id='line_1_95' title="bbox 1428 3148 2499 3213; baseline -0.002 -14"><span class='ocrx_word' id='word_1_465' title='bbox 1428 3164 1541 3199; x_wconf 88' lang='lat' dir='ltr'>non</span> <span class='ocrx_word' id='word_1_466' title='bbox 1585 3158 1697 3199; x_wconf 87' lang='lat' dir='ltr'>tam</span> <span class='ocrx_word' id='word_1_467' title='bbox 1743 3148 1923 3199; x_wconf 87' lang='lat' dir='ltr'>verbis</span> <span class='ocrx_word' id='word_1_468' title='bbox 1970 3148 2286 3207; x_wconf 80' lang='lat' dir='ltr'>insinuaret,</span> <span class='ocrx_word' id='word_1_469' title='bbox 2334 3162 2499 3213; x_wconf 87' lang='lat' dir='ltr'>quam</span> 
     </span>
     <span class='ocr_line' id='line_1_96' title="bbox 1428 3218 2497 3282; baseline -0.003 -13"><span class='ocrx_word' id='word_1_470' title='bbox 1428 3219 1632 3269; x_wconf 77' lang='lat' dir='ltr'>actibus</span> <span class='ocrx_word' id='word_1_471' title='bbox 1679 3227 1961 3270; x_wconf 80' lang='lat' dir='ltr'>exerceret.</span> <span class='ocrx_word' id='word_1_472' title='bbox 1990 3238 2017 3266; x_wconf 70' lang='lat' dir='ltr'>n</span> <span class='ocrx_word' id='word_1_473' title='bbox 2051 3218 2168 3282; x_wconf 89' lang='lat' dir='ltr'>Vel,</span> <span class='ocrx_word' id='word_1_474' title='bbox 2199 3218 2497 3271; x_wconf 83' lang='lat' dir='ltr'>secundum</span> 
     </span>
     <span class='ocr_line' id='line_1_97' title="bbox 1428 3287 2498 3351; baseline -0.003 -12"><span class='ocrx_word' id='word_1_475' title='bbox 1428 3289 1729 3350; x_wconf 82' lang='lat' dir='ltr'>Rabanum,</span> <span class='ocrx_word' id='word_1_476' title='bbox 1755 3288 1832 3340; x_wconf 83' lang='lat' dir='ltr'>sic</span> <span class='ocrx_word' id='word_1_477' title='bbox 1865 3288 2017 3341; x_wconf 84' lang='lat' dir='ltr'>decet</span> <span class='ocrx_word' id='word_1_478' title='bbox 2051 3304 2151 3341; x_wconf 85' lang='lat' dir='ltr'>nes</span> <span class='ocrx_word' id='word_1_479' title='bbox 2189 3302 2338 3339; x_wconf 80' lang='lat' dir='ltr'>exem</span> <span class='ocrx_word' id='word_1_480' title='bbox 2346 3287 2498 3351; x_wconf 87' lang='lat' dir='ltr'>plum</span> 
     </span>
     <span class='ocr_line' id='line_1_98' title="bbox 1428 3357 2500 3425; baseline -0.002 -15"><span class='ocrx_word' id='word_1_481' title='bbox 1428 3360 1555 3410; x_wconf 87' lang='lat' dir='ltr'>dare</span> <span class='ocrx_word' id='word_1_482' title='bbox 1607 3357 1789 3410; x_wconf 86' lang='lat' dir='ltr'>omnis</span> <span class='ocrx_word' id='word_1_483' title='bbox 1826 3359 2044 3425; x_wconf 82' lang='lat' dir='ltr'>justitiae</span> <span class='ocrx_word' id='word_1_484' title='bbox 2101 3358 2389 3425; x_wconf 71' lang='lat' dir='ltr'>implendae</span> <span class='ocrx_word' id='word_1_485' title='bbox 2440 3358 2500 3409; x_wconf 87' lang='lat' dir='ltr'>in</span> 
     </span>
     <span class='ocr_line' id='line_1_99' title="bbox 1429 3429 2505 3497; baseline 0 -16"><span class='ocrx_word' id='word_1_486' title='bbox 1429 3429 1738 3496; x_wconf 81' lang='lat' dir='ltr'>Baptismo,</span> <span class='ocrx_word' id='word_1_487' title='bbox 1773 3430 1894 3481; x_wconf 86' lang='lat' dir='ltr'>sine</span> <span class='ocrx_word' id='word_1_488' title='bbox 1947 3446 2055 3496; x_wconf 82' lang='lat' dir='ltr'>qua</span> <span class='ocrx_word' id='word_1_489' title='bbox 2101 3446 2215 3484; x_wconf 85' lang='lat' dir='ltr'>non</span> <span class='ocrx_word' id='word_1_490' title='bbox 2263 3429 2505 3497; x_wconf 77' lang='lat' dir='ltr'>aperitur</span> 
     </span>
     <span class='ocr_line' id='line_1_100' title="bbox 1427 3500 2505 3567; baseline -0.001 -15"><span class='ocrx_word' id='word_1_491' title='bbox 1427 3501 1605 3552; x_wconf 87' lang='lat' dir='ltr'>aditus</span> <span class='ocrx_word' id='word_1_492' title='bbox 1624 3501 1774 3567; x_wconf 87' lang='lat' dir='ltr'>regni</span> <span class='ocrx_word' id='word_1_493' title='bbox 1809 3502 2059 3565; x_wconf 78' lang='lat' dir='ltr'>coelestis,</span> <span class='ocrx_word' id='word_1_494' title='bbox 2085 3511 2147 3553; x_wconf 91' lang='lat' dir='ltr'>ut</span> <span class='ocrx_word' id='word_1_495' title='bbox 2178 3500 2386 3555; x_wconf 80' lang='lat' dir='ltr'>discant</span> <span class='ocrx_word' id='word_1_496' title='bbox 2408 3500 2505 3551; x_wconf 88' lang='lat' dir='ltr'>ho-</span> 
     </span>
     <span class='ocr_line' id='line_1_101' title="bbox 1430 3570 2500 3637; baseline 0 -15"><span class='ocrx_word' id='word_1_497' title='bbox 1430 3571 1609 3623; x_wconf 82' lang='lat' dir='ltr'>mines</span> <span class='ocrx_word' id='word_1_498' title='bbox 1642 3572 1925 3625; x_wconf 87' lang='lat' dir='ltr'>neminem</span> <span class='ocrx_word' id='word_1_499' title='bbox 1966 3572 2086 3624; x_wconf 89' lang='lat' dir='ltr'>sine</span> <span class='ocrx_word' id='word_1_500' title='bbox 2115 3572 2273 3637; x_wconf 60' lang='lat' dir='ltr'>‘unda</span> <span class='ocrx_word' id='word_1_501' title='bbox 2314 3570 2500 3637; x_wconf 84' lang='lat' dir='ltr'>Bapti-</span> 
     </span>
     <span class='ocr_line' id='line_1_102' title="bbox 1430 3642 2498 3709; baseline -0.002 -16"><span class='ocrx_word' id='word_1_502' title='bbox 1430 3642 1535 3694; x_wconf 88' lang='lat' dir='ltr'>smi</span> <span class='ocrx_word' id='word_1_503' title='bbox 1592 3642 1887 3709; x_wconf 86' lang='lat' dir='ltr'>perfectum</span> <span class='ocrx_word' id='word_1_504' title='bbox 1946 3657 2080 3694; x_wconf 84' lang='lat' dir='ltr'>esse.</span> <span class='ocrx_word' id='word_1_505' title='bbox 2137 3642 2237 3693; x_wconf 85' lang='lat' dir='ltr'>Vel</span> <span class='ocrx_word' id='word_1_506' title='bbox 2296 3655 2498 3693; x_wconf 79' lang='lat' dir='ltr'>omnem</span> 
     </span>
     <span class='ocr_line' id='line_1_103' title="bbox 1415 3713 2502 3781; baseline -0.005 -16"><span class='ocrx_word' id='word_1_507' title='bbox 1415 3713 1712 3781; x_wconf 65' lang='lat' dir='ltr'>justitiam,</span> <span class='ocrx_word' id='word_1_508' title='bbox 1742 3713 1799 3764; x_wconf 89' lang='lat' dir='ltr'>id</span> <span class='ocrx_word' id='word_1_509' title='bbox 1831 3723 1934 3774; x_wconf 81' lang='lat' dir='ltr'>est,</span> <span class='ocrx_word' id='word_1_510' title='bbox 1960 3727 2181 3765; x_wconf 83' lang='lat' dir='ltr'>omnem</span> <span class='ocrx_word' id='word_1_511' title='bbox 2222 3721 2275 3765; x_wconf 84' lang='lat' dir='ltr'>et</span> <span class='ocrx_word' id='word_1_512' title='bbox 2306 3726 2502 3776; x_wconf 84' lang='lat' dir='ltr'>super-</span> 
     </span>
     <span class='ocr_line' id='line_1_104' title="bbox 1430 3785 2500 3848; baseline -0.002 -10"><span class='ocrx_word' id='word_1_513' title='bbox 1430 3787 1795 3838; x_wconf 83' lang='lat' dir='ltr'>abundantem</span> <span class='ocrx_word' id='word_1_514' title='bbox 1855 3786 2250 3848; x_wconf 74' lang='lat' dir='ltr'>humilitatem3</span> <span class='ocrx_word' id='word_1_515' title='bbox 2331 3785 2500 3848; x_wconf 75' lang='lat' dir='ltr'>maior</span> 
     </span>
     <span class='ocr_line' id='line_1_105' title="bbox 1429 3860 2403 3927; baseline -0.002 -16"><span class='ocrx_word' id='word_1_516' title='bbox 1429 3860 1578 3912; x_wconf 86' lang='lat' dir='ltr'>enim</span> <span class='ocrx_word' id='word_1_517' title='bbox 1606 3876 1728 3927; x_wconf 79' lang='lat' dir='ltr'>pars</span> <span class='ocrx_word' id='word_1_518' title='bbox 1756 3860 1972 3926; x_wconf 80' lang='lat' dir='ltr'>justitiae</span> <span class='ocrx_word' id='word_1_519' title='bbox 2000 3870 2081 3912; x_wconf 90' lang='lat' dir='ltr'>est</span> <span class='ocrx_word' id='word_1_520' title='bbox 2104 3860 2403 3911; x_wconf 75' lang='lat' dir='ltr'>humilitas.</span> 
     </span>
    </p>

    <p class='ocr_par' dir='ltr' id='par_1_17' title="bbox 1430 3929 2513 4070">
     <span class='ocr_line' id='line_1_106' title="bbox 1492 3929 2513 3997; baseline -0.003 -16"><span class='ocrx_word' id='word_1_521' title='bbox 1492 3947 1527 3997; x_wconf 90' lang='lat'><em>7</em></span> <span class='ocrx_word' id='word_1_522' title='bbox 1562 3931 1705 3991; x_wconf 83' lang='lat' dir='ltr'>Qum</span> <span class='ocrx_word' id='word_1_523' title='bbox 1734 3948 1788 3983; x_wconf 74' lang='lat' dir='ltr'>m</span> <span class='ocrx_word' id='word_1_524' title='bbox 1832 3947 1993 3988; x_wconf 66' lang='lat' dir='ltr'>sensu</span> <span class='ocrx_word' id='word_1_525' title='bbox 2032 3929 2290 3986; x_wconf 72' lang='lat' dir='ltr'>srmcro?</span> <span class='ocrx_word' id='word_1_526' title='bbox 2319 3958 2381 3971; x_wconf 84' lang='lat'>-—-</span> <span class='ocrx_word' id='word_1_527' title='bbox 2409 3929 2513 3980; x_wconf 85' lang='lat' dir='ltr'>Est.</span> 
     </span>
     <span class='ocr_line' id='line_1_107' title="bbox 1430 3999 2493 4070; baseline -0.006 -13"><span class='ocrx_word' id='word_1_528' title='bbox 1430 4002 1634 4070; x_wconf 80' lang='lat' dir='ltr'>quippe</span> <span class='ocrx_word' id='word_1_529' title='bbox 1660 4002 1846 4058; x_wconf 72' lang='lat' dir='ltr'>debita</span> <span class='ocrx_word' id='word_1_530' title='bbox 1866 4012 1919 4055; x_wconf 84' lang='lat' dir='ltr'>et</span> <span class='ocrx_word' id='word_1_531' title='bbox 1948 4002 2225 4055; x_wconf 78' lang='lat' dir='ltr'>sufficiens</span> <span class='ocrx_word' id='word_1_532' title='bbox 2263 3999 2493 4054; x_wconf 83' lang='lat' dir='ltr'>humili-</span> 
     </span>
    </p>
   </div>
  </div>
 </body>
</html>
