2784 4452
572 321 927 375 SERMONIS
954 320 1027 372 IN
1056 319 1311 372 MONTE
1338 318 1851 378 CONTINUATIO.

101 445 267 512 fugat,
288 451 341 494 et
366 441 537 493 bonos
563 440 629 492 ad
648 453 749 490 nos
770 446 939 489 vocat.
962 454 991 485 n
1018 435 1174 487 Unde

100 518 255 571 Beda
284 535 301 568 .·
332 535 361 564 α
388 515 537 566 Sicut
581 513 669 565 fur
710 512 894 564 audito
942 512 1172 562 clamore

99 589 261 656 fugit,
281 597 333 639 et
351 586 514 638 vicini
544 585 855 645 excitantur,
881 591 932 634 et
952 581 1175 633 veniunt

98 664 167 714 ad
197 659 638 718 succurrendum,
659 657 733 707 ita
758 657 959 707 clamor
985 653 1174 706 oratio·

100 734 187 785 nis
225 731 503 782 diabolum
543 727 718 794 fugat,
758 735 809 778 et
842 725 1079 792 Angelos
1114 738 1171 773 ac

98 806 329 856 Sanctos
379 815 571 851 omnes
632 797 697 848 ad
753 795 1172 849 succurrendum

96 875 311 928 excitat.
338 891 365 920 n
395 871 553 922 Unde
590 869 783 937 iterum
811 865 1127 918 Ber-nardus
1157 881 1199 914 .·v

99 965 131 994 «
160 947 307 997 Inter
329 942 655 1009 Babylonem
692 949 746 991 et
783 938 1075 990 Jerusalem
1095 945 1176 986 est

101 1019 331 1073 nuntius
398 1014 777 1074 fidelissimus,
843 1012 977 1077 Regi
1039 1011 1176 1061 bene

102 1101 270 1142 notus
296 1098 349 1139 et
375 1087 562 1146 curiae,
606 1084 775 1137 oratio
806 1083 1025 1143 scilicet,
1054 1096 1175 1147 quae

100 1165 162 1216 in
190 1171 394 1215 secreto
417 1159 589 1210 noctis
625 1157 862 1217 silentio,
896 1171 990 1222 per
1018 1155 1175 1220 igno-

98 1250 184 1290 tas
217 1237 452 1299 semitas,
486 1248 682 1285 arcana>
713 1231 830 1283 coeli
879 1239 1173 1297 penetrare,

101 1319 157 1360 et
180 1306 489 1359 cubiculum
519 1303 682 1373 Regis
705 1301 869 1357 adire,
898 1309 950 1350 et
972 1313 1174 1364 oppor-

100 1393 236 1433 tuna
263 1376 665 1445 importunitate
687 1372 840 1440 impii
869 1371 1033 1436 Regis
1051 1369 1175 1422 ani-

102 1468 261 1503 mum
312 1450 378 1501 ad
416 1446 677 1498 auxilium
720 1443 1045 1495 mittendum
1088 1439 1176 1490 in-

100 1525 314 1576 flectere
347 1521 497 1572 novit
526 1534 592 1570 :n
619 1519 732 1568 haec
778 1513 1112 1566 Bernartius,

176 1612 197 1646 1
214 1612 233 1646 1
279 1596 547 1645 ΡοτΕΝτιΑ
566 1607 633 1642 ετ
650 1604 845 1640 vnn-us
875 1600 1174 1637 onnmms.

103 1697 168 1707 —
194 1666 363 1718 Vides
390 1678 553 1731 quam
599 1675 808 1728 magnae
848 1657 1102 1726 potentiae
1128 1666 1180 1707 et

102 1737 322 1792 virtutis
365 1736 438 1787 sit
467 1734 654 1786 oratio,
680 1732 763 1783 Ad
798 1746 1032 1798 quorum
1056 1745 1181 1779 om-

105 1815 265 1866 nium
320 1810 720 1878 probationem,
780 1805 997 1857 omissis
1050 1803 1183 1854 Scri-

104 1895 388 1951 pturarum
417 1878 843 1948 probationibus,
866 1877 969 1927 hoc
991 1874 1091 1926 tibi
1112 1874 1183 1925 sit

104 1970 206 2022 pro
248 1951 444 2004 efficaci
488 1949 818 2017 probatione,
848 1946 994 2013 quod
1021 1943 1181 2009 audi-

104 2028 291 2079 vimus
357 2034 409 2075 et
461 2023 710 2074 videmus
783 2017 1026 2085 quotidie
1090 2031 1183 2082 per

104 2095 488 2165 experientiam
518 2092 814 2142 illitteratas
835 2098 887 2139 et
913 2086 1184 2152 simplices

108 2185 365 2240 personas
385 2207 399 2229 ,
446 2165 698 2234 praedicta
756 2171 807 2214 et
855 2161 1008 2229 plura
1046 2159 1180 2220 alia,

105 2247 272 2299 etiam
303 2243 519 2308 majora,
552 2255 646 2306 per
681 2237 975 2289 orationem
1004 2233 1181 2298 impe-

106 2330 269 2369 trare.
302 2316 556 2380 Magnum
602 2309 805 2377 quippe
841 2306 1057 2371 signum
1101 2312 1183 2353 est

106 2389 294 2455 gratiae
342 2386 440 2438 Dei
489 2398 673 2436 vacare
711 2381 1017 2446 frequenter
1056 2391 1182 2427 ora-

107 2458 269 2510 tioni.
318 2458 472 2508 Unde
525 2452 868 2519 Augustinus
899 2466 918 2499 .-
962 2467 990 2496 «
1042 2448 1179 2498 Cum

106 2528 313 2581 videris
356 2543 468 2577 non
509 2541 540 2576 a
578 2533 632 2574 te
661 2530 896 2573 amotam
925 2519 1181 2584 depreca-

106 2603 319 2654 tionem
338 2610 506 2659 tuam,
526 2610 743 2648 securus
766 2603 898 2653 est0,
921 2592 1050 2658 quia
1075 2606 1182 2640 non

109 2683 194 2726 est
217 2680 394 2723 amota
423 2685 454 2721 a
478 2679 530 2719 te
555 2663 920 2717 misericordia
945 2661 1179 2728 ipsius.»

109 2746 186 2796 Et
226 2752 289 2794 ut
319 2740 549 2792 breviter
596 2735 883 2787 utilitatem
924 2730 1184 2782 orationis

108 2818 320 2877 dicam,
370 2813 604 2862 multum
651 2818 731 2859 est
786 2804 1083 2856 necessaria
1119 2802 1185 2853 ad

110 2889 340 2940 salutem
382 2879 811 2949 promerendam.
853 2876 1011 2926 Unde
1044 2873 1187 2923 idem

108 2953 458 3023 Augustiuus
486 2970 503 3002 .·
531 2969 559 2998 «
583 2948 807 3000 Nullum
830 2944 1100 2996 credimus
1122 2942 1189 2992 ad

110 3032 363 3088 salutem,
395 3024 502 3075 nisi
525 3024 639 3073 Deo
668 3020 941 3078 invitante,
974 3015 1187 3080 venire3

116 3106 334 3157 nullum
377 3099 698 3156 invitatum,
733 3093 839 3144 nisi
892 3092 1006 3142 Deo
1035 3088 1191 3154 adju-

109 3184 293 3233 vante,
336 3172 479 3222 bona
528 3165 772 3234 operari3
822 3162 1054 3221 nullum,
1085 3155 1191 3208 nisi

112 3254 383 3308 orantem,
426 3240 524 3292 Dei
579 3237 840 3290 auxilium
884 3233 1193 3300 promereri.

110 3320 258 3370 Vaca
283 3315 447 3381 igitur
466 3310 716 3371 orationi,
745 3306 993 3371 nihilque
1020 3302 1191 3365 aliud,

110 3385 434 3441 necessariis
460 3382 603 3434 curis
622 3389 834 3432 tantum
862 3374 1111 3442 exceptiS,
1140 3384 1194 3425 te

113 3460 358 3518 delectet,
393 3454 501 3505 nisi
535 3452 726 3511 orati0‚
755 3449 884 3517 quia
910 3445 1046 3498 nihil
1070 3455 1192 3495 tan-

113 3540 237 3582 tum
275 3538 328 3578 te
384 3526 644 3575 delectare
685 3520 873 3582 debet,
925 3525 1191 3584 quantum

114 3599 318 3653 morari
348 3612 471 3647 cum
505 3594 637 3653 Deo,
667 3590 812 3657 quod
852 3588 913 3640 fit
946 3603 1039 3655 per
1068 3602 1191 3638 ora—

114 3674 347 3726 tionem.
384 3687 413 3717 n
446 3667 603 3719 Unde
643 3672 695 3713 et
724 3661 1145 3725 chrysostomus
1172 3674 1190 3709 .-

118 3762 150 3791 α
179 3740 476 3795 Considera
497 3743 696 3804 quanta
717 3730 915 3784 esttibi
941 3743 1193 3781 concessa

119 3816 348 3870 felicitas
365 3853 379 3876 ,
435 3819 636 3880 quanta
700 3804 869 3873 gloria
938 3803 1194 3856 attributa

120 3885 462 3939 orationibus
496 3877 722 3932 fabulari
761 3892 883 3928 cum
912 3874 1044 3936 De0‚
1068 3888 1192 3924 cum

121 3958 347 4015 Christo
386 3956 615 4009 miscere
659 3946 957 4016 colloquia,
1010 3954 1193 4014 optare

2236 320 2333 373 381

1275 436 1422 556 {lgmd
1449 432 1602 498 velis,
1632 436 1778 503 quod
1800 434 2069 486 desideras
2097 436 2343 502 postula..

1336 542 1350 556 ο
1374 524 1403 554 >)

1345 593 1406 627 12
1437 579 1754 629 Smrmruno
1782 593 1928 629 Amet
1950 593 2138 629 nauus
2161 594 2228 628 ax
2246 593 2348 628 ’1'AE-

1278 661 1385 698 nro.
1419 675 1479 685 -
1502 647 1707 698 Deinde
1730 655 1885 713 auget
1908 647 2187 698 orantibus
2215 647 2350 697 obti-
2411 660 2413 662 ·

1280 717 1443 769 nendi
1494 717 1773 780 fiduciam,
1802 734 1851 769 >a
1883 718 2186 769 minoribus
2211 733 2347 768 con-

1280 803 1508 854 surgens
1575 789 1640 840 ad
1723 789 1919 853 majora
1941 826 1957 852 ,
2021 787 2348 838 confirmans

1278 862 1529 928 superius
1568 862 1898 928 promissum
1941 877 2036 928 per
2085 862 2346 927 exempla.

1279 933 1345 984 Et
1398 933 1551 998 ponit
1602 932 1778 998 primo
1814 931 2229 983 similitudinem
2279 932 2348 981 de

1276 1004 1470 1065 amic0‚
1501 1003 1595 1069 qui
1639 1015 1852 1070 propter
1888 1003 2348 1068 importunitatem

1279 1086 1331 1127 et
1376 1075 1738 1126 constantiam
1777 1075 1959 1136 amici,
1988 1074 2165 1124 media
2193 1083 2349 1124 nocte

1277 1144 1573 1206 venientis,
1612 1154 1665 1196 et
1701 1145 1948 1211 petentis,
1974 1143 2164 1210 surgit,
2192 1154 2243 1193 et
2264 1158 2350 1208 pa·

1280 1232 1377 1267 nes
1404 1215 2081 1269 necessarios.commodat.
2111 1213 2169 1262 Si
2199 1212 2347 1263 enim

1278 1288 1446 1338 homo
1473 1295 1869 1352 perseveranter
1922 1284 2122 1350 petenti
2169 1284 2259 1333 dat
2287 1299 2352 1334 ex

1282 1359 1460 1419 taedi0,
1492 1359 1667 1413 multo
1710 1357 1886 1423 magis
1921 1357 2066 1406 Deus
2105 1369 2354 1420 perseve-

1281 1440 1458 1481 ranter
1485 1429 1685 1495 petenti
1709 1429 1798 1478 dat
1830 1443 1895 1478 ex
1927 1426 2180 1477 amicitia.
2198 1425 2354 1476 Unde

1283 1501 1438 1552 Beda
1461 1518 1478 1551 .·
1507 1519 1534 1548 α
1559 1499 1899 1564 Comparatio
1927 1507 2009 1548 est
2049 1513 2079 1547 a
2121 1495 2348 1546 minore.

1281 1574 1339 1625 Si
1387 1573 1534 1625 enim
1575 1571 1781 1622 amicus
1831 1570 1997 1620 homo
2051 1567 2225 1634 surgit
2286 1568 2353 1617 de

1284 1648 1441 1707 lecte,
1468 1655 1520 1696 et
1538 1645 1645 1706 dat,
1672 1660 1783 1694 non
1806 1641 2060 1702 amicitia,
2074 1641 2167 1691 sed
2193 1638 2354 1690 taedio

1284 1717 1598 1784 compulsus
1614 1754 1628 1777 ,
1658 1723 1856 1781 quanto
1880 1712 2050 1787 magis
2073 1712 2165 1761 dat
2191 1702 2353 1771 DeuS,

1285 1789 1381 1857 qui
1438 1789 1557 1840 sine
1612 1787 1773 1838 taedio
1832 1784 2132 1851 largissime
2190 1782 2357 1832 donat

1288 1861 1435 1928 quod
1477 1860 1708 1926 petitur;
1749 1857 1842 1908 sed
1888 1856 1956 1906 ad
2001 1855 2105 1905 hoc
2141 1868 2198 1904 se
2245 1852 2353 1919 peti

1286 1935 1401 1984 vult
1418 1971 1433 1993 ,
1472 1941 1532 1982 ut
1555 1944 1768 1997 capaces
1794 1928 2060 1977 donorum
2084 1925 2197 1989 ejus
2224 1923 2357 1973 fiant

1287 2004 1382 2070 qui
1410 2012 1616 2070 petunt.
1643 2019 1672 2048 »
1700 2000 1855 2050 Unde
1883 2007 1935 2047 et
1964 1994 2304 2060 Augustinus
2337 2008 2357 2043 .·

1289 2093 1317 2122 «
1347 2075 1470 2125 Non
1513 2080 1732 2140 propter
1765 2067 2076 2126 amicitiam,
2105 2063 2355 2130 quamvis

1286 2144 1492 2197 amicus
1518 2143 1608 2205 sit,
1630 2141 1723 2192 sed
1742 2148 1957 2206 propter
1984 2134 2360 2201 importunita-

1286 2226 1417 2278 tem,
1450 2213 1579 2282 quia
1603 2212 1813 2279 pulsare
1841 2224 1950 2260 non
1975 2206 2204 2267 desistit,
2230 2203 2359 2271 quia

1287 2299 1339 2340 et
1365 2304 1489 2339 cum
1513 2294 1652 2337 esset
1679 2291 1950 2348 negatum,
1979 2295 2087 2329 non
2117 2293 2174 2328 se
2201 2262 2358 2327 aver-

1287 2361 1353 2411 tit
1377 2376 1394 2424 ;
1445 2358 1537 2409 ille
1604 2354 1698 2422 qui
1769 2352 1984 2404 nolebat
2037 2351 2163 2399 dare
2211 2346 2358 2414 quod
2395 2375 2397 2378 v

1285 2430 1564 2499 petebatur
1597 2425 1742 2489 fecit,
1764 2423 1895 2491 quia
1915 2422 1974 2471 in
1992 2420 2220 2487 petendo
2250 2433 2361 2468 non

1286 2502 1494 2553 defecit.
1539 2501 1755 2560 Quanto
1793 2493 1966 2560 magis
2008 2491 2157 2542 dabit
2184 2490 2363 2540 bonus

1286 2576 1460 2635 Pater,
1487 2572 1582 2640 qui
1611 2585 1710 2620 nos
1736 2568 1980 2619 hortatur
2009 2574 2071 2613 ut
2099 2572 2359 2628 petamus,

1289 2649 1374 2701 cui
1403 2645 1644 2712 displicet
1678 2642 1724 2694 si
1756 2656 1866 2691 non
1896 2634 2176 2704 petamus?
2205 2654 2232 2682 »
2255 2633 2361 2684 Ubi

1289 2724 1452 2775 etiam
1501 2717 1820 2771 Ambrosius
1856 2728 1872 2764 .·
1913 2731 1941 2760 ιι
1983 2710 2159 2762 Media
2211 2717 2364 2759 nocte

1291 2793 1538 2861 perrexit,
1563 2800 1624 2841 ut
1646 2787 1902 2840 omnibus
1921 2779 2228 2840 momentis,
2251 2794 2364 2829 non

1293 2866 1470 2915 solum
1513 2861 1736 2920 diebus,
1767 2856 1860 2908 sed
1898 2853 2059 2904 etiam
2095 2849 2363 2908 noctibus,

1293 2934 1465 2986 oratio
1492 2932 1773 2982 deferatur.
1803 2927 1870 2977 Et
1898 2923 2019 2974 ideo
2040 2921 2362 2987 scriptorum

1296 3017 1595 3063 memores,
1632 2997 1881 3049 noctibus
1917 3009 1976 3043 ac
2023 2992 2214 3041 diebus
2239 3004 2365 3039 ora-

1294 3076 1432 3128 tioni
1504 3074 1767 3123 instantes
1787 3107 1803 3130 ,
1858 3065 2083 3132 peccatis
2165 3060 2367 3113 nostris

1295 3146 1510 3200 veniam
1539 3141 1890 3210 postulemus.
1911 3138 2048 3187 Nam
2068 3134 2115 3186 si
2138 3134 2228 3183 ille
2253 3142 2366 3182 tam

1297 3227 1514 3270 sanctus
1541 3224 1594 3265 et
1629 3211 1724 3279 qui
1753 3208 1905 3275 regni
1934 3216 2048 3258 erat
2077 3200 2366 3253 necessita·-

1295 3290 1442 3341 tibus
1460 3286 1762 3351 occup‘atus,
1781 3279 1974 3346 septies
1985 3278 2039 3328 in
2058 3275 2144 3326 die
2158 3272 2369 3324 laudem

1298 3358 1535 3411 Domino
1575 3354 1810 3413 dicebat,
1844 3345 2125 3401 matutinis
2170 3352 2222 3394 et
2268 3356 2368 3393 ve·

1297 3429 1551 3499 spertinis
1598 3423 1875 3478 sacrificiis
1921 3422 2175 3479 intentus,
2233 3413 2367 3480 quid

1296 3522 1398 3558 nos
1440 3504 1608 3555 sacere
1650 3506 1884 3566 oportet,
1914 3493 2010 3561 qui
2045 3507 2108 3542 eo
2134 3488 2368 3555 amplius

1298 3595 1485 3648 rogare
1525 3577 1784 3629 debemus
1800 3610 1815 3633 ‚
1875 3584 1983 3637 quo
2034 3562 2368 3631 frequentius

1298 3650 1473 3703 carnis
1499 3664 1559 3700 ac
1580 3644 1781 3697 mentis
1802 3637 2086 3705 fragilitate
2102 3632 2372 3700 delinqui-

1299 3741 1444 3787 mus,
1472 3733 1534 3776 ut
1557 3722 1623 3772 de
1641 3719 1730 3771 via
1746 3713 1921 3771 lassis,
1943 3719 1995 3761 et
2014 3708 2170 3759 istius
2199 3703 2369 3757 seculi

1298 3812 1460 3848 cursu
1477 3833 1492 3858 ,
1530 3808 1591 3846 ac
1635 3788 1759 3842 vitae
1781 3783 1944 3848 hujus
1976 3777 2216 3831 anfractu
2244 3789 2370 3841 gra-

1297 3867 1437 3919 viter
1495 3858 1755 3927 fatigatis,
1832 3851 1987 3920 panis
2062 3844 2371 3899 refectionis

1300 3942 1483 3993 deesse
1511 3950 1622 3989 non
1652 3927 1855 3999 possit,
1899 3922 1994 3991 qui
2024 3918 2250 3975 hominis
2277 3931 2372 3970 cor
