<?xml version="1.0" encoding="UTF-8"?>
<!DOCTYPE html PUBLIC "-//W3C//DTD XHTML 1.0 Transitional//EN"
    "http://www.w3.org/TR/xhtml1/DTD/xhtml1-transitional.dtd">
<html xmlns="http://www.w3.org/1999/xhtml" xml:lang="en" lang="en">
 <head>
  <title>
</title>
<meta http-equiv="Content-Type" content="text/html;charset=utf-8" />
  <meta name='ocr-system' content='tesseract 3.04.00' />
  <meta name='ocr-capabilities' content='ocr_page ocr_carea ocr_par ocr_line ocrx_word'/>
</head>
<body>
  <div class='ocr_page' id='page_1' title='image "./vitajesuchristi00sachgoog/vitajesuchristi00sachgoog_0173.png"; bbox 0 0 2784 4452; ppageno 0'>
   <div class='ocr_carea' id='block_1_1' title="bbox 359 237 2017 297">
    <p class='ocr_par' dir='ltr' id='par_1_1' title="bbox 359 237 2017 297">
     <span class='ocr_line' id='line_1_1' title="bbox 359 237 2017 297; baseline 0.004 -10"><span class='ocrx_word' id='word_1_1' title='bbox 359 237 557 297; x_wconf 91' lang='lat' dir='ltr'><strong>QUOD</strong></span> <span class='ocrx_word' id='word_1_2' title='bbox 592 237 778 288; x_wconf 88' lang='lat' dir='ltr'>PUER</span> <span class='ocrx_word' id='word_1_3' title='bbox 807 238 1009 290; x_wconf 87' lang='lat' dir='ltr'>JESUS</span> <span class='ocrx_word' id='word_1_4' title='bbox 1039 239 1402 291; x_wconf 90' lang='lat' dir='ltr'><strong>INVENTUS</strong></span> <span class='ocrx_word' id='word_1_5' title='bbox 1433 240 1573 291; x_wconf 89' lang='lat' dir='ltr'><strong>EST</strong></span> <span class='ocrx_word' id='word_1_6' title='bbox 1606 241 1676 292; x_wconf 89' lang='lat' dir='ltr'><strong>IN</strong></span> <span class='ocrx_word' id='word_1_7' title='bbox 1710 243 2017 295; x_wconf 89' lang='lat' dir='ltr'><strong>TEMPLO.</strong></span> 
     </span>
    </p>
   </div>
   <div class='ocr_carea' id='block_1_2' title="bbox 52 352 1154 3926">
    <p class='ocr_par' dir='ltr' id='par_1_2' title="bbox 76 352 1148 1133">
     <span class='ocr_line' id='line_1_2' title="bbox 83 352 1146 414; baseline -0.003 -8"><span class='ocrx_word' id='word_1_8' title='bbox 83 370 209 414; x_wconf 88' lang='lat' dir='ltr'><strong>suo,</strong></span> <span class='ocrx_word' id='word_1_9' title='bbox 251 359 306 403; x_wconf 89' lang='lat' dir='ltr'><strong>et</strong></span> <span class='ocrx_word' id='word_1_10' title='bbox 351 358 473 403; x_wconf 86' lang='lat' dir='ltr'><strong>erat</strong></span> <span class='ocrx_word' id='word_1_11' title='bbox 517 352 761 403; x_wconf 81' lang='lat' dir='ltr'><strong>subditus</strong></span> <span class='ocrx_word' id='word_1_12' title='bbox 810 353 942 404; x_wconf 85' lang='lat' dir='ltr'><strong>illis.</strong></span> <span class='ocrx_word' id='word_1_13' title='bbox 1003 353 1146 404; x_wconf 89' lang='lat' dir='ltr'><strong>Hinc</strong></span> 
     </span>
     <span class='ocr_line' id='line_1_3' title="bbox 82 425 1146 491; baseline -0.001 -13"><span class='ocrx_word' id='word_1_14' title='bbox 82 426 236 479; x_wconf 88' lang='lat' dir='ltr'><strong>etiam</strong></span> <span class='ocrx_word' id='word_1_15' title='bbox 297 425 570 491; x_wconf 83' lang='lat' dir='ltr'>perpende</span> <span class='ocrx_word' id='word_1_16' title='bbox 627 434 893 491; x_wconf 91' lang='lat' dir='ltr'><strong>quantum</strong></span> <span class='ocrx_word' id='word_1_17' title='bbox 949 427 1146 477; x_wconf 90' lang='lat' dir='ltr'><strong>debent</strong></span> 
     </span>
     <span class='ocr_line' id='line_1_4' title="bbox 81 497 1146 565; baseline -0.002 -14"><span class='ocrx_word' id='word_1_18' title='bbox 81 498 330 552; x_wconf 89' lang='lat' dir='ltr'><strong>homines</strong></span> <span class='ocrx_word' id='word_1_19' title='bbox 377 497 597 547; x_wconf 86' lang='lat' dir='ltr'><strong>obedire</strong></span> <span class='ocrx_word' id='word_1_20' title='bbox 631 498 764 557; x_wconf 93' lang='lat' dir='ltr'><strong>Deo,</strong></span> <span class='ocrx_word' id='word_1_21' title='bbox 798 499 1146 565; x_wconf 87' lang='lat' dir='ltr'><strong>quandoqui-</strong></span> 
     </span>
     <span class='ocr_line' id='line_1_5' title="bbox 79 568 1144 634; baseline 0 -14"><span class='ocrx_word' id='word_1_22' title='bbox 79 571 196 620; x_wconf 87' lang='lat' dir='ltr'><strong>dem</strong></span> <span class='ocrx_word' id='word_1_23' title='bbox 235 569 355 634; x_wconf 89' lang='lat' dir='ltr'><strong>ipse</strong></span> <span class='ocrx_word' id='word_1_24' title='bbox 396 568 541 618; x_wconf 89' lang='lat' dir='ltr'><strong>Deus</strong></span> <span class='ocrx_word' id='word_1_25' title='bbox 587 568 770 619; x_wconf 89' lang='lat' dir='ltr'><strong>obedit</strong></span> <span class='ocrx_word' id='word_1_26' title='bbox 807 568 1144 620; x_wconf 89' lang='lat' dir='ltr'><strong>hominibus.</strong></span> 
     </span>
     <span class='ocr_line' id='line_1_6' title="bbox 79 638 1148 703; baseline -0.002 -11"><span class='ocrx_word' id='word_1_27' title='bbox 79 640 132 693; x_wconf 91' lang='lat' dir='ltr'><strong>Si</strong></span> <span class='ocrx_word' id='word_1_28' title='bbox 166 638 311 691; x_wconf 90' lang='lat' dir='ltr'><strong>enim</strong></span> <span class='ocrx_word' id='word_1_29' title='bbox 354 639 602 703; x_wconf 85' lang='lat' dir='ltr'><strong>exemplo</strong></span> <span class='ocrx_word' id='word_1_30' title='bbox 633 639 855 689; x_wconf 89' lang='lat' dir='ltr'>Domini</span> <span class='ocrx_word' id='word_1_31' title='bbox 895 640 1148 691; x_wconf 86' lang='lat' dir='ltr'><strong>obedien·</strong></span> 
     </span>
     <span class='ocr_line' id='line_1_7' title="bbox 79 710 1147 779; baseline 0 -16"><span class='ocrx_word' id='word_1_32' title='bbox 79 714 201 763; x_wconf 89' lang='lat' dir='ltr'><strong>dum</strong></span> <span class='ocrx_word' id='word_1_33' title='bbox 243 721 328 761; x_wconf 84' lang='lat' dir='ltr'><strong>est</strong></span> <span class='ocrx_word' id='word_1_34' title='bbox 374 710 716 770; x_wconf 89' lang='lat' dir='ltr'><strong>hominibus,</strong></span> <span class='ocrx_word' id='word_1_35' title='bbox 759 713 932 763; x_wconf 89' lang='lat' dir='ltr'><strong>multo</strong></span> <span class='ocrx_word' id='word_1_36' title='bbox 972 712 1147 779; x_wconf 88' lang='lat' dir='ltr'><strong>magis</strong></span> 
     </span>
     <span class='ocr_line' id='line_1_8' title="bbox 79 780 1146 849; baseline 0 -16"><span class='ocrx_word' id='word_1_37' title='bbox 79 791 280 849; x_wconf 86' lang='lat' dir='ltr'>oportet</span> <span class='ocrx_word' id='word_1_38' title='bbox 343 780 561 831; x_wconf 90' lang='lat' dir='ltr'><strong>obedire</strong></span> <span class='ocrx_word' id='word_1_39' title='bbox 620 781 751 832; x_wconf 79' lang='lat' dir='ltr'><strong>Deo,</strong></span> <span class='ocrx_word' id='word_1_40' title='bbox 814 782 1146 833; x_wconf 90' lang='lat' dir='ltr'><strong>Obediamus</strong></span> 
     </span>
     <span class='ocr_line' id='line_1_9' title="bbox 80 852 1146 919; baseline 0 -16"><span class='ocrx_word' id='word_1_41' title='bbox 80 853 237 919; x_wconf 86' lang='lat' dir='ltr'><strong>igitur</strong></span> <span class='ocrx_word' id='word_1_42' title='bbox 264 867 378 901; x_wconf 92' lang='lat' dir='ltr'><strong>non</strong></span> <span class='ocrx_word' id='word_1_43' title='bbox 417 852 595 901; x_wconf 88' lang='lat' dir='ltr'><strong>solum</strong></span> <span class='ocrx_word' id='word_1_44' title='bbox 635 852 768 911; x_wconf 86' lang='lat' dir='ltr'><strong>Deo,</strong></span> <span class='ocrx_word' id='word_1_45' title='bbox 804 853 896 903; x_wconf 91' lang='lat' dir='ltr'><strong>sed</strong></span> <span class='ocrx_word' id='word_1_46' title='bbox 934 863 987 904; x_wconf 93' lang='lat' dir='ltr'><strong>et</strong></span> <span class='ocrx_word' id='word_1_47' title='bbox 1039 853 1146 903; x_wconf 88' lang='lat' dir='ltr'><strong>ho-</strong></span> 
     </span>
     <span class='ocr_line' id='line_1_10' title="bbox 78 922 1147 988; baseline 0 -15"><span class='ocrx_word' id='word_1_48' title='bbox 78 922 346 985; x_wconf 82' lang='lat' dir='ltr'><strong>minibus3</strong></span> <span class='ocrx_word' id='word_1_49' title='bbox 401 922 529 988; x_wconf 85' lang='lat' dir='ltr'><strong>quia</strong></span> <span class='ocrx_word' id='word_1_50' title='bbox 578 922 676 972; x_wconf 88' lang='lat' dir='ltr'><strong>Dei</strong></span> <span class='ocrx_word' id='word_1_51' title='bbox 732 922 907 973; x_wconf 91' lang='lat' dir='ltr'><strong>Filius</strong></span> <span class='ocrx_word' id='word_1_52' title='bbox 951 923 1147 973; x_wconf 92' lang='lat' dir='ltr'><strong>obedi-</strong></span> 
     </span>
     <span class='ocr_line' id='line_1_11' title="bbox 76 993 1144 1059; baseline 0 -15"><span class='ocrx_word' id='word_1_53' title='bbox 76 995 147 1046; x_wconf 88' lang='lat' dir='ltr'><strong>vit</strong></span> <span class='ocrx_word' id='word_1_54' title='bbox 182 1009 295 1044; x_wconf 90' lang='lat' dir='ltr'><strong>non</strong></span> <span class='ocrx_word' id='word_1_55' title='bbox 337 994 515 1043; x_wconf 90' lang='lat' dir='ltr'><strong>solum</strong></span> <span class='ocrx_word' id='word_1_56' title='bbox 556 993 669 1044; x_wconf 89' lang='lat' dir='ltr'><strong>Deo</strong></span> <span class='ocrx_word' id='word_1_57' title='bbox 720 994 866 1045; x_wconf 86' lang='lat' dir='ltr'><strong>Patri</strong></span> <span class='ocrx_word' id='word_1_58' title='bbox 909 995 1111 1047; x_wconf 89' lang='lat' dir='ltr'><strong>coelesti</strong></span> <span class='ocrx_word' id='word_1_59' title='bbox 1128 1034 1144 1059; x_wconf 93' lang='lat'>‚</span> 
     </span>
     <span class='ocr_line' id='line_1_12' title="bbox 80 1067 614 1133; baseline -0.004 -12"><span class='ocrx_word' id='word_1_60' title='bbox 80 1068 167 1121; x_wconf 81' lang='lat' dir='ltr'><strong>sed</strong></span> <span class='ocrx_word' id='word_1_61' title='bbox 192 1077 245 1120; x_wconf 90' lang='lat' dir='ltr'><strong>et</strong></span> <span class='ocrx_word' id='word_1_62' title='bbox 277 1067 614 1133; x_wconf 89' lang='lat' dir='ltr'><strong>parentibus.</strong></span> 
     </span>
    </p>

    <p class='ocr_par' dir='ltr' id='par_1_3' title="bbox 56 1142 1153 3474">
     <span class='ocr_line' id='line_1_13' title="bbox 138 1142 1146 1207; baseline 0.001 -16"><span class='ocrx_word' id='word_1_63' title='bbox 138 1156 202 1207; x_wconf 89' lang='lat'><strong>17</strong></span> <span class='ocrx_word' id='word_1_64' title='bbox 254 1142 444 1190; x_wconf 56' lang='lat' dir='ltr'><strong>Manu</strong></span> <span class='ocrx_word' id='word_1_65' title='bbox 495 1155 661 1190; x_wconf 63' lang='lat' dir='ltr'><strong>mima</strong></span> <span class='ocrx_word' id='word_1_66' title='bbox 712 1156 768 1191; x_wconf 76' lang='lat' dir='ltr'><strong>IN</strong></span> <span class='ocrx_word' id='word_1_67' title='bbox 820 1156 992 1192; x_wconf 65' lang='lat' dir='ltr'><strong>conns</strong></span> <span class='ocrx_word' id='word_1_68' title='bbox 1045 1157 1146 1192; x_wconf 86' lang='lat' dir='ltr'><strong>suo</strong></span> 
     </span>
     <span class='ocr_line' id='line_1_14' title="bbox 74 1210 1148 1279; baseline 0.001 -16"><span class='ocrx_word' id='word_1_69' title='bbox 74 1227 393 1263; x_wconf 54' lang='lat' dir='ltr'><strong>consi-:avan</strong></span> <span class='ocrx_word' id='word_1_70' title='bbox 425 1238 486 1249; x_wconf 90' lang='lat'><strong>-—</strong></span> <span class='ocrx_word' id='word_1_71' title='bbox 518 1211 597 1261; x_wconf 91' lang='lat' dir='ltr'><strong>Et</strong></span> <span class='ocrx_word' id='word_1_72' title='bbox 633 1210 821 1262; x_wconf 84' lang='lat' dir='ltr'><em>Mater</em></span> <span class='ocrx_word' id='word_1_73' title='bbox 861 1212 977 1279; x_wconf 84' lang='lat' dir='ltr'><strong>ejus</strong></span> <span class='ocrx_word' id='word_1_74' title='bbox 1017 1228 1148 1264; x_wconf 85' lang='lat' dir='ltr'><strong>con-</strong></span> 
     </span>
     <span class='ocr_line' id='line_1_15' title="bbox 75 1281 1148 1348; baseline 0.001 -15"><span class='ocrx_word' id='word_1_75' title='bbox 75 1282 341 1344; x_wconf 78' lang='lat' dir='ltr'><em>servabat,</em></span> <span class='ocrx_word' id='word_1_76' title='bbox 377 1281 535 1348; x_wconf 88' lang='lat' dir='ltr'><strong>quasi</strong></span> <span class='ocrx_word' id='word_1_77' title='bbox 564 1297 777 1348; x_wconf 89' lang='lat' dir='ltr'><strong>magna,</strong></span> <span class='ocrx_word' id='word_1_78' title='bbox 815 1283 994 1333; x_wconf 85' lang='lat' dir='ltr'><strong>omnia</strong></span> <span class='ocrx_word' id='word_1_79' title='bbox 1023 1298 1148 1334; x_wconf 81' lang='lat' dir='ltr'><strong>ver-</strong></span> 
     </span>
     <span class='ocr_line' id='line_1_16' title="bbox 76 1352 1150 1419; baseline 0.001 -15"><span class='ocrx_word' id='word_1_80' title='bbox 76 1354 141 1404; x_wconf 84' lang='lat' dir='ltr'><strong>ba</strong></span> <span class='ocrx_word' id='word_1_81' title='bbox 176 1352 311 1415; x_wconf 72' lang='lat' dir='ltr'><strong>haec,</strong></span> <span class='ocrx_word' id='word_1_82' title='bbox 345 1368 465 1419; x_wconf 84' lang='lat' dir='ltr'><strong>quae</strong></span> <span class='ocrx_word' id='word_1_83' title='bbox 500 1368 643 1402; x_wconf 90' lang='lat' dir='ltr'><strong>nunc</strong></span> <span class='ocrx_word' id='word_1_84' title='bbox 671 1363 723 1403; x_wconf 90' lang='lat' dir='ltr'><strong>et</strong></span> <span class='ocrx_word' id='word_1_85' title='bbox 751 1354 883 1404; x_wconf 85' lang='lat' dir='ltr'><strong>alias</strong></span> <span class='ocrx_word' id='word_1_86' title='bbox 911 1354 1150 1405; x_wconf 80' lang='lat' dir='ltr'>audierat</span> 
     </span>
     <span class='ocr_line' id='line_1_17' title="bbox 75 1424 1147 1493; baseline 0.003 -19"><span class='ocrx_word' id='word_1_87' title='bbox 75 1425 140 1475; x_wconf 92' lang='lat' dir='ltr'><strong>ab</strong></span> <span class='ocrx_word' id='word_1_88' title='bbox 173 1440 257 1485; x_wconf 84' lang='lat' dir='ltr'><strong>e0,</strong></span> <span class='ocrx_word' id='word_1_89' title='bbox 300 1434 356 1475; x_wconf 88' lang='lat' dir='ltr'><strong>et</strong></span> <span class='ocrx_word' id='word_1_90' title='bbox 393 1424 499 1475; x_wconf 90' lang='lat' dir='ltr'><strong>hoc</strong></span> <span class='ocrx_word' id='word_1_91' title='bbox 538 1424 591 1475; x_wconf 87' lang='lat' dir='ltr'><strong>in</strong></span> <span class='ocrx_word' id='word_1_92' title='bbox 633 1426 796 1476; x_wconf 85' lang='lat' dir='ltr'><strong>corde</strong></span> <span class='ocrx_word' id='word_1_93' title='bbox 833 1441 952 1490; x_wconf 81' lang='lat' dir='ltr'><strong>sue,</strong></span> <span class='ocrx_word' id='word_1_94' title='bbox 992 1426 1147 1493; x_wconf 89' lang='lat' dir='ltr'><strong>quasi</strong></span> 
     </span>
     <span class='ocr_line' id='line_1_18' title="bbox 74 1496 1151 1563; baseline -0.001 -14"><span class='ocrx_word' id='word_1_95' title='bbox 74 1498 173 1549; x_wconf 84' lang='lat' dir='ltr'><strong>sub</strong></span> <span class='ocrx_word' id='word_1_96' title='bbox 209 1496 396 1563; x_wconf 90' lang='lat' dir='ltr'><strong>sigillo</strong></span> <span class='ocrx_word' id='word_1_97' title='bbox 420 1496 622 1547; x_wconf 89' lang='lat' dir='ltr'><strong>scilicet</strong></span> <span class='ocrx_word' id='word_1_98' title='bbox 649 1498 960 1558; x_wconf 87' lang='lat' dir='ltr'><strong>recondens,</strong></span> <span class='ocrx_word' id='word_1_99' title='bbox 991 1508 1043 1548; x_wconf 91' lang='lat' dir='ltr'><strong>et</strong></span> <span class='ocrx_word' id='word_1_100' title='bbox 1079 1498 1151 1548; x_wconf 90' lang='lat' dir='ltr'><strong>si-</strong></span> 
     </span>
     <span class='ocr_line' id='line_1_19' title="bbox 74 1567 1150 1635; baseline 0.002 -18"><span class='ocrx_word' id='word_1_101' title='bbox 74 1569 324 1635; x_wconf 87' lang='lat' dir='ltr'><strong>gnaculo.</strong></span> <span class='ocrx_word' id='word_1_102' title='bbox 355 1568 472 1618; x_wconf 89' lang='lat' dir='ltr'><strong>Nisi</strong></span> <span class='ocrx_word' id='word_1_103' title='bbox 501 1567 648 1618; x_wconf 90' lang='lat' dir='ltr'><strong>enim</strong></span> <span class='ocrx_word' id='word_1_104' title='bbox 684 1568 800 1634; x_wconf 91' lang='lat' dir='ltr'><strong>ipsa</strong></span> <span class='ocrx_word' id='word_1_105' title='bbox 833 1584 1150 1620; x_wconf 88' lang='lat' dir='ltr'><strong>conservas-</strong></span> 
     </span>
     <span class='ocr_line' id='line_1_20' title="bbox 73 1638 1150 1705; baseline 0.001 -16"><span class='ocrx_word' id='word_1_106' title='bbox 73 1648 167 1698; x_wconf 87' lang='lat' dir='ltr'><strong>set,</strong></span> <span class='ocrx_word' id='word_1_107' title='bbox 196 1654 301 1689; x_wconf 88' lang='lat' dir='ltr'><strong>nos</strong></span> <span class='ocrx_word' id='word_1_108' title='bbox 323 1653 386 1688; x_wconf 90' lang='lat' dir='ltr'><strong>ea</strong></span> <span class='ocrx_word' id='word_1_109' title='bbox 415 1654 522 1688; x_wconf 91' lang='lat' dir='ltr'><strong>non</strong></span> <span class='ocrx_word' id='word_1_110' title='bbox 549 1638 874 1689; x_wconf 86' lang='lat' dir='ltr'><strong>haberemus</strong></span> <span class='ocrx_word' id='word_1_111' title='bbox 904 1656 918 1689; x_wconf 69' lang='grc' dir='ltr'>ε</span> <span class='ocrx_word' id='word_1_112' title='bbox 945 1640 1012 1690; x_wconf 93' lang='lat' dir='ltr'><strong>de</strong></span> <span class='ocrx_word' id='word_1_113' title='bbox 1034 1640 1150 1705; x_wconf 82' lang='lat' dir='ltr'><strong>ejus</strong></span> 
     </span>
     <span class='ocr_line' id='line_1_21' title="bbox 71 1709 1150 1777; baseline 0 -17"><span class='ocrx_word' id='word_1_114' title='bbox 71 1725 309 1776; x_wconf 89' lang='lat' dir='ltr'><strong>namque</strong></span> <span class='ocrx_word' id='word_1_115' title='bbox 341 1710 608 1760; x_wconf 77' lang='lat' dir='ltr'><strong>thesauris</strong></span> <span class='ocrx_word' id='word_1_116' title='bbox 645 1725 744 1760; x_wconf 89' lang='lat' dir='ltr'><strong>nos</strong></span> <span class='ocrx_word' id='word_1_117' title='bbox 771 1709 873 1761; x_wconf 86' lang='lat' dir='ltr'><strong>ista</strong></span> <span class='ocrx_word' id='word_1_118' title='bbox 904 1710 1150 1777; x_wconf 87' lang='lat' dir='ltr'><strong>suscepi-</strong></span> 
     </span>
     <span class='ocr_line' id='line_1_22' title="bbox 74 1785 1151 1852; baseline 0 -17"><span class='ocrx_word' id='word_1_119' title='bbox 74 1800 215 1837; x_wconf 78' lang='lat' dir='ltr'><strong>mus,</strong></span> <span class='ocrx_word' id='word_1_120' title='bbox 249 1785 456 1836; x_wconf 87' lang='lat' dir='ltr'><strong>Omnia</strong></span> <span class='ocrx_word' id='word_1_121' title='bbox 484 1785 688 1852; x_wconf 89' lang='lat' dir='ltr'><strong>quippe</strong></span> <span class='ocrx_word' id='word_1_122' title='bbox 715 1800 836 1850; x_wconf 89' lang='lat' dir='ltr'><strong>quae</strong></span> <span class='ocrx_word' id='word_1_123' title='bbox 874 1785 939 1835; x_wconf 90' lang='lat' dir='ltr'><strong>de</strong></span> <span class='ocrx_word' id='word_1_124' title='bbox 970 1785 1151 1835; x_wconf 90' lang='lat' dir='ltr'><strong>Domi-</strong></span> 
     </span>
     <span class='ocr_line' id='line_1_23' title="bbox 71 1856 1150 1920; baseline -0.001 -13"><span class='ocrx_word' id='word_1_125' title='bbox 71 1872 169 1920; x_wconf 92' lang='lat' dir='ltr'><strong>n0,</strong></span> <span class='ocrx_word' id='word_1_126' title='bbox 211 1858 301 1917; x_wconf 83' lang='lat' dir='ltr'><strong>vel</strong></span> <span class='ocrx_word' id='word_1_127' title='bbox 348 1872 380 1907; x_wconf 90' lang='lat' dir='ltr'><strong>a</strong></span> <span class='ocrx_word' id='word_1_128' title='bbox 428 1856 664 1907; x_wconf 91' lang='lat' dir='ltr'><strong>Domino</strong></span> <span class='ocrx_word' id='word_1_129' title='bbox 705 1857 845 1907; x_wconf 86' lang='lat' dir='ltr'><strong>dicta</strong></span> <span class='ocrx_word' id='word_1_130' title='bbox 888 1858 974 1907; x_wconf 86' lang='lat' dir='ltr'><strong>vel</strong></span> <span class='ocrx_word' id='word_1_131' title='bbox 1015 1856 1150 1907; x_wconf 89' lang='lat' dir='ltr'><strong>facta</strong></span> 
     </span>
     <span class='ocr_line' id='line_1_24' title="bbox 72 1925 1152 1993; baseline -0.001 -16"><span class='ocrx_word' id='word_1_132' title='bbox 72 1927 348 1993; x_wconf 75' lang='lat' dir='ltr'><strong>cognovit,</strong></span> <span class='ocrx_word' id='word_1_133' title='bbox 392 1927 503 1977; x_wconf 87' lang='lat' dir='ltr'><strong>sive</strong></span> <span class='ocrx_word' id='word_1_134' title='bbox 545 1926 830 1989; x_wconf 90' lang='lat' dir='ltr'><strong>intellecta,</strong></span> <span class='ocrx_word' id='word_1_135' title='bbox 859 1925 974 1977; x_wconf 85' lang='lat' dir='ltr'><strong>sive</strong></span> <span class='ocrx_word' id='word_1_136' title='bbox 1010 1942 1152 1976; x_wconf 89' lang='lat' dir='ltr'><strong>non-</strong></span> 
     </span>
     <span class='ocr_line' id='line_1_25' title="bbox 68 1998 1150 2059; baseline 0.002 -12"><span class='ocrx_word' id='word_1_137' title='bbox 68 1999 200 2049; x_wconf 90' lang='lat' dir='ltr'><strong>dum</strong></span> <span class='ocrx_word' id='word_1_138' title='bbox 261 1998 560 2059; x_wconf 89' lang='lat' dir='ltr'><strong>intellecta,</strong></span> <span class='ocrx_word' id='word_1_139' title='bbox 614 1998 671 2048; x_wconf 93' lang='lat' dir='ltr'><strong>in</strong></span> <span class='ocrx_word' id='word_1_140' title='bbox 723 1999 882 2048; x_wconf 89' lang='lat' dir='ltr'><strong>corde</strong></span> <span class='ocrx_word' id='word_1_141' title='bbox 935 2008 989 2049; x_wconf 90' lang='lat' dir='ltr'><strong>et</strong></span> <span class='ocrx_word' id='word_1_142' title='bbox 1033 2014 1150 2049; x_wconf 92' lang='lat' dir='ltr'><strong>me-</strong></span> 
     </span>
     <span class='ocr_line' id='line_1_26' title="bbox 76 2067 1151 2134; baseline 0 -16"><span class='ocrx_word' id='word_1_143' title='bbox 76 2068 290 2129; x_wconf 87' lang='lat' dir='ltr'><strong>moria,</strong></span> <span class='ocrx_word' id='word_1_144' title='bbox 344 2068 499 2134; x_wconf 86' lang='lat' dir='ltr'><strong>quasi</strong></span> <span class='ocrx_word' id='word_1_145' title='bbox 554 2068 877 2118; x_wconf 86' lang='lat' dir='ltr'><strong>ruminanda</strong></span> <span class='ocrx_word' id='word_1_146' title='bbox 916 2078 969 2119; x_wconf 89' lang='lat' dir='ltr'><strong>et</strong></span> <span class='ocrx_word' id='word_1_147' title='bbox 1018 2067 1151 2118; x_wconf 90' lang='lat' dir='ltr'><strong>dili·-</strong></span> 
     </span>
     <span class='ocr_line' id='line_1_27' title="bbox 75 2138 1151 2204; baseline 0 -16"><span class='ocrx_word' id='word_1_148' title='bbox 75 2139 298 2204; x_wconf 88' lang='lat' dir='ltr'><strong>gentius</strong></span> <span class='ocrx_word' id='word_1_149' title='bbox 336 2138 642 2202; x_wconf 86' lang='lat' dir='ltr'><strong>scrutanda,</strong></span> <span class='ocrx_word' id='word_1_150' title='bbox 690 2138 1044 2199; x_wconf 86' lang='lat' dir='ltr'><strong>recondebat,</strong></span> <span class='ocrx_word' id='word_1_151' title='bbox 1089 2148 1151 2188; x_wconf 92' lang='lat' dir='ltr'><strong>ut</strong></span> 
     </span>
     <span class='ocr_line' id='line_1_28' title="bbox 56 2210 1152 2278; baseline 0.001 -16"><span class='ocrx_word' id='word_1_152' title='bbox 56 2221 318 2278; x_wconf 35' lang='lat' dir='ltr'><strong>,tempore</strong></span> <span class='ocrx_word' id='word_1_153' title='bbox 371 2226 470 2262; x_wconf 89' lang='lat' dir='ltr'><strong>suo</strong></span> <span class='ocrx_word' id='word_1_154' title='bbox 515 2210 766 2262; x_wconf 86' lang='lat' dir='ltr'><strong>universa</strong></span> <span class='ocrx_word' id='word_1_155' title='bbox 805 2221 964 2278; x_wconf 89' lang='lat' dir='ltr'><strong>prout</strong></span> <span class='ocrx_word' id='word_1_156' title='bbox 1003 2220 1152 2278; x_wconf 85' lang='lat' dir='ltr'><strong>gesta</strong></span> 
     </span>
     <span class='ocr_line' id='line_1_29' title="bbox 69 2282 1151 2349; baseline 0 -16"><span class='ocrx_word' id='word_1_157' title='bbox 69 2293 218 2333; x_wconf 86' lang='lat' dir='ltr'><strong>erant</strong></span> <span class='ocrx_word' id='word_1_158' title='bbox 252 2282 593 2348; x_wconf 87' lang='lat' dir='ltr'><strong>intelligeret,</strong></span> <span class='ocrx_word' id='word_1_159' title='bbox 620 2297 680 2333; x_wconf 88' lang='lat' dir='ltr'><strong>ac</strong></span> <span class='ocrx_word' id='word_1_160' title='bbox 709 2283 1061 2349; x_wconf 87' lang='lat' dir='ltr'><strong>Evangelistis</strong></span> <span class='ocrx_word' id='word_1_161' title='bbox 1098 2293 1151 2333; x_wconf 92' lang='lat' dir='ltr'><strong>et</strong></span> 
     </span>
     <span class='ocr_line' id='line_1_30' title="bbox 71 2352 1146 2419; baseline -0.001 -16"><span class='ocrx_word' id='word_1_162' title='bbox 71 2353 449 2419; x_wconf 82' lang='lat' dir='ltr'><strong>quaerentibus</strong></span> <span class='ocrx_word' id='word_1_163' title='bbox 480 2352 812 2403; x_wconf 85' lang='lat' dir='ltr'><strong>sufficienter</strong></span> <span class='ocrx_word' id='word_1_164' title='bbox 838 2353 1146 2418; x_wconf 82' lang='lat' dir='ltr'><strong>explicaret3</strong></span> 
     </span>
     <span class='ocr_line' id='line_1_31' title="bbox 69 2423 1152 2489; baseline 0 -16"><span class='ocrx_word' id='word_1_165' title='bbox 69 2434 122 2473; x_wconf 92' lang='lat' dir='ltr'><strong>et</strong></span> <span class='ocrx_word' id='word_1_166' title='bbox 161 2423 256 2474; x_wconf 89' lang='lat' dir='ltr'><strong>his</strong></span> <span class='ocrx_word' id='word_1_167' title='bbox 296 2433 555 2489; x_wconf 87' lang='lat' dir='ltr'><strong>tanquam</strong></span> <span class='ocrx_word' id='word_1_168' title='bbox 584 2423 771 2489; x_wconf 86' lang='lat' dir='ltr'><strong>regula</strong></span> <span class='ocrx_word' id='word_1_169' title='bbox 811 2432 865 2473; x_wconf 92' lang='lat' dir='ltr'><strong>et</strong></span> <span class='ocrx_word' id='word_1_170' title='bbox 900 2424 1016 2489; x_wconf 88' lang='lat' dir='ltr'><strong>lege</strong></span> <span class='ocrx_word' id='word_1_171' title='bbox 1056 2437 1152 2489; x_wconf 92' lang='lat' dir='ltr'><strong>per</strong></span> 
     </span>
     <span class='ocr_line' id='line_1_32' title="bbox 71 2494 1152 2553; baseline 0.001 -9"><span class='ocrx_word' id='word_1_172' title='bbox 71 2504 242 2544; x_wconf 88' lang='lat' dir='ltr'><strong>totam</strong></span> <span class='ocrx_word' id='word_1_173' title='bbox 290 2495 461 2545; x_wconf 89' lang='lat' dir='ltr'><strong>vitam</strong></span> <span class='ocrx_word' id='word_1_174' title='bbox 511 2494 792 2553; x_wconf 86' lang='lat' dir='ltr'><strong>utebatur,</strong></span> <span class='ocrx_word' id='word_1_175' title='bbox 842 2494 1040 2545; x_wconf 88' lang='lat' dir='ltr'><strong>docens</strong></span> <span class='ocrx_word' id='word_1_176' title='bbox 1088 2504 1152 2545; x_wconf 93' lang='lat' dir='ltr'><strong>ut</strong></span> 
     </span>
     <span class='ocr_line' id='line_1_33' title="bbox 71 2563 1148 2616; baseline 0 -2"><span class='ocrx_word' id='word_1_177' title='bbox 71 2580 171 2614; x_wconf 92' lang='lat' dir='ltr'><strong>nos</strong></span> <span class='ocrx_word' id='word_1_178' title='bbox 224 2565 415 2615; x_wconf 90' lang='lat' dir='ltr'><strong>crebra</strong></span> <span class='ocrx_word' id='word_1_179' title='bbox 469 2563 731 2614; x_wconf 88' lang='lat' dir='ltr'><strong>factorum</strong></span> <span class='ocrx_word' id='word_1_180' title='bbox 779 2574 832 2615; x_wconf 89' lang='lat' dir='ltr'><strong>et</strong></span> <span class='ocrx_word' id='word_1_181' title='bbox 883 2565 1148 2616; x_wconf 88' lang='lat' dir='ltr'><strong>dictorum</strong></span> 
     </span>
     <span class='ocr_line' id='line_1_34' title="bbox 68 2635 1150 2703; baseline 0.002 -18"><span class='ocrx_word' id='word_1_182' title='bbox 68 2636 296 2687; x_wconf 87' lang='lat' dir='ltr'><strong>Domini</strong></span> <span class='ocrx_word' id='word_1_183' title='bbox 389 2636 739 2686; x_wconf 81' lang='lat' dir='ltr'><strong>meditatione</strong></span> <span class='ocrx_word' id='word_1_184' title='bbox 818 2635 1150 2703; x_wconf 89' lang='lat' dir='ltr'><strong>importunas</strong></span> 
     </span>
     <span class='ocr_line' id='line_1_35' title="bbox 69 2709 1151 2775; baseline 0.001 -17"><span class='ocrx_word' id='word_1_185' title='bbox 69 2709 431 2775; x_wconf 85' lang='lat' dir='ltr'><strong>cogitationes</strong></span> <span class='ocrx_word' id='word_1_186' title='bbox 488 2709 811 2775; x_wconf 88' lang='lat' dir='ltr'><strong>repellamus</strong></span> <span class='ocrx_word' id='word_1_187' title='bbox 833 2747 848 2770; x_wconf 97' lang='lat'><strong>,</strong></span> <span class='ocrx_word' id='word_1_188' title='bbox 900 2719 954 2760; x_wconf 92' lang='lat' dir='ltr'><strong>et</strong></span> <span class='ocrx_word' id='word_1_189' title='bbox 1016 2710 1151 2760; x_wconf 88' lang='lat' dir='ltr'><strong>alios</strong></span> 
     </span>
     <span class='ocr_line' id='line_1_36' title="bbox 69 2779 1150 2848; baseline 0.002 -19"><span class='ocrx_word' id='word_1_190' title='bbox 69 2779 338 2832; x_wconf 89' lang='lat' dir='ltr'><strong>instruere</strong></span> <span class='ocrx_word' id='word_1_191' title='bbox 363 2780 686 2832; x_wconf 89' lang='lat' dir='ltr'><strong>laboremus.</strong></span> <span class='ocrx_word' id='word_1_192' title='bbox 718 2781 790 2832; x_wconf 89' lang='lat' dir='ltr'><strong>Et</strong></span> <span class='ocrx_word' id='word_1_193' title='bbox 812 2780 932 2831; x_wconf 93' lang='lat' dir='ltr'><strong>ideo</strong></span> <span class='ocrx_word' id='word_1_194' title='bbox 956 2780 1001 2830; x_wconf 91' lang='lat' dir='ltr'><strong>si</strong></span> <span class='ocrx_word' id='word_1_195' title='bbox 1025 2781 1150 2848; x_wconf 90' lang='lat' dir='ltr'><strong>quis</strong></span> 
     </span>
     <span class='ocr_line' id='line_1_37' title="bbox 69 2849 1148 2917; baseline 0.001 -18"><span class='ocrx_word' id='word_1_196' title='bbox 69 2849 278 2917; x_wconf 84' lang='lat' dir='ltr'><strong>indiget</strong></span> <span class='ocrx_word' id='word_1_197' title='bbox 327 2851 491 2902; x_wconf 91' lang='lat' dir='ltr'><strong>bonis</strong></span> <span class='ocrx_word' id='word_1_198' title='bbox 529 2852 890 2912; x_wconf 80' lang='lat' dir='ltr'><strong>sermonibuS,</strong></span> <span class='ocrx_word' id='word_1_199' title='bbox 921 2852 986 2901; x_wconf 90' lang='lat' dir='ltr'><strong>ad</strong></span> <span class='ocrx_word' id='word_1_200' title='bbox 1031 2867 1148 2901; x_wconf 91' lang='lat' dir='ltr'><strong>eam</strong></span> 
     </span>
     <span class='ocr_line' id='line_1_38' title="bbox 68 2923 1151 2990; baseline 0.001 -18"><span class='ocrx_word' id='word_1_201' title='bbox 68 2934 329 2984; x_wconf 88' lang='lat' dir='ltr'><strong>recurrat,</strong></span> <span class='ocrx_word' id='word_1_202' title='bbox 358 2924 487 2990; x_wconf 89' lang='lat' dir='ltr'><strong>quia</strong></span> <span class='ocrx_word' id='word_1_203' title='bbox 530 2923 667 2976; x_wconf 87' lang='lat' dir='ltr'><strong>facta</strong></span> <span class='ocrx_word' id='word_1_204' title='bbox 700 2934 754 2975; x_wconf 92' lang='lat' dir='ltr'><strong>et</strong></span> <span class='ocrx_word' id='word_1_205' title='bbox 783 2924 947 2975; x_wconf 87' lang='lat' dir='ltr'><strong>verba</strong></span> <span class='ocrx_word' id='word_1_206' title='bbox 984 2923 1151 2974; x_wconf 87' lang='lat' dir='ltr'><strong>Chri-</strong></span> 
     </span>
     <span class='ocr_line' id='line_1_39' title="bbox 65 2993 1153 3046; baseline 0.002 -3"><span class='ocrx_word' id='word_1_207' title='bbox 65 2994 135 3043; x_wconf 89' lang='lat' dir='ltr'><strong>sti</strong></span> <span class='ocrx_word' id='word_1_208' title='bbox 161 2993 223 3044; x_wconf 90' lang='lat' dir='ltr'><strong>in</strong></span> <span class='ocrx_word' id='word_1_209' title='bbox 264 2995 509 3045; x_wconf 88' lang='lat' dir='ltr'><strong>custodia</strong></span> <span class='ocrx_word' id='word_1_210' title='bbox 529 3005 825 3046; x_wconf 86' lang='lat' dir='ltr'><strong>conservat.</strong></span> <span class='ocrx_word' id='word_1_211' title='bbox 850 3022 913 3033; x_wconf 89' lang='lat'>—</span> <span class='ocrx_word' id='word_1_212' title='bbox 942 2994 1153 3045; x_wconf 88' lang='lat' dir='ltr'><strong>Morali-</strong></span> 
     </span>
     <span class='ocr_line' id='line_1_40' title="bbox 65 3063 1152 3132; baseline 0.001 -18"><span class='ocrx_word' id='word_1_213' title='bbox 65 3073 148 3114; x_wconf 89' lang='lat' dir='ltr'><strong>ter</strong></span> <span class='ocrx_word' id='word_1_214' title='bbox 165 3080 235 3115; x_wconf 83' lang='lat' dir='ltr'><strong>ex</strong></span> <span class='ocrx_word' id='word_1_215' title='bbox 261 3063 367 3115; x_wconf 88' lang='lat' dir='ltr'><strong>isto</strong></span> <span class='ocrx_word' id='word_1_216' title='bbox 390 3065 656 3117; x_wconf 87' lang='lat' dir='ltr'><strong>habemus</strong></span> <span class='ocrx_word' id='word_1_217' title='bbox 674 3066 1002 3132; x_wconf 84' lang='lat' dir='ltr'><strong>exemplum,</strong></span> <span class='ocrx_word' id='word_1_218' title='bbox 1025 3081 1152 3131; x_wconf 88' lang='lat' dir='ltr'><strong>qua-</strong></span> 
     </span>
     <span class='ocr_line' id='line_1_41' title="bbox 64 3134 1149 3198; baseline 0.003 -13"><span class='ocrx_word' id='word_1_219' title='bbox 64 3134 189 3185; x_wconf 89' lang='lat' dir='ltr'><strong>liter</strong></span> <span class='ocrx_word' id='word_1_220' title='bbox 230 3135 412 3186; x_wconf 89' lang='lat' dir='ltr'><strong>audiri</strong></span> <span class='ocrx_word' id='word_1_221' title='bbox 461 3137 691 3187; x_wconf 90' lang='lat' dir='ltr'><strong>debeant</strong></span> <span class='ocrx_word' id='word_1_222' title='bbox 729 3138 896 3188; x_wconf 76' lang='lat' dir='ltr'><strong>verba</strong></span> <span class='ocrx_word' id='word_1_223' title='bbox 941 3136 1149 3198; x_wconf 74' lang='lat' dir='ltr'><strong>divina,</strong></span> 
     </span>
     <span class='ocr_line' id='line_1_42' title="bbox 64 3208 1153 3271; baseline 0.004 -14"><span class='ocrx_word' id='word_1_224' title='bbox 64 3208 275 3259; x_wconf 89' lang='lat' dir='ltr'><strong>scilicet</strong></span> <span class='ocrx_word' id='word_1_225' title='bbox 310 3218 373 3259; x_wconf 88' lang='lat' dir='ltr'><strong>ut</strong></span> <span class='ocrx_word' id='word_1_226' title='bbox 406 3209 464 3259; x_wconf 94' lang='lat' dir='ltr'><strong>in</strong></span> <span class='ocrx_word' id='word_1_227' title='bbox 488 3211 648 3261; x_wconf 92' lang='lat' dir='ltr'><strong>corde</strong></span> <span class='ocrx_word' id='word_1_228' title='bbox 674 3220 1071 3271; x_wconf 87' lang='lat' dir='ltr'><strong>conserventur,</strong></span> <span class='ocrx_word' id='word_1_229' title='bbox 1101 3220 1153 3261; x_wconf 92' lang='lat' dir='ltr'><strong>et</strong></span> 
     </span>
     <span class='ocr_line' id='line_1_43' title="bbox 62 3276 1152 3342; baseline 0.003 -13"><span class='ocrx_word' id='word_1_230' title='bbox 62 3276 280 3330; x_wconf 85' lang='lat' dir='ltr'><strong>ibidem</strong></span> <span class='ocrx_word' id='word_1_231' title='bbox 308 3279 674 3342; x_wconf 89' lang='lat' dir='ltr'><strong>ruminentur,</strong></span> <span class='ocrx_word' id='word_1_232' title='bbox 706 3296 816 3332; x_wconf 90' lang='lat' dir='ltr'><strong>non</strong></span> <span class='ocrx_word' id='word_1_233' title='bbox 852 3290 914 3333; x_wconf 87' lang='lat' dir='ltr'><strong>ut</strong></span> <span class='ocrx_word' id='word_1_234' title='bbox 950 3280 1152 3332; x_wconf 87' lang='lat' dir='ltr'><strong>intrent</strong></span> 
     </span>
     <span class='ocr_line' id='line_1_44' title="bbox 60 3363 1153 3422; baseline 0.005 -21"><span class='ocrx_word' id='word_1_235' title='bbox 60 3365 163 3417; x_wconf 90' lang='lat' dir='ltr'><strong>per</strong></span> <span class='ocrx_word' id='word_1_236' title='bbox 215 3367 408 3404; x_wconf 90' lang='lat' dir='ltr'><strong>aurem</strong></span> <span class='ocrx_word' id='word_1_237' title='bbox 473 3368 641 3405; x_wconf 88' lang='lat' dir='ltr'><strong>unam</strong></span> <span class='ocrx_word' id='word_1_238' title='bbox 700 3364 755 3405; x_wconf 90' lang='lat' dir='ltr'><strong>et</strong></span> <span class='ocrx_word' id='word_1_239' title='bbox 813 3363 1002 3406; x_wconf 88' lang='lat' dir='ltr'><strong>exeant</strong></span> <span class='ocrx_word' id='word_1_240' title='bbox 1057 3370 1153 3422; x_wconf 90' lang='lat' dir='ltr'><strong>per</strong></span> 
     </span>
     <span class='ocr_line' id='line_1_45' title="bbox 60 3421 262 3474; baseline 0.01 -2"><span class='ocrx_word' id='word_1_241' title='bbox 60 3421 262 3474; x_wconf 87' lang='lat' dir='ltr'><strong>aliam.</strong></span> 
     </span>
    </p>

    <p class='ocr_par' dir='ltr' id='par_1_4' title="bbox 52 3495 1154 3926">
     <span class='ocr_line' id='line_1_46' title="bbox 135 3495 1153 3548; baseline 0.003 -3"><span class='ocrx_word' id='word_1_242' title='bbox 135 3495 205 3546; x_wconf 88' lang='lat'><strong>18</strong></span> <span class='ocrx_word' id='word_1_243' title='bbox 267 3496 570 3548; x_wconf 59' lang='lat' dir='ltr'><strong>Paos-tenna</strong></span> <span class='ocrx_word' id='word_1_244' title='bbox 610 3511 666 3547; x_wconf 78' lang='lat' dir='ltr'><strong>nt</strong></span> <span class='ocrx_word' id='word_1_245' title='bbox 713 3511 908 3548; x_wconf 61' lang='lat' dir='ltr'><strong>ona-rra</strong></span> <span class='ocrx_word' id='word_1_246' title='bbox 947 3512 1017 3547; x_wconf 75' lang='grc' dir='ltr'><strong>ετ</strong></span> <span class='ocrx_word' id='word_1_247' title='bbox 1056 3512 1153 3548; x_wconf 64' lang='lat' dir='ltr'><strong>sa-</strong></span> 
     </span>
     <span class='ocr_line' id='line_1_47' title="bbox 52 3579 1150 3628; baseline 0.001 -9"><span class='ocrx_word' id='word_1_248' title='bbox 52 3579 290 3619; x_wconf 64' lang='lat' dir='ltr'><strong>emm-u.</strong></span> <span class='ocrx_word' id='word_1_249' title='bbox 318 3584 517 3621; x_wconf 70' lang='lat' dir='ltr'><strong>port-:sr</strong></span> <span class='ocrx_word' id='word_1_250' title='bbox 557 3585 774 3628; x_wconf 59' lang='lat' dir='ltr'><strong>amotus</strong></span> <span class='ocrx_word' id='word_1_251' title='bbox 813 3585 1150 3620; x_wconf 69' lang='lat' dir='ltr'><strong>nurntctrnn.</strong></span> 
     </span>
     <span class='ocr_line' id='line_1_48' title="bbox 54 3642 1149 3711; baseline -0.002 -17"><span class='ocrx_word' id='word_1_252' title='bbox 54 3668 125 3680; x_wconf 88' lang='lat'><strong>—-</strong></span> <span class='ocrx_word' id='word_1_253' title='bbox 150 3642 244 3694; x_wconf 88' lang='lat' dir='ltr'><strong>Et</strong></span> <span class='ocrx_word' id='word_1_254' title='bbox 289 3642 457 3693; x_wconf 85' lang='lat' dir='ltr'><strong>Jesus</strong></span> <span class='ocrx_word' id='word_1_255' title='bbox 492 3643 818 3711; x_wconf 83' lang='lat' dir='ltr'><strong>proficiebat</strong></span> <span class='ocrx_word' id='word_1_256' title='bbox 863 3642 1149 3708; x_wconf 81' lang='lat' dir='ltr'><strong>sapientia,</strong></span> 
     </span>
     <span class='ocr_line' id='line_1_49' title="bbox 58 3714 1154 3782; baseline 0 -17"><span class='ocrx_word' id='word_1_257' title='bbox 58 3721 114 3765; x_wconf 87' lang='lat' dir='ltr'><strong>et</strong></span> <span class='ocrx_word' id='word_1_258' title='bbox 137 3720 338 3778; x_wconf 83' lang='lat' dir='ltr'><strong>aetate,</strong></span> <span class='ocrx_word' id='word_1_259' title='bbox 375 3722 426 3765; x_wconf 90' lang='lat' dir='ltr'><strong>et</strong></span> <span class='ocrx_word' id='word_1_260' title='bbox 466 3716 659 3782; x_wconf 81' lang='lat' dir='ltr'><strong>gratia</strong></span> <span class='ocrx_word' id='word_1_261' title='bbox 700 3714 850 3781; x_wconf 86' lang='lat' dir='ltr'><strong>apud</strong></span> <span class='ocrx_word' id='word_1_262' title='bbox 886 3715 1059 3765; x_wconf 84' lang='lat' dir='ltr'><strong>Deum</strong></span> <span class='ocrx_word' id='word_1_263' title='bbox 1101 3720 1154 3765; x_wconf 90' lang='lat' dir='ltr'><strong>et</strong></span> 
     </span>
     <span class='ocr_line' id='line_1_50' title="bbox 55 3786 1149 3856; baseline -0.001 -17"><span class='ocrx_word' id='word_1_264' title='bbox 55 3786 334 3840; x_wconf 79' lang='lat' dir='ltr'><strong>homines.</strong></span> <span class='ocrx_word' id='word_1_265' title='bbox 369 3789 524 3839; x_wconf 85' lang='lat' dir='ltr'><strong>AEtas</strong></span> <span class='ocrx_word' id='word_1_266' title='bbox 558 3788 793 3856; x_wconf 85' lang='lat' dir='ltr'><strong>pertinet</strong></span> <span class='ocrx_word' id='word_1_267' title='bbox 832 3787 900 3837; x_wconf 88' lang='lat' dir='ltr'><strong>ad</strong></span> <span class='ocrx_word' id='word_1_268' title='bbox 936 3803 1149 3854; x_wconf 76' lang='lat' dir='ltr'><strong>corpuS,</strong></span> 
     </span>
     <span class='ocr_line' id='line_1_51' title="bbox 52 3857 1152 3926; baseline -0.002 -16"><span class='ocrx_word' id='word_1_269' title='bbox 52 3858 342 3926; x_wconf 78' lang='lat' dir='ltr'><strong>sapientia</strong></span> <span class='ocrx_word' id='word_1_270' title='bbox 393 3859 460 3909; x_wconf 88' lang='lat' dir='ltr'><strong>ad</strong></span> <span class='ocrx_word' id='word_1_271' title='bbox 521 3859 761 3911; x_wconf 88' lang='lat' dir='ltr'><strong>animam</strong></span> <span class='ocrx_word' id='word_1_272' title='bbox 784 3897 800 3924; x_wconf 95' lang='lat'><strong>,</strong></span> <span class='ocrx_word' id='word_1_273' title='bbox 858 3857 1029 3926; x_wconf 86' lang='lat' dir='ltr'><strong>gratia</strong></span> <span class='ocrx_word' id='word_1_274' title='bbox 1085 3858 1152 3909; x_wconf 88' lang='lat' dir='ltr'><strong>ad</strong></span> 
     </span>
    </p>
   </div>
   <div class='ocr_carea' id='block_1_3' title="bbox 1238 3714 1650 3780">
    <p class='ocr_par' dir='ltr' id='par_1_5' title="bbox 1238 3714 1650 3780">
     <span class='ocr_line' id='line_1_52' title="bbox 1238 3714 1650 3780; baseline 0.005 -19"><span class='ocrx_word' id='word_1_275' title='bbox 1238 3714 1579 3780; x_wconf 72' lang='lat' dir='ltr'><strong>,Apostolum</strong></span> <span class='ocrx_word' id='word_1_276' title='bbox 1636 3729 1650 3763; x_wconf 70' lang='grc' dir='ltr'><strong>ε</strong></span> 
     </span>
    </p>
   </div>
   <div class='ocr_carea' id='block_1_4' title="bbox 2217 244 2313 311">
    <p class='ocr_par' dir='ltr' id='par_1_6' title="bbox 2217 244 2313 311">
     <span class='ocr_line' id='line_1_53' title="bbox 2217 244 2313 311; baseline 0 -16"><span class='ocrx_word' id='word_1_277' title='bbox 2217 244 2313 311; x_wconf 84' lang='lat'><strong>157</strong></span> 
     </span>
    </p>
   </div>
   <div class='ocr_carea' id='block_1_5' title="bbox 1241 355 2358 3921">
    <p class='ocr_par' dir='ltr' id='par_1_7' title="bbox 1241 355 2358 3921">
     <span class='ocr_line' id='line_1_54' title="bbox 1251 355 2317 424; baseline 0.005 -19"><span class='ocrx_word' id='word_1_278' title='bbox 1251 355 1535 424; x_wconf 89' lang='lat' dir='ltr'><strong>utriusque</strong></span> <span class='ocrx_word' id='word_1_279' title='bbox 1562 356 1819 421; x_wconf 81' lang='lat' dir='ltr'><strong>salutem3</strong></span> <span class='ocrx_word' id='word_1_280' title='bbox 1852 358 2162 423; x_wconf 86' lang='lat' dir='ltr'><strong>proficiebat</strong></span> <span class='ocrx_word' id='word_1_281' title='bbox 2202 360 2317 410; x_wconf 90' lang='lat' dir='ltr'><strong>uti-</strong></span> 
     </span>
     <span class='ocr_line' id='line_1_55' title="bbox 1249 428 2317 494; baseline 0.005 -17"><span class='ocrx_word' id='word_1_282' title='bbox 1249 444 1356 494; x_wconf 90' lang='lat' dir='ltr'><strong>que</strong></span> <span class='ocrx_word' id='word_1_283' title='bbox 1397 438 1576 489; x_wconf 86' lang='lat' dir='ltr'><strong>aetate,</strong></span> <span class='ocrx_word' id='word_1_284' title='bbox 1621 428 1759 478; x_wconf 89' lang='lat' dir='ltr'><strong>sicut</strong></span> <span class='ocrx_word' id='word_1_285' title='bbox 1805 428 1980 479; x_wconf 87' lang='lat' dir='ltr'><strong>carnis</strong></span> <span class='ocrx_word' id='word_1_286' title='bbox 2025 439 2105 480; x_wconf 87' lang='lat' dir='ltr'><strong>est</strong></span> <span class='ocrx_word' id='word_1_287' title='bbox 2145 431 2317 483; x_wconf 81' lang='lat' dir='ltr'><strong>aetatis</strong></span> 
     </span>
     <span class='ocr_line' id='line_1_56' title="bbox 1250 500 2318 568; baseline 0.005 -19"><span class='ocrx_word' id='word_1_288' title='bbox 1250 500 1581 551; x_wconf 87' lang='lat' dir='ltr'><strong>incrementa</strong></span> <span class='ocrx_word' id='word_1_289' title='bbox 1614 500 1913 566; x_wconf 79' lang='lat' dir='ltr'><strong>suscipere3</strong></span> <span class='ocrx_word' id='word_1_290' title='bbox 1954 501 2082 568; x_wconf 89' lang='lat' dir='ltr'><strong>quia</strong></span> <span class='ocrx_word' id='word_1_291' title='bbox 2118 504 2182 552; x_wconf 89' lang='lat' dir='ltr'><strong>de</strong></span> <span class='ocrx_word' id='word_1_292' title='bbox 2225 503 2318 553; x_wconf 90' lang='lat' dir='ltr'><strong>in-</strong></span> 
     </span>
     <span class='ocr_line' id='line_1_57' title="bbox 1249 570 2317 636; baseline 0.003 -17"><span class='ocrx_word' id='word_1_293' title='bbox 1249 570 1417 621; x_wconf 87' lang='lat' dir='ltr'><strong>fantia</strong></span> <span class='ocrx_word' id='word_1_294' title='bbox 1445 571 1511 620; x_wconf 87' lang='lat' dir='ltr'><strong>ad</strong></span> <span class='ocrx_word' id='word_1_295' title='bbox 1549 570 1853 636; x_wconf 88' lang='lat' dir='ltr'><strong>pueritiam,</strong></span> <span class='ocrx_word' id='word_1_296' title='bbox 1883 570 1950 621; x_wconf 91' lang='lat' dir='ltr'><strong>de</strong></span> <span class='ocrx_word' id='word_1_297' title='bbox 1982 571 2211 636; x_wconf 88' lang='lat' dir='ltr'><strong>pueritia</strong></span> <span class='ocrx_word' id='word_1_298' title='bbox 2250 573 2317 622; x_wconf 87' lang='lat' dir='ltr'><strong>ad</strong></span> 
     </span>
     <span class='ocr_line' id='line_1_58' title="bbox 1249 641 2318 706; baseline 0.002 -16"><span class='ocrx_word' id='word_1_299' title='bbox 1249 641 1612 706; x_wconf 88' lang='lat' dir='ltr'><strong>juventutem,</strong></span> <span class='ocrx_word' id='word_1_300' title='bbox 1679 650 1935 691; x_wconf 90' lang='lat' dir='ltr'><strong>consueto</strong></span> <span class='ocrx_word' id='word_1_301' title='bbox 2000 641 2318 693; x_wconf 88' lang='lat' dir='ltr'><strong>hominibus</strong></span> 
     </span>
     <span class='ocr_line' id='line_1_59' title="bbox 1248 711 2317 778; baseline 0.001 -17"><span class='ocrx_word' id='word_1_302' title='bbox 1248 711 1520 762; x_wconf 88' lang='lat' dir='ltr'><strong>crescendi</strong></span> <span class='ocrx_word' id='word_1_303' title='bbox 1548 712 1735 762; x_wconf 89' lang='lat' dir='ltr'><strong>ordine</strong></span> <span class='ocrx_word' id='word_1_304' title='bbox 1767 711 2025 778; x_wconf 89' lang='lat' dir='ltr'><strong>pervenit.</strong></span> <span class='ocrx_word' id='word_1_305' title='bbox 2062 713 2224 762; x_wconf 89' lang='lat' dir='ltr'><strong>Porro</strong></span> <span class='ocrx_word' id='word_1_306' title='bbox 2258 712 2317 762; x_wconf 92' lang='lat' dir='ltr'><strong>in</strong></span> 
     </span>
     <span class='ocr_line' id='line_1_60' title="bbox 1247 781 2319 849; baseline 0.003 -17"><span class='ocrx_word' id='word_1_307' title='bbox 1247 781 1513 847; x_wconf 84' lang='lat' dir='ltr'><strong>sapientia</strong></span> <span class='ocrx_word' id='word_1_308' title='bbox 1567 792 1620 832; x_wconf 91' lang='lat' dir='ltr'><strong>et</strong></span> <span class='ocrx_word' id='word_1_309' title='bbox 1671 782 1838 847; x_wconf 88' lang='lat' dir='ltr'><strong>gratia</strong></span> <span class='ocrx_word' id='word_1_310' title='bbox 1893 792 2069 848; x_wconf 90' lang='lat' dir='ltr'><strong>potest</strong></span> <span class='ocrx_word' id='word_1_311' title='bbox 2120 783 2319 849; x_wconf 87' lang='lat' dir='ltr'><strong>aliquis</strong></span> 
     </span>
     <span class='ocr_line' id='line_1_61' title="bbox 1248 850 2319 919; baseline 0.003 -18"><span class='ocrx_word' id='word_1_312' title='bbox 1248 850 1503 917; x_wconf 86' lang='lat' dir='ltr'><strong>proficere</strong></span> <span class='ocrx_word' id='word_1_313' title='bbox 1543 853 1842 919; x_wconf 88' lang='lat' dir='ltr'><strong>dupliciter.</strong></span> <span class='ocrx_word' id='word_1_314' title='bbox 1874 853 1995 903; x_wconf 93' lang='lat' dir='ltr'><strong>Uno</strong></span> <span class='ocrx_word' id='word_1_315' title='bbox 2035 854 2199 903; x_wconf 92' lang='lat' dir='ltr'><strong>modo</strong></span> <span class='ocrx_word' id='word_1_316' title='bbox 2226 870 2319 905; x_wconf 89' lang='lat' dir='ltr'><strong>se-</strong></span> 
     </span>
     <span class='ocr_line' id='line_1_62' title="bbox 1249 922 2319 989; baseline 0.001 -15"><span class='ocrx_word' id='word_1_317' title='bbox 1249 923 1486 974; x_wconf 90' lang='lat' dir='ltr'><strong>cundum</strong></span> <span class='ocrx_word' id='word_1_318' title='bbox 1520 922 1667 989; x_wconf 91' lang='lat' dir='ltr'><strong>ipsos</strong></span> <span class='ocrx_word' id='word_1_319' title='bbox 1707 923 1927 974; x_wconf 90' lang='lat' dir='ltr'><strong>habitus</strong></span> <span class='ocrx_word' id='word_1_320' title='bbox 1958 924 2233 989; x_wconf 87' lang='lat' dir='ltr'><strong>sapientiae</strong></span> <span class='ocrx_word' id='word_1_321' title='bbox 2268 934 2319 975; x_wconf 92' lang='lat' dir='ltr'><strong>et</strong></span> 
     </span>
     <span class='ocr_line' id='line_1_63' title="bbox 1248 994 2319 1060; baseline 0.003 -16"><span class='ocrx_word' id='word_1_322' title='bbox 1248 994 1430 1060; x_wconf 86' lang='lat' dir='ltr'><strong>gratiae</strong></span> <span class='ocrx_word' id='word_1_323' title='bbox 1452 1003 1843 1059; x_wconf 77' lang='lat' dir='ltr'><strong>augmentatOS,</strong></span> <span class='ocrx_word' id='word_1_324' title='bbox 1874 1004 1927 1044; x_wconf 92' lang='lat' dir='ltr'><strong>et</strong></span> <span class='ocrx_word' id='word_1_325' title='bbox 1960 994 2037 1044; x_wconf 89' lang='lat' dir='ltr'><strong>sic</strong></span> <span class='ocrx_word' id='word_1_326' title='bbox 2063 994 2319 1047; x_wconf 87' lang='lat' dir='ltr'><strong>Christus</strong></span> 
     </span>
     <span class='ocr_line' id='line_1_64' title="bbox 1249 1062 2321 1130; baseline 0.002 -17"><span class='ocrx_word' id='word_1_327' title='bbox 1249 1064 1308 1113; x_wconf 91' lang='lat' dir='ltr'><strong>in</strong></span> <span class='ocrx_word' id='word_1_328' title='bbox 1336 1064 1417 1114; x_wconf 91' lang='lat' dir='ltr'><strong>eis</strong></span> <span class='ocrx_word' id='word_1_329' title='bbox 1454 1080 1564 1113; x_wconf 92' lang='lat' dir='ltr'><strong>non</strong></span> <span class='ocrx_word' id='word_1_330' title='bbox 1593 1062 1929 1129; x_wconf 79' lang='lat' dir='ltr'><strong>proficiebat3</strong></span> <span class='ocrx_word' id='word_1_331' title='bbox 1970 1079 2098 1130; x_wconf 77' lang='lat' dir='ltr'><strong>quia</strong></span> <span class='ocrx_word' id='word_1_332' title='bbox 2136 1065 2204 1114; x_wconf 87' lang='lat' dir='ltr'><strong>ab</strong></span> <span class='ocrx_word' id='word_1_333' title='bbox 2230 1065 2321 1115; x_wconf 77' lang='lat' dir='ltr'><strong>in·-</strong></span> 
     </span>
     <span class='ocr_line' id='line_1_65' title="bbox 1249 1134 2321 1202; baseline 0.003 -18"><span class='ocrx_word' id='word_1_334' title='bbox 1249 1134 1412 1185; x_wconf 85' lang='lat' dir='ltr'><strong>stanti</strong></span> <span class='ocrx_word' id='word_1_335' title='bbox 1442 1134 1822 1200; x_wconf 88' lang='lat' dir='ltr'><strong>conceptionis,</strong></span> <span class='ocrx_word' id='word_1_336' title='bbox 1850 1135 2113 1200; x_wconf 89' lang='lat' dir='ltr'><strong>sapientia</strong></span> <span class='ocrx_word' id='word_1_337' title='bbox 2135 1144 2186 1186; x_wconf 91' lang='lat' dir='ltr'><strong>et</strong></span> <span class='ocrx_word' id='word_1_338' title='bbox 2209 1152 2321 1202; x_wconf 82' lang='lat' dir='ltr'><strong>gra·</strong></span> 
     </span>
     <span class='ocr_line' id='line_1_66' title="bbox 1248 1205 2320 1272; baseline 0.002 -15"><span class='ocrx_word' id='word_1_339' title='bbox 1248 1207 1324 1257; x_wconf 90' lang='lat' dir='ltr'><strong>tia</strong></span> <span class='ocrx_word' id='word_1_340' title='bbox 1368 1208 1563 1272; x_wconf 89' lang='lat' dir='ltr'><strong>plenus</strong></span> <span class='ocrx_word' id='word_1_341' title='bbox 1609 1205 1729 1257; x_wconf 84' lang='lat' dir='ltr'><strong>fuit.</strong></span> <span class='ocrx_word' id='word_1_342' title='bbox 1763 1206 1888 1256; x_wconf 85' lang='lat' dir='ltr'><strong>Alio</strong></span> <span class='ocrx_word' id='word_1_343' title='bbox 1925 1208 2087 1257; x_wconf 92' lang='lat' dir='ltr'><strong>modo</strong></span> <span class='ocrx_word' id='word_1_344' title='bbox 2123 1223 2320 1259; x_wconf 89' lang='lat' dir='ltr'><strong>secun-</strong></span> 
     </span>
     <span class='ocr_line' id='line_1_67' title="bbox 1250 1278 2320 1344; baseline 0.002 -15"><span class='ocrx_word' id='word_1_345' title='bbox 1250 1280 1380 1329; x_wconf 88' lang='lat' dir='ltr'><strong>dum</strong></span> <span class='ocrx_word' id='word_1_346' title='bbox 1420 1278 1654 1339; x_wconf 85' lang='lat' dir='ltr'><strong>effectus,</strong></span> <span class='ocrx_word' id='word_1_347' title='bbox 1699 1278 1755 1327; x_wconf 91' lang='lat' dir='ltr'><strong>in</strong></span> <span class='ocrx_word' id='word_1_348' title='bbox 1805 1288 2069 1344; x_wconf 89' lang='lat' dir='ltr'><strong>quantum</strong></span> <span class='ocrx_word' id='word_1_349' title='bbox 2117 1279 2320 1331; x_wconf 90' lang='lat' dir='ltr'><strong>scilicet</strong></span> 
     </span>
     <span class='ocr_line' id='line_1_68' title="bbox 1249 1351 2320 1418; baseline 0.001 -16"><span class='ocrx_word' id='word_1_350' title='bbox 1249 1351 1457 1418; x_wconf 87' lang='lat' dir='ltr'><strong>aliquid</strong></span> <span class='ocrx_word' id='word_1_351' title='bbox 1515 1351 1842 1417; x_wconf 89' lang='lat' dir='ltr'><strong>sapientiora</strong></span> <span class='ocrx_word' id='word_1_352' title='bbox 1896 1361 1949 1401; x_wconf 90' lang='lat' dir='ltr'><strong>et</strong></span> <span class='ocrx_word' id='word_1_353' title='bbox 1997 1352 2320 1403; x_wconf 87' lang='lat' dir='ltr'><strong>virtuosiora</strong></span> 
     </span>
     <span class='ocr_line' id='line_1_69' title="bbox 1251 1422 2320 1493; baseline 0.001 -19"><span class='ocrx_word' id='word_1_354' title='bbox 1251 1439 1413 1490; x_wconf 89' lang='lat' dir='ltr'><strong>opera</strong></span> <span class='ocrx_word' id='word_1_355' title='bbox 1453 1422 1610 1486; x_wconf 80' lang='lat' dir='ltr'><strong>facit3</strong></span> <span class='ocrx_word' id='word_1_356' title='bbox 1645 1434 1697 1474; x_wconf 89' lang='lat' dir='ltr'><strong>et</strong></span> <span class='ocrx_word' id='word_1_357' title='bbox 1742 1423 1820 1474; x_wconf 88' lang='lat' dir='ltr'><strong>sic</strong></span> <span class='ocrx_word' id='word_1_358' title='bbox 1853 1423 2105 1475; x_wconf 89' lang='lat' dir='ltr'><strong>Christus</strong></span> <span class='ocrx_word' id='word_1_359' title='bbox 2137 1426 2320 1493; x_wconf 85' lang='lat' dir='ltr'><strong>profi-</strong></span> 
     </span>
     <span class='ocr_line' id='line_1_70' title="bbox 1251 1494 2323 1560; baseline 0.002 -16"><span class='ocrx_word' id='word_1_360' title='bbox 1251 1494 1424 1545; x_wconf 80' lang='lat' dir='ltr'><strong>ciebat</strong></span> <span class='ocrx_word' id='word_1_361' title='bbox 1464 1494 1732 1560; x_wconf 83' lang='lat' dir='ltr'><strong>sapientia</strong></span> <span class='ocrx_word' id='word_1_362' title='bbox 1771 1500 1824 1544; x_wconf 89' lang='lat' dir='ltr'><strong>et</strong></span> <span class='ocrx_word' id='word_1_363' title='bbox 1858 1494 2065 1560; x_wconf 82' lang='lat' dir='ltr'><strong>gratia,</strong></span> <span class='ocrx_word' id='word_1_364' title='bbox 2098 1495 2238 1545; x_wconf 89' lang='lat' dir='ltr'><strong>sicut</strong></span> <span class='ocrx_word' id='word_1_365' title='bbox 2269 1505 2323 1546; x_wconf 92' lang='lat' dir='ltr'><strong>et</strong></span> 
     </span>
     <span class='ocr_line' id='line_1_71' title="bbox 1251 1565 2320 1632; baseline 0.002 -16"><span class='ocrx_word' id='word_1_366' title='bbox 1251 1571 1429 1627; x_wconf 81' lang='lat' dir='ltr'><strong>aetate,</strong></span> <span class='ocrx_word' id='word_1_367' title='bbox 1459 1565 1756 1615; x_wconf 88' lang='lat' dir='ltr'><strong>secundum</strong></span> <span class='ocrx_word' id='word_1_368' title='bbox 1797 1565 1943 1631; x_wconf 87' lang='lat' dir='ltr'><strong>quod</strong></span> <span class='ocrx_word' id='word_1_369' title='bbox 1974 1581 2069 1630; x_wconf 90' lang='lat' dir='ltr'><strong>per</strong></span> <span class='ocrx_word' id='word_1_370' title='bbox 2100 1582 2320 1632; x_wconf 89' lang='lat' dir='ltr'><strong>proces-</strong></span> 
     </span>
     <span class='ocr_line' id='line_1_72' title="bbox 1251 1635 2322 1702; baseline 0.003 -17"><span class='ocrx_word' id='word_1_371' title='bbox 1251 1651 1373 1686; x_wconf 90' lang='lat' dir='ltr'><strong>sum</strong></span> <span class='ocrx_word' id='word_1_372' title='bbox 1411 1635 1583 1686; x_wconf 85' lang='lat' dir='ltr'><strong>aetatis</strong></span> <span class='ocrx_word' id='word_1_373' title='bbox 1620 1635 1932 1702; x_wconf 86' lang='lat' dir='ltr'><strong>perfectiora</strong></span> <span class='ocrx_word' id='word_1_374' title='bbox 1961 1652 2123 1702; x_wconf 86' lang='lat' dir='ltr'><strong>opera</strong></span> <span class='ocrx_word' id='word_1_375' title='bbox 2158 1638 2322 1689; x_wconf 83' lang='lat' dir='ltr'><strong>facie-</strong></span> 
     </span>
     <span class='ocr_line' id='line_1_73' title="bbox 1251 1708 2322 1780; baseline 0.003 -21"><span class='ocrx_word' id='word_1_376' title='bbox 1251 1710 1358 1769; x_wconf 90' lang='lat' dir='ltr'><strong>bat,</strong></span> <span class='ocrx_word' id='word_1_377' title='bbox 1398 1708 1455 1759; x_wconf 89' lang='lat' dir='ltr'><strong>in</strong></span> <span class='ocrx_word' id='word_1_378' title='bbox 1499 1709 1588 1759; x_wconf 90' lang='lat' dir='ltr'><strong>his</strong></span> <span class='ocrx_word' id='word_1_379' title='bbox 1628 1725 1749 1780; x_wconf 90' lang='lat' dir='ltr'><strong>quae</strong></span> <span class='ocrx_word' id='word_1_380' title='bbox 1788 1718 1916 1760; x_wconf 91' lang='lat' dir='ltr'><strong>sunt</strong></span> <span class='ocrx_word' id='word_1_381' title='bbox 1951 1711 2017 1760; x_wconf 92' lang='lat' dir='ltr'><strong>ad</strong></span> <span class='ocrx_word' id='word_1_382' title='bbox 2059 1711 2233 1761; x_wconf 88' lang='lat' dir='ltr'><strong>Deum</strong></span> <span class='ocrx_word' id='word_1_383' title='bbox 2268 1721 2322 1763; x_wconf 90' lang='lat' dir='ltr'><strong>et</strong></span> 
     </span>
     <span class='ocr_line' id='line_1_74' title="bbox 1251 1780 2322 1847; baseline 0 -17"><span class='ocrx_word' id='word_1_384' title='bbox 1251 1781 1316 1830; x_wconf 89' lang='lat' dir='ltr'><strong>ad</strong></span> <span class='ocrx_word' id='word_1_385' title='bbox 1347 1780 1626 1844; x_wconf 81' lang='lat' dir='ltr'><strong>homines3</strong></span> <span class='ocrx_word' id='word_1_386' title='bbox 1666 1789 1719 1830; x_wconf 92' lang='lat' dir='ltr'><strong>et</strong></span> <span class='ocrx_word' id='word_1_387' title='bbox 1747 1780 1850 1830; x_wconf 92' lang='lat' dir='ltr'><strong>hoc</strong></span> <span class='ocrx_word' id='word_1_388' title='bbox 1875 1790 1956 1830; x_wconf 91' lang='lat' dir='ltr'><strong>est</strong></span> <span class='ocrx_word' id='word_1_389' title='bbox 1988 1781 2135 1847; x_wconf 89' lang='lat' dir='ltr'><strong>quod</strong></span> <span class='ocrx_word' id='word_1_390' title='bbox 2165 1781 2322 1831; x_wconf 87' lang='lat' dir='ltr'><strong>addi-</strong></span> 
     </span>
     <span class='ocr_line' id='line_1_75' title="bbox 1252 1852 2321 1919; baseline 0.001 -18"><span class='ocrx_word' id='word_1_391' title='bbox 1252 1861 1375 1911; x_wconf 89' lang='lat' dir='ltr'><strong>tur,</strong></span> <span class='ocrx_word' id='word_1_392' title='bbox 1435 1852 1583 1919; x_wconf 82' lang='lat' dir='ltr'><strong>apud</strong></span> <span class='ocrx_word' id='word_1_393' title='bbox 1622 1853 1795 1903; x_wconf 87' lang='lat' dir='ltr'><strong>Deum</strong></span> <span class='ocrx_word' id='word_1_394' title='bbox 1839 1859 1891 1904; x_wconf 89' lang='lat' dir='ltr'><strong>et</strong></span> <span class='ocrx_word' id='word_1_395' title='bbox 1930 1853 2183 1903; x_wconf 87' lang='lat' dir='ltr'><strong>homines.</strong></span> <span class='ocrx_word' id='word_1_396' title='bbox 2222 1853 2321 1902; x_wconf 89' lang='lat' dir='ltr'><strong>Vel</strong></span> 
     </span>
     <span class='ocr_line' id='line_1_76' title="bbox 1251 1921 2321 1988; baseline 0.003 -18"><span class='ocrx_word' id='word_1_397' title='bbox 1251 1921 1407 1971; x_wconf 85' lang='lat' dir='ltr'><strong>aliter</strong></span> <span class='ocrx_word' id='word_1_398' title='bbox 1434 1923 1733 1972; x_wconf 87' lang='lat' dir='ltr'><strong>secundum</strong></span> <span class='ocrx_word' id='word_1_399' title='bbox 1776 1923 2144 1985; x_wconf 78' lang='lat' dir='ltr'><strong>Ambrosium,</strong></span> <span class='ocrx_word' id='word_1_400' title='bbox 2181 1938 2321 1988; x_wconf 85' lang='lat' dir='ltr'><strong>pro-</strong></span> 
     </span>
     <span class='ocr_line' id='line_1_77' title="bbox 1241 1994 2321 2062; baseline 0.002 -18"><span class='ocrx_word' id='word_1_401' title='bbox 1241 1994 1465 2061; x_wconf 81' lang='lat' dir='ltr'><strong>ficiebat</strong></span> <span class='ocrx_word' id='word_1_402' title='bbox 1499 1996 1764 2062; x_wconf 82' lang='lat' dir='ltr'><strong>sapientia</strong></span> <span class='ocrx_word' id='word_1_403' title='bbox 1794 1997 1971 2062; x_wconf 86' lang='lat' dir='ltr'><strong>quoad</strong></span> <span class='ocrx_word' id='word_1_404' title='bbox 2005 1996 2321 2047; x_wconf 89' lang='lat' dir='ltr'><strong>manifesta-</strong></span> 
     </span>
     <span class='ocr_line' id='line_1_78' title="bbox 1252 2068 2319 2136; baseline 0.001 -18"><span class='ocrx_word' id='word_1_405' title='bbox 1252 2068 1457 2119; x_wconf 90' lang='lat' dir='ltr'><strong>tionem</strong></span> <span class='ocrx_word' id='word_1_406' title='bbox 1506 2079 1557 2120; x_wconf 90' lang='lat' dir='ltr'><strong>et</strong></span> <span class='ocrx_word' id='word_1_407' title='bbox 1597 2085 1760 2120; x_wconf 87' lang='lat' dir='ltr'><strong>usum</strong></span> <span class='ocrx_word' id='word_1_408' title='bbox 1798 2071 1940 2135; x_wconf 89' lang='lat' dir='ltr'><strong>ejus,</strong></span> <span class='ocrx_word' id='word_1_409' title='bbox 1989 2069 2117 2136; x_wconf 88' lang='lat' dir='ltr'><strong>quia</strong></span> <span class='ocrx_word' id='word_1_410' title='bbox 2166 2085 2319 2120; x_wconf 91' lang='lat' dir='ltr'><strong>suam</strong></span> 
     </span>
     <span class='ocr_line' id='line_1_79' title="bbox 1253 2139 2323 2205; baseline 0 -16"><span class='ocrx_word' id='word_1_411' title='bbox 1253 2139 1572 2205; x_wconf 85' lang='lat' dir='ltr'><strong>sapientiam</strong></span> <span class='ocrx_word' id='word_1_412' title='bbox 1604 2148 1656 2189; x_wconf 90' lang='lat' dir='ltr'><strong>et</strong></span> <span class='ocrx_word' id='word_1_413' title='bbox 1679 2139 1903 2205; x_wconf 86' lang='lat' dir='ltr'><strong>gratiam</strong></span> <span class='ocrx_word' id='word_1_414' title='bbox 1927 2140 2185 2205; x_wconf 90' lang='lat' dir='ltr'><strong>paulatim</strong></span> <span class='ocrx_word' id='word_1_415' title='bbox 2214 2154 2323 2189; x_wconf 90' lang='lat' dir='ltr'><strong>ma-</strong></span> 
     </span>
     <span class='ocr_line' id='line_1_80' title="bbox 1253 2209 2322 2277; baseline 0 -17"><span class='ocrx_word' id='word_1_416' title='bbox 1253 2210 1337 2277; x_wconf 89' lang='lat' dir='ltr'><strong>gis</strong></span> <span class='ocrx_word' id='word_1_417' title='bbox 1358 2220 1413 2261; x_wconf 91' lang='lat' dir='ltr'><strong>et</strong></span> <span class='ocrx_word' id='word_1_418' title='bbox 1437 2210 1609 2276; x_wconf 88' lang='lat' dir='ltr'><strong>magis</strong></span> <span class='ocrx_word' id='word_1_419' title='bbox 1630 2209 1992 2276; x_wconf 87' lang='lat' dir='ltr'><strong>patefaciebat.</strong></span> <span class='ocrx_word' id='word_1_420' title='bbox 2017 2209 2115 2260; x_wconf 91' lang='lat' dir='ltr'><strong>Vel</strong></span> <span class='ocrx_word' id='word_1_421' title='bbox 2138 2223 2322 2261; x_wconf 89' lang='lat' dir='ltr'><strong>secun·</strong></span> 
     </span>
     <span class='ocr_line' id='line_1_81' title="bbox 1253 2280 2318 2348; baseline -0.001 -16"><span class='ocrx_word' id='word_1_422' title='bbox 1253 2284 1385 2332; x_wconf 89' lang='lat' dir='ltr'><strong>dum</strong></span> <span class='ocrx_word' id='word_1_423' title='bbox 1408 2282 1756 2348; x_wconf 80' lang='lat' dir='ltr'><strong>Gregorium,</strong></span> <span class='ocrx_word' id='word_1_424' title='bbox 1779 2280 2086 2348; x_wconf 87' lang='lat' dir='ltr'><strong>proficiebat</strong></span> <span class='ocrx_word' id='word_1_425' title='bbox 2110 2282 2167 2331; x_wconf 92' lang='lat' dir='ltr'><strong>in</strong></span> <span class='ocrx_word' id='word_1_426' title='bbox 2192 2281 2318 2343; x_wconf 89' lang='lat' dir='ltr'><strong>illis,</strong></span> 
     </span>
     <span class='ocr_line' id='line_1_82' title="bbox 1253 2352 2321 2420; baseline 0 -16"><span class='ocrx_word' id='word_1_427' title='bbox 1253 2354 1347 2420; x_wconf 91' lang='lat' dir='ltr'><strong>qui</strong></span> <span class='ocrx_word' id='word_1_428' title='bbox 1377 2353 1618 2404; x_wconf 86' lang='lat' dir='ltr'><strong>doctrina</strong></span> <span class='ocrx_word' id='word_1_429' title='bbox 1659 2353 1773 2418; x_wconf 87' lang='lat' dir='ltr'><strong>ejus</strong></span> <span class='ocrx_word' id='word_1_430' title='bbox 1818 2362 1870 2403; x_wconf 92' lang='lat' dir='ltr'><strong>et</strong></span> <span class='ocrx_word' id='word_1_431' title='bbox 1907 2352 2153 2418; x_wconf 88' lang='lat' dir='ltr'><strong>exemplo</strong></span> <span class='ocrx_word' id='word_1_432' title='bbox 2193 2369 2321 2419; x_wconf 94' lang='lat' dir='ltr'><strong>pro-</strong></span> 
     </span>
     <span class='ocr_line' id='line_1_83' title="bbox 1252 2426 2321 2492; baseline 0 -15"><span class='ocrx_word' id='word_1_433' title='bbox 1252 2428 1520 2487; x_wconf 89' lang='lat' dir='ltr'><strong>ficiebant,</strong></span> <span class='ocrx_word' id='word_1_434' title='bbox 1550 2426 1691 2477; x_wconf 92' lang='lat' dir='ltr'><strong>sicut</strong></span> <span class='ocrx_word' id='word_1_435' title='bbox 1725 2426 1980 2492; x_wconf 87' lang='lat' dir='ltr'><strong>magister</strong></span> <span class='ocrx_word' id='word_1_436' title='bbox 2014 2426 2070 2476; x_wconf 89' lang='lat' dir='ltr'><strong>in</strong></span> <span class='ocrx_word' id='word_1_437' title='bbox 2107 2427 2321 2477; x_wconf 88' lang='lat' dir='ltr'><strong>schola-</strong></span> 
     </span>
     <span class='ocr_line' id='line_1_84' title="bbox 1253 2497 2320 2565; baseline 0 -16"><span class='ocrx_word' id='word_1_438' title='bbox 1253 2499 1406 2549; x_wconf 93' lang='lat' dir='ltr'><strong>ribus</strong></span> <span class='ocrx_word' id='word_1_439' title='bbox 1434 2498 1629 2549; x_wconf 90' lang='lat' dir='ltr'><strong>dicitur</strong></span> <span class='ocrx_word' id='word_1_440' title='bbox 1656 2497 1930 2564; x_wconf 88' lang='lat' dir='ltr'><strong>proficere,</strong></span> <span class='ocrx_word' id='word_1_441' title='bbox 1952 2498 2080 2565; x_wconf 88' lang='lat' dir='ltr'><strong>quia</strong></span> <span class='ocrx_word' id='word_1_442' title='bbox 2104 2499 2320 2550; x_wconf 88' lang='lat' dir='ltr'><strong>schola-</strong></span> 
     </span>
     <span class='ocr_line' id='line_1_85' title="bbox 1254 2567 2322 2635; baseline 0 -16"><span class='ocrx_word' id='word_1_443' title='bbox 1254 2584 1338 2619; x_wconf 90' lang='lat' dir='ltr'><strong>res</strong></span> <span class='ocrx_word' id='word_1_444' title='bbox 1367 2570 1470 2620; x_wconf 91' lang='lat' dir='ltr'><strong>sub</strong></span> <span class='ocrx_word' id='word_1_445' title='bbox 1502 2586 1565 2620; x_wconf 92' lang='lat' dir='ltr'><strong>eo</strong></span> <span class='ocrx_word' id='word_1_446' title='bbox 1600 2567 1904 2634; x_wconf 87' lang='lat' dir='ltr'><strong>proficiunt.</strong></span> <span class='ocrx_word' id='word_1_447' title='bbox 1930 2568 2001 2618; x_wconf 89' lang='lat' dir='ltr'><strong>Et</strong></span> <span class='ocrx_word' id='word_1_448' title='bbox 2034 2568 2137 2619; x_wconf 87' lang='lat' dir='ltr'><strong>hoc</strong></span> <span class='ocrx_word' id='word_1_449' title='bbox 2173 2569 2322 2635; x_wconf 84' lang='lat' dir='ltr'><strong>apud</strong></span> 
     </span>
     <span class='ocr_line' id='line_1_86' title="bbox 1252 2640 2323 2704; baseline 0 -13"><span class='ocrx_word' id='word_1_450' title='bbox 1252 2642 1444 2704; x_wconf 86' lang='lat' dir='ltr'><strong>Deum,</strong></span> <span class='ocrx_word' id='word_1_451' title='bbox 1493 2641 1548 2692; x_wconf 90' lang='lat' dir='ltr'><strong>id</strong></span> <span class='ocrx_word' id='word_1_452' title='bbox 1598 2650 1697 2701; x_wconf 89' lang='lat' dir='ltr'><strong>est,</strong></span> <span class='ocrx_word' id='word_1_453' title='bbox 1744 2640 1811 2689; x_wconf 89' lang='lat' dir='ltr'><strong>ad</strong></span> <span class='ocrx_word' id='word_1_454' title='bbox 1856 2640 2069 2690; x_wconf 89' lang='lat' dir='ltr'><strong>laudem</strong></span> <span class='ocrx_word' id='word_1_455' title='bbox 2105 2640 2223 2701; x_wconf 90' lang='lat' dir='ltr'><strong>Dei,</strong></span> <span class='ocrx_word' id='word_1_456' title='bbox 2271 2647 2323 2691; x_wconf 87' lang='lat' dir='ltr'><strong>et</strong></span> 
     </span>
     <span class='ocr_line' id='line_1_87' title="bbox 1253 2710 2320 2779; baseline -0.002 -15"><span class='ocrx_word' id='word_1_457' title='bbox 1253 2714 1401 2779; x_wconf 83' lang='lat' dir='ltr'><strong>apud</strong></span> <span class='ocrx_word' id='word_1_458' title='bbox 1432 2712 1685 2773; x_wconf 86' lang='lat' dir='ltr'><strong>homines,</strong></span> <span class='ocrx_word' id='word_1_459' title='bbox 1727 2710 1782 2762; x_wconf 90' lang='lat' dir='ltr'><strong>id</strong></span> <span class='ocrx_word' id='word_1_460' title='bbox 1822 2721 1901 2762; x_wconf 89' lang='lat' dir='ltr'><strong>est</strong></span> <span class='ocrx_word' id='word_1_461' title='bbox 1934 2713 1999 2761; x_wconf 93' lang='lat' dir='ltr'><strong>ad</strong></span> <span class='ocrx_word' id='word_1_462' title='bbox 2032 2711 2320 2762; x_wconf 87' lang='lat' dir='ltr'><strong>utilitatem</strong></span> 
     </span>
     <span class='ocr_line' id='line_1_88' title="bbox 1254 2781 2323 2847; baseline -0.001 -14"><span class='ocrx_word' id='word_1_463' title='bbox 1254 2783 1574 2847; x_wconf 81' lang='lat' dir='ltr'><strong>hominum3</strong></span> <span class='ocrx_word' id='word_1_464' title='bbox 1605 2783 1690 2833; x_wconf 85' lang='lat' dir='ltr'><strong>vel</strong></span> <span class='ocrx_word' id='word_1_465' title='bbox 1715 2782 2011 2832; x_wconf 90' lang='lat' dir='ltr'><strong>secundum</strong></span> <span class='ocrx_word' id='word_1_466' title='bbox 2051 2781 2323 2846; x_wconf 83' lang='lat' dir='ltr'><strong>Theophi-</strong></span> 
     </span>
     <span class='ocr_line' id='line_1_89' title="bbox 1255 2852 2324 2923; baseline -0.002 -17"><span class='ocrx_word' id='word_1_467' title='bbox 1255 2856 1380 2919; x_wconf 83' lang='lat' dir='ltr'><strong>lum,</strong></span> <span class='ocrx_word' id='word_1_468' title='bbox 1413 2855 1562 2923; x_wconf 84' lang='lat' dir='ltr'><strong>apud</strong></span> <span class='ocrx_word' id='word_1_469' title='bbox 1600 2855 1772 2905; x_wconf 84' lang='lat' dir='ltr'><strong>Deum</strong></span> <span class='ocrx_word' id='word_1_470' title='bbox 1814 2860 1867 2904; x_wconf 87' lang='lat' dir='ltr'><strong>et</strong></span> <span class='ocrx_word' id='word_1_471' title='bbox 1906 2853 2162 2915; x_wconf 86' lang='lat' dir='ltr'><strong>homines,</strong></span> <span class='ocrx_word' id='word_1_472' title='bbox 2195 2852 2324 2920; x_wconf 89' lang='lat' dir='ltr'><strong>quia</strong></span> 
     </span>
     <span class='ocr_line' id='line_1_90' title="bbox 1255 2927 2324 2996; baseline -0.002 -16"><span class='ocrx_word' id='word_1_473' title='bbox 1255 2930 1407 2996; x_wconf 89' lang='lat' dir='ltr'><strong>prius</strong></span> <span class='ocrx_word' id='word_1_474' title='bbox 1449 2929 1605 2980; x_wconf 91' lang='lat' dir='ltr'><strong>debet</strong></span> <span class='ocrx_word' id='word_1_475' title='bbox 1640 2929 1845 2994; x_wconf 89' lang='lat' dir='ltr'><strong>placere</strong></span> <span class='ocrx_word' id='word_1_476' title='bbox 1876 2927 2006 2986; x_wconf 92' lang='lat' dir='ltr'><strong>De0,</strong></span> <span class='ocrx_word' id='word_1_477' title='bbox 2050 2936 2103 2977; x_wconf 90' lang='lat' dir='ltr'><strong>et</strong></span> <span class='ocrx_word' id='word_1_478' title='bbox 2139 2936 2324 2992; x_wconf 89' lang='lat' dir='ltr'><strong>postea</strong></span> 
     </span>
     <span class='ocr_line' id='line_1_91' title="bbox 1254 2995 2321 3050; baseline -0.003 0"><span class='ocrx_word' id='word_1_479' title='bbox 1254 3000 1588 3050; x_wconf 79' lang='lat' dir='ltr'><strong>hominibus,</strong></span> <span class='ocrx_word' id='word_1_480' title='bbox 1614 2998 1686 3048; x_wconf 92' lang='lat' dir='ltr'><strong>Et</strong></span> <span class='ocrx_word' id='word_1_481' title='bbox 1709 2997 1832 3047; x_wconf 89' lang='lat' dir='ltr'><strong>licet</strong></span> <span class='ocrx_word' id='word_1_482' title='bbox 1858 2997 2013 3048; x_wconf 86' lang='lat' dir='ltr'><strong>Jesus</strong></span> <span class='ocrx_word' id='word_1_483' title='bbox 2041 2995 2098 3046; x_wconf 90' lang='lat' dir='ltr'><strong>in</strong></span> <span class='ocrx_word' id='word_1_484' title='bbox 2126 3012 2183 3046; x_wconf 90' lang='lat' dir='ltr'><strong>se</strong></span> <span class='ocrx_word' id='word_1_485' title='bbox 2213 3013 2321 3047; x_wconf 92' lang='lat' dir='ltr'><strong>non</strong></span> 
     </span>
     <span class='ocr_line' id='line_1_92' title="bbox 1257 3067 2324 3138; baseline -0.002 -17"><span class='ocrx_word' id='word_1_486' title='bbox 1257 3071 1567 3138; x_wconf 84' lang='lat' dir='ltr'><strong>proficiebat</strong></span> <span class='ocrx_word' id='word_1_487' title='bbox 1613 3067 1873 3134; x_wconf 89' lang='lat' dir='ltr'><strong>sapientia</strong></span> <span class='ocrx_word' id='word_1_488' title='bbox 1916 3078 1969 3118; x_wconf 91' lang='lat' dir='ltr'><strong>et</strong></span> <span class='ocrx_word' id='word_1_489' title='bbox 2014 3067 2324 3134; x_wconf 87' lang='lat' dir='ltr'><strong>cognitione</strong></span> 
     </span>
     <span class='ocr_line' id='line_1_93' title="bbox 1253 3136 2323 3206; baseline -0.005 -13"><span class='ocrx_word' id='word_1_490' title='bbox 1253 3141 1541 3204; x_wconf 79' lang='lat' dir='ltr'><strong>habituali3</strong></span> <span class='ocrx_word' id='word_1_491' title='bbox 1581 3139 1709 3206; x_wconf 89' lang='lat' dir='ltr'><strong>quia</strong></span> <span class='ocrx_word' id='word_1_492' title='bbox 1742 3139 1855 3189; x_wconf 86' lang='lat' dir='ltr'><strong>haec</strong></span> <span class='ocrx_word' id='word_1_493' title='bbox 1884 3136 1941 3188; x_wconf 93' lang='lat' dir='ltr'><strong>in</strong></span> <span class='ocrx_word' id='word_1_494' title='bbox 1968 3154 2031 3189; x_wconf 92' lang='lat' dir='ltr'><strong>eo</strong></span> <span class='ocrx_word' id='word_1_495' title='bbox 2055 3154 2323 3205; x_wconf 88' lang='lat' dir='ltr'><strong>augmen·-</strong></span> 
     </span>
     <span class='ocr_line' id='line_1_94' title="bbox 1254 3209 2321 3271; baseline -0.005 -7"><span class='ocrx_word' id='word_1_496' title='bbox 1254 3223 1362 3264; x_wconf 89' lang='lat' dir='ltr'><strong>tata</strong></span> <span class='ocrx_word' id='word_1_497' title='bbox 1399 3229 1506 3262; x_wconf 90' lang='lat' dir='ltr'><strong>non</strong></span> <span class='ocrx_word' id='word_1_498' title='bbox 1559 3220 1720 3271; x_wconf 89' lang='lat' dir='ltr'><strong>sunt,</strong></span> <span class='ocrx_word' id='word_1_499' title='bbox 1772 3210 1839 3260; x_wconf 90' lang='lat' dir='ltr'><strong>ab</strong></span> <span class='ocrx_word' id='word_1_500' title='bbox 1899 3209 2121 3260; x_wconf 88' lang='lat' dir='ltr'><strong>instanti</strong></span> <span class='ocrx_word' id='word_1_501' title='bbox 2173 3210 2321 3259; x_wconf 88' lang='lat' dir='ltr'><strong>enim</strong></span> 
     </span>
     <span class='ocr_line' id='line_1_95' title="bbox 1254 3281 2323 3351; baseline -0.006 -14"><span class='ocrx_word' id='word_1_502' title='bbox 1254 3283 1623 3351; x_wconf 88' lang='lat' dir='ltr'><strong>conceptionis</strong></span> <span class='ocrx_word' id='word_1_503' title='bbox 1692 3281 2084 3348; x_wconf 89' lang='lat' dir='ltr'><strong>plenitudinem</strong></span> <span class='ocrx_word' id='word_1_504' title='bbox 2159 3282 2323 3346; x_wconf 86' lang='lat' dir='ltr'><strong>hujus</strong></span> 
     </span>
     <span class='ocr_line' id='line_1_96' title="bbox 1255 3352 2324 3422; baseline -0.006 -13"><span class='ocrx_word' id='word_1_505' title='bbox 1255 3357 1472 3420; x_wconf 82' lang='lat' dir='ltr'><strong>habuit3</strong></span> <span class='ocrx_word' id='word_1_506' title='bbox 1510 3354 1819 3422; x_wconf 85' lang='lat' dir='ltr'><strong>proficiebat</strong></span> <span class='ocrx_word' id='word_1_507' title='bbox 1857 3363 2034 3404; x_wconf 90' lang='lat' dir='ltr'><strong>tamen</strong></span> <span class='ocrx_word' id='word_1_508' title='bbox 2077 3362 2129 3403; x_wconf 91' lang='lat' dir='ltr'><strong>et</strong></span> <span class='ocrx_word' id='word_1_509' title='bbox 2168 3352 2225 3403; x_wconf 91' lang='lat' dir='ltr'><strong>in</strong></span> <span class='ocrx_word' id='word_1_510' title='bbox 2266 3368 2324 3403; x_wconf 90' lang='lat' dir='ltr'><strong>se</strong></span> 
     </span>
     <span class='ocr_line' id='line_1_97' title="bbox 1254 3424 2323 3495; baseline -0.006 -16"><span class='ocrx_word' id='word_1_511' title='bbox 1254 3427 1565 3495; x_wconf 86' lang='lat' dir='ltr'><strong>cognitione</strong></span> <span class='ocrx_word' id='word_1_512' title='bbox 1605 3425 1839 3477; x_wconf 89' lang='lat' dir='ltr'><strong>sensuali</strong></span> <span class='ocrx_word' id='word_1_513' title='bbox 1885 3435 1937 3476; x_wconf 93' lang='lat' dir='ltr'><strong>et</strong></span> <span class='ocrx_word' id='word_1_514' title='bbox 1982 3424 2323 3490; x_wconf 84' lang='lat' dir='ltr'><strong>experimen-</strong></span> 
     </span>
     <span class='ocr_line' id='line_1_98' title="bbox 1253 3493 2358 3563; baseline -0.007 -13"><span class='ocrx_word' id='word_1_515' title='bbox 1253 3499 1366 3558; x_wconf 88' lang='lat' dir='ltr'><strong>tali,</strong></span> <span class='ocrx_word' id='word_1_516' title='bbox 1394 3497 1524 3563; x_wconf 89' lang='lat' dir='ltr'><strong>quia</strong></span> <span class='ocrx_word' id='word_1_517' title='bbox 1551 3513 1740 3548; x_wconf 89' lang='lat' dir='ltr'><strong>sensus</strong></span> <span class='ocrx_word' id='word_1_518' title='bbox 1774 3497 1888 3561; x_wconf 83' lang='lat' dir='ltr'><strong>ejus</strong></span> <span class='ocrx_word' id='word_1_519' title='bbox 1917 3493 2326 3545; x_wconf 89' lang='lat' dir='ltr'><strong>convertebatur</strong></span> <span class='ocrx_word' id='word_1_520' title='bbox 2353 3526 2358 3533; x_wconf 87' lang='lat'><strong>·</strong></span> 
     </span>
     <span class='ocr_line' id='line_1_99' title="bbox 1255 3564 2325 3634; baseline -0.006 -14"><span class='ocrx_word' id='word_1_521' title='bbox 1255 3570 1320 3620; x_wconf 89' lang='lat' dir='ltr'><strong>de</strong></span> <span class='ocrx_word' id='word_1_522' title='bbox 1352 3583 1493 3619; x_wconf 88' lang='lat' dir='ltr'><strong>novo</strong></span> <span class='ocrx_word' id='word_1_523' title='bbox 1535 3568 1601 3617; x_wconf 89' lang='lat' dir='ltr'><strong>ad</strong></span> <span class='ocrx_word' id='word_1_524' title='bbox 1633 3566 1861 3634; x_wconf 90' lang='lat' dir='ltr'><strong>aliquid,</strong></span> <span class='ocrx_word' id='word_1_525' title='bbox 1891 3566 1955 3615; x_wconf 88' lang='lat' dir='ltr'><strong>ad</strong></span> <span class='ocrx_word' id='word_1_526' title='bbox 1996 3564 2142 3630; x_wconf 91' lang='lat' dir='ltr'><strong>quod</strong></span> <span class='ocrx_word' id='word_1_527' title='bbox 2170 3572 2325 3614; x_wconf 88' lang='lat' dir='ltr'><strong>antea</strong></span> 
     </span>
     <span class='ocr_line' id='line_1_100' title="bbox 1254 3638 2324 3698; baseline -0.007 -5"><span class='ocrx_word' id='word_1_528' title='bbox 1254 3659 1364 3694; x_wconf 90' lang='lat' dir='ltr'><strong>non</strong></span> <span class='ocrx_word' id='word_1_529' title='bbox 1387 3642 1813 3693; x_wconf 82' lang='lat' dir='ltr'><strong>convertebatur.</strong></span> <span class='ocrx_word' id='word_1_530' title='bbox 1836 3639 2010 3698; x_wconf 92' lang='lat' dir='ltr'><strong>Unde,</strong></span> <span class='ocrx_word' id='word_1_531' title='bbox 2026 3638 2324 3688; x_wconf 91' lang='lat' dir='ltr'><strong>secundum</strong></span> 
     </span>
     <span class='ocr_line' id='line_1_101' title="bbox 1701 3709 2325 3774; baseline -0.006 -11"><span class='ocrx_word' id='word_1_532' title='bbox 1701 3711 1913 3763; x_wconf 81' lang='lat' dir='ltr'><strong>Didicit</strong></span> <span class='ocrx_word' id='word_1_533' title='bbox 1958 3723 2033 3759; x_wconf 83' lang='lat' dir='ltr'><strong>ex</strong></span> <span class='ocrx_word' id='word_1_534' title='bbox 2075 3709 2160 3759; x_wconf 87' lang='lat' dir='ltr'><strong>his</strong></span> <span class='ocrx_word' id='word_1_535' title='bbox 2202 3721 2325 3774; x_wconf 81' lang='lat' dir='ltr'><strong>quae</strong></span> 
     </span>
     <span class='ocr_line' id='line_1_102' title="bbox 1246 3780 2322 3852; baseline -0.007 -16"><span class='ocrx_word' id='word_1_536' title='bbox 1246 3799 1453 3852; x_wconf 85' lang='lat' dir='ltr'><strong>passus</strong></span> <span class='ocrx_word' id='word_1_537' title='bbox 1481 3791 1563 3834; x_wconf 89' lang='lat' dir='ltr'><strong>est</strong></span> <span class='ocrx_word' id='word_1_538' title='bbox 1588 3782 1956 3835; x_wconf 83' lang='lat' dir='ltr'><strong>obedientiam.</strong></span> <span class='ocrx_word' id='word_1_539' title='bbox 1996 3780 2117 3830; x_wconf 91' lang='lat' dir='ltr'><strong>Non</strong></span> <span class='ocrx_word' id='word_1_540' title='bbox 2142 3789 2322 3830; x_wconf 87' lang='lat' dir='ltr'><strong>tamen</strong></span> 
     </span>
     <span class='ocr_line' id='line_1_103' title="bbox 1254 3849 2323 3921; baseline -0.005 -15"><span class='ocrx_word' id='word_1_541' title='bbox 1254 3857 1322 3907; x_wconf 89' lang='lat' dir='ltr'><strong>de</strong></span> <span class='ocrx_word' id='word_1_542' title='bbox 1359 3871 1503 3908; x_wconf 88' lang='lat' dir='ltr'><strong>novo</strong></span> <span class='ocrx_word' id='word_1_543' title='bbox 1529 3854 1735 3921; x_wconf 87' lang='lat' dir='ltr'><strong>aliquid</strong></span> <span class='ocrx_word' id='word_1_544' title='bbox 1773 3851 1961 3902; x_wconf 90' lang='lat' dir='ltr'><strong>didicit</strong></span> <span class='ocrx_word' id='word_1_545' title='bbox 1995 3851 2143 3917; x_wconf 90' lang='lat' dir='ltr'><strong>quod</strong></span> <span class='ocrx_word' id='word_1_546' title='bbox 2172 3849 2323 3916; x_wconf 90' lang='lat' dir='ltr'><strong>prius</strong></span> 
     </span>
    </p>
   </div>
  </div>
 </body>
</html>
