2784 4452
437 223 502 276 32
1104 223 1342 276 PRIMAE
1376 224 1625 277 PARTIS
1657 226 1889 279 CAPUT
1922 227 2010 281 1v.

1301 579 1638 651 CAPUT
1685 580 1788 649 IV

797 837 902 904 De
951 836 1386 928 conceptione
1430 832 1727 903 Joannz‘s
1770 831 2285 902 Praecursoris.

1317 1083 1510 1149 Lucae
1539 1103 1675 1168 cap.
1720 1105 1744 1147 1
1759 1132 1774 1147 .

490 1346 509 1379 1
550 1330 629 1379 DE
668 1329 939 1378 ZACHARIA
981 1328 1361 1378 Pnaecunsoms
1390 1342 1490 1376 PA-

420 1419 606 1454 TRE.-
622 1401 753 1452 Fuit
774 1406 949 1451 autem
971 1401 1024 1450 in
1041 1401 1224 1452 diebus
1248 1400 1375 1460 illis,
1394 1399 1491 1450 sci-

417 1477 540 1528 licet
554 1476 611 1526 in
634 1475 825 1525 diebus
839 1473 1098 1536 Herodis,
1114 1474 1267 1539 regis
1278 1473 1490 1524 Judaeae

418 1547 673 1600 sacerdos
687 1540 902 1611 quidam
927 1545 1134 1597 nomine
1156 1545 1486 1609 ZachariaS,

418 1620 618 1671 device
643 1617 819 1679 Abia,·
855 1624 906 1668 ei
960 1632 1103 1668 uxor
1156 1617 1224 1679 ei,
1281 1617 1488 1667 nomine

415 1690 728 1758 Elizabeth,
756 1688 1034 1739 Aaronica.
1066 1687 1248 1739 Erant
1310 1693 1486 1738 autem

413 1763 568 1814 ambo
595 1761 738 1828 justi
773 1767 897 1810 ante
946 1759 1135 1821 Deum,
1179 1774 1290 1809 non
1348 1760 1487 1811 sicut

413 1832 734 1900 hypocritae‚
774 1831 1033 1897 quoniam
1073 1829 1286 1895 fingunt
1324 1830 1487 1895 justi-

414 1905 545 1956 tiam
584 1914 706 1954 ante
752 1903 1038 1962 mundum,
1091 1901 1388 1953 incedentes
1431 1902 1485 1954 in

414 1977 655 2029 omnibus
684 1974 972 2035 mandatis,
998 1982 1264 2039 quantum
1289 1973 1354 2022 ad
1379 1974 1484 2025 ob-

410 2047 732 2099 servantiam
759 2045 1044 2096 moralium
1080 2054 1483 2114 praeceptorum,

410 2119 947 2186 &justificationibus
956 2116 1194 2180 Domini,
1218 2127 1482 2183 quantum

409 2191 475 2241 ad
493 2189 886 2241 observantiam
897 2187 1351 2249 ceremonialium,
1368 2191 1484 2242 sine

408 2262 624 2328 querela
647 2272 911 2329 quantum
939 2262 1005 2312 ad
1052 2261 1479 2313 observationem

405 2332 761 2397 judicialium,
789 2332 917 2398 quia
943 2329 1157 2397 pacifice
1191 2331 1256 2381 ad
1290 2332 1479 2398 proxi-

408 2418 528 2453 mos
557 2418 616 2453 se
641 2403 927 2453 habebant.
958 2402 1036 2452 Et
1062 2416 1166 2453 non
1210 2410 1329 2453 erat
1365 2402 1479 2454 illis

392 2475 570 2540 filius,
605 2484 823 2540 propter
856 2474 1210 2538 sterilitatem,
1243 2490 1362 2540 quae
1399 2485 1480 2526 est

405 2562 562 2597 causa
590 2546 835 2611 specialis
860 2546 1093 2608 mulieri,
1128 2557 1180 2597 et
1228 2558 1478 2598 senectu-

404 2630 530 2681 tem,
566 2635 687 2685 quae
715 2629 796 2670 est
828 2621 987 2669 causa'
1016 2620 1322 2669 communis
1358 2621 1476 2672 viro

403 2703 457 2743 et
491 2693 724 2746 mulieri.
752 2693 830 2743 Ex
878 2708 987 2757 quo
1022 2702 1239 2758 apparet
1279 2708 1475 2745 conce-

403 2763 518 2829 ptio
564 2763 912 2814 Praecursoris
967 2763 1301 2825 miraculosa,
1344 2766 1476 2832 quia

404 2849 516 2884 non
549 2833 653 2884 fuit
684 2844 895 2884 tantum
943 2848 1036 2899 per
1067 2844 1332 2897 naturam,
1379 2837 1472 2887 sed

404 2919 499 2969 per
525 2913 770 2953 naturam
799 2903 968 2969 gratia
997 2903 1182 2954 divina
1214 2904 1470 2970 adjutam.

403 2973 506 3024 Iste
541 2974 779 3024 Herodes
812 2974 880 3023 de
924 2982 1071 3039 patre
1102 2972 1335 3025 Idumaeo
1372 2976 1473 3028 de-

402 3046 661 3097 scendens
696 3046 801 3097 fuit
825 3046 1143 3112 alienigena,
1165 3055 1218 3097 et
1235 3046 1342 3113 jam
1366 3064 1471 3100 sce-

402 3128 582 3185 ptrum
601 3119 836 3170 ablatum
868 3117 971 3169 fuit
994 3119 1060 3169 de
1080 3119 1234 3180 Juda‚
1263 3129 1314 3170 et
1349 3119 1469 3171 ideo

398 3197 614 3254 tempus
669 3189 927 3238 adventus
964 3188 1168 3240 Christi
1204 3188 1466 3256 instabat;

398 3257 528 3325 quia
560 3258 722 3310 Jacob
757 3258 1053 3324 patriarcha
1094 3259 1288 3325 spiritu
1336 3276 1468 3327 pro-

398 3330 611 3397 phetico
667 3330 885 3396 signum
942 3331 1202 3383 adventus
1264 3333 1466 3385 Christi

396 3400 736 3467 praedixerat,
767 3402 985 3468 quando
1019 3417 1246 3468 regnum
1272 3403 1467 3455 Judaeoe

394 3472 460 3523 ad
484 3470 840 3538 alienigenam
864 3474 1182 3523 translatum
1205 3483 1363 3534 esset,
1390 3473 1468 3525 di-

393 3559 520 3595 cens
566 3561 582 3594 :
629 3545 756 3596 Non
784 3546 1064 3611 auferetur
1091 3551 1354 3611 sceptrum
1399 3546 1466 3599 de

393 3617 557 3679 Juda,
590 3623 640 3668 et
671 3617 788 3668 dux
811 3617 877 3669 de
894 3618 1109 3683 femore
1134 3618 1268 3685 eju-5,
1301 3617 1465 3670 donec

393 3689 571 3740 veniat
619 3690 710 3756 qui
736 3689 1022 3740 mittendus
1076 3694 1192 3751 est,·
1246 3694 1298 3739 et
1350 3689 1465 3757 ipse

392 3759 496 3810 erit
532 3761 834 3827 expectatio
879 3761 1146 3812 Gentium.
1184 3760 1250 3811 Et
1282 3761 1462 3812 scien-

391 3833 524 3884 dum
558 3833 646 3884 hic
669 3834 815 3901 quod
847 3850 969 3886 cum
995 3834 1208 3903 Moyses
1237 3833 1461 3887 unicum

1598 1323 1923 1375 instituisset
1970 1339 2247 1375 summum
2304 1325 2636 1378 sacerdotem
2656 1370 2677 1396 ‚

1597 1394 1682 1445 cui
1709 1404 1924 1444 mortuo
1957 1410 2101 1444 unus
2135 1409 2229 1458 per
2257 1394 2503 1445 ordinem
2545 1412 2682 1449 suc-

1596 1464 1819 1524 cederet,
1850 1463 2017 1513 David
2043 1464 2228 1513 volens
2254 1464 2509 1529 ampliare
2551 1468 2681 1517 cul-

1595 1546 1710 1586 tum
1732 1536 1927 1586 domus
1960 1535 2200 1596 Domini,
2230 1536 2295 1585 de
2317 1536 2508 1602 viginti
2531 1554 2681 1604 qua-

1594 1617 1717 1658 tuor
1757 1608 1995 1667 familiis,
2043 1624 2163 1674 quae
2200 1609 2581 1660 descenderant
2606 1612 2683 1662 ab

1593 1681 1791 1741 Aaron,
1820 1680 2057 1730 instituit
2090 1680 2283 1746 viginti
2310 1690 2541 1746 quatuor
2578 1698 2678 1734 sa-

1594 1751 1831 1801 cerdotes
1865 1768 1879 1800 2
1915 1766 2075 1817 super
2111 1766 2250 1816 quos
2295 1761 2474 1801 tamen
2523 1769 2678 1806 unus

1596 1821 1864 1871 maximus
1889 1831 2000 1871 erat
2028 1824 2079 1871 et
2111 1837 2360 1871 summus
2396 1823 2673 1886 omnium,

1593 1892 1687 1959 qui
1714 1891 1987 1943 dicebatur
2012 1892 2265 1958 Princeps
2299 1894 2666 1948 sacerdotum.

1595 1964 1831 2015 Instituit
1884 1965 2044 2015 etiam
2097 1975 2158 2015 ut
2203 1966 2443 2016 vicissim
2475 1968 2670 2031 {mini-

1593 2048 1820 2089 strantes
1836 2055 1929 2105 per
1951 2039 2361 2102 hebdomadam,
2388 2056 2418 2091 a
2440 2042 2670 2096 sabbato

1591 2128 1766 2179 usque
1790 2113 1846 2164 in
1871 2114 2172 2174 sabbatum,
2193 2114 2249 2164 in
2267 2124 2505 2181 tempore
2528 2118 2671 2169 vicis

1591 2202 1701 2239 suae
1743 2188 1944 2254 singuli
1989 2188 2319 2240 castimoniae
2364 2192 2668 2255 studerent,

1589 2279 1685 2313 nec
1735 2262 1951 2313 interim
1998 2264 2055 2313 in
2108 2264 2331 2313 domum
2385 2266 2668 2331 propriam

1591 2334 1869 2395 intrarent,
1910 2335 2001 2385 sed
2047 2336 2101 2385 in
2139 2336 2484 2387 domunculis
2521 2338 2668 2390 circa

1588 2407 1851 2473 templum
1903 2407 2228 2469 constitutis,
2276 2424 2396 2474 quae
2440 2409 2667 2462 Exedrae

1587 2478 1932 2538 vocabantur,
1962 2478 2231 2529 cubarent.
2258 2480 2323 2529 Et
2361 2480 2664 2531 secundum

1586 2557 1757 2597 sortes
1792 2548 1940 2598 dedit
1973 2548 2168 2614 cuique
2199 2549 2331 2599 vicis
2362 2565 2471 2600 suae
2515 2550 2665 2601 heb-

1585 2616 1887 2679 domadam,
1914 2628 1965 2669 et
1995 2629 2175 2669 octava
2195 2635 2312 2669 sors
2337 2619 2527 2669 cecidit
2557 2636 2663 2671 su-

1586 2703 1680 2752 per
1711 2688 1925 2748 Abiam‚
1964 2689 2028 2738 de
2075 2705 2185 2755 quo
2233 2690 2507 2739 descendit
2553 2690 2663 2742 iste

1584 2759 1884 2810 Zacharias·
1914 2759 2175 2811 Similiter
2210 2761 2276 2810 de
2308 2760 2453 2809 tribu
2490 2760 2662 2811 Levi—

1581 2838 1757 2878 tarum
1790 2828 2228 2895 vigintiquatuor
2259 2830 2453 2879 Levitae
2480 2842 2660 2896 erant,

1581 2910 1643 2950 ut
1661 2899 1764 2966 ipsi
1794 2916 2013 2967 quoque
2038 2901 2226 2951 eodem
2257 2902 2419 2951 modo
2452 2902 2659 2966 sortiti,

1580 2971 1726 3037 juxta
1753 2987 1960 3023 morem
1989 2972 2292 3033 sacerdotiS,
2317 2971 2522 3022 octenis
2546 2973 2661 3025 die-

1581 3042 1683 3095 bus
1743 3043 2069 3094 ministrent.
2123 3043 2409 3094 'Zacharias
2468 3054 2657 3095 autem

1579 3129 1695 3167 cum
1721 3115 1774 3165 in
1806 3115 1995 3167 ordine
2024 3116 2157 3168 vicis
2184 3127 2298 3167 suae
2345 3116 2658 3169 sacerdotio

1565 3187 1913 3253 fungeretur,
1970 3188 2265 3239 secundum
2320 3187 2655 3253 exigentiam

1577 3258 1738 3309 sortis
1769 3273 1881 3309 suae
1915 3268 2135 3318 octavae,
2186 3258 2326 3310 exiit
2364 3258 2432 3308 de
2481 3257 2656 3310 domo

1574 3329 1668 3380 ubi
1725 3344 1783 3382 se
1826 3330 2242 3381 sacerdotalibus
2275 3329 2515 3381 vestibus
2554 3329 2655 3380 in-

1570 3400 1709 3461 duit,
1755 3406 1811 3450 ut
1853 3401 2119 3452 incensum
2152 3406 2392 3468 poneret,
2437 3399 2657 3466 ingres-

1573 3487 1667 3523 sus
1698 3473 1750 3523 in
1779 3472 2025 3540 templum
2054 3473 2290 3535 Domini,
2321 3471 2528 3523 decima
2555 3471 2654 3525 die

1572 3544 1777 3596 mensis
1822 3545 2063 3611 septimi,
2109 3545 2164 3595 id
2189 3555 2269 3595 est
2301 3543 2650 3610 septembris,

1571 3617 1648 3668 Et
1672 3617 1889 3669 interim
1932 3619 2103 3671 omnis
2139 3617 2418 3669 multitudo
2451 3617 2654 3684 populi

1570 3696 1689 3741 erat
1741 3705 1906 3742 orans
1939 3691 2110 3757 soris,
2165 3700 2311 3741 extra
2354 3689 2652 3756 templum,
2723 3703 2726 3718 ¹

1570 3762 1699 3829 quia
1731 3779 1841 3813 non
1892 3775 2003 3815 erat
2043 3764 2252 3815 licitum
2309 3762 2515 3830 populo
2551 3761 2650 3811 in-

1569 3836 1717 3904 gredi
1741 3837 2024 3904 templum,
2050 3837 2142 3888 sed
2170 3846 2379 3888 tantum
2416 3834 2649 3889 atrium.
