2784 4452
672 304 1025 355 SERMONIS
1055 305 1127 354 IN
1161 304 1414 355 MONTE
1447 304 1953 357 CONTINUATIO.

203 419 323 470 nori
371 419 545 484 majus
608 418 954 484 persuadens.
1008 418 1076 468 Et
1123 418 1279 483 ponit

202 490 512 555 exemplum
539 488 606 538 de
644 488 1101 539 irrationabilibus
1129 504 1278 538 crea-

202 563 359 624 turis,
386 562 588 613 scilicet
622 561 928 613 volatilibus
957 563 1094 623 coeli,
1126 561 1180 611 id
1201 572 1282 612 est

199 634 372 694 aeria,
426 634 481 683 in
531 648 641 698 quo
678 633 924 694 volitant,
963 634 1122 699 quia,
1176 647 1276 684 non

199 710 418 768 serunt,
471 717 636 769 neque
672 710 898 764 metunt,
960 704 1160 754 scilicet
1211 704 1276 752 ad

197 777 388 827 'cibum
412 776 801 841 acquirendum
821 792 835 839 ;
877 790 1039 841 neque
1060 790 1279 842 cong-re-

201 856 346 917 gant
388 849 442 899 in
467 849 680 912 horrea,
711 848 916 899 scilicet
948 850 1013 898 ad
1056 865 1276 900 conser-

199 923 438 972 vandum
456 960 470 982 ,
517 927 571 971 et
610 922 782 971 Pater
828 921 1060 971 coelestis
1101 922 1280 986 pascit

196 993 329 1057 illa,
364 1002 583 1058 propter
618 991 885 1051 homines,
918 992 1035 1042 sine
1075 991 1278 1043 sollici-

201 1064 388 1114 tudine
428 1079 615 1113 eorum
654 1078 881 1128 magna3
933 1078 1060 1128 ergo
1106 1063 1277 1113 multo

199 1134 376 1201 magis
423 1135 594 1201 pascit
640 1133 917 1197 homines,
984 1133 1079 1199 qui
1150 1141 1277 1184 sunt

196 1207 489 1267 chariores„
518 1206 634 1257 sine
680 1204 1044 1255 sollicitudine
1089 1221 1275 1256 eorum

197 1276 487 1341 superflua.
537 1276 816 1326 Rationale
871 1274 1018 1324 enim
1052 1274 1274 1338 animal,

198 1347 343 1398 sicut
368 1351 428 1397 et
448 1348 638 1408 hom0,
664 1346 885 1411 majoris
920 1355 1000 1396 est
1027 1346 1277 1412 ponderis

198 1431 256 1471 et
285 1419 443 1485 pretii
469 1436 648 1470 coram
677 1421 788 1470 Deo
817 1435 979 1486 quam
1007 1418 1276 1469 irrationa-

203 1493 352 1552 bilia,
376 1492 514 1543 sicut
534 1502 662 1542 sunt
692 1507 836 1552 aves,
872 1492 1001 1557 quia
1023 1491 1274 1541 animalia

196 1562 336 1613 facta
373 1572 498 1612 sunt
533 1572 753 1628 propter
786 1561 1100 1622 hominem,
1148 1561 1273 1613 finis

195 1643 378 1684 autem
403 1643 484 1683 est
522 1633 757 1683 nobilior
784 1633 872 1683 his
906 1647 1026 1699 quae
1053 1642 1182 1683 sunt
1206 1635 1270 1684 ad

195 1703 381 1754 finem.
413 1704 566 1754 Sicut
600 1719 724 1769 ergo
769 1705 913 1754 Deus
942 1704 1111 1770 pascit
1151 1719 1271 1755 aves

193 1789 320 1824 cum
359 1774 724 1824 sollicitudine
768 1773 1109 1824 convenienti
1158 1790 1269 1825 suae

195 1854 431 1906 naturae,
483 1844 561 1894 sic
613 1845 786 1909 pascit
840 1844 1093 1895 homines
1143 1861 1267 1895 cum

192 1914 563 1966 sollicitudine
642 1914 980 1965 convenienti
1077 1931 1265 1966 eorum

194 1996 418 2048 naturae,
452 2003 573 2053 quae
596 1996 677 2037 est
704 1988 1000 2037 secundum
1027 1989 1266 2053 regulam

190 2058 421 2109 rationis
466 2069 655 2118 rectae,
710 2058 755 2109 si
799 2069 981 2109 tamen
1041 2074 1101 2109 ea
1146 2075 1266 2125 quae

191 2128 437 2194 praecipit
466 2130 715 2179 studeant
740 2129 977 2194 implere.
1009 2129 1149 2188 Quia
1171 2130 1267 2180 sic-

190 2209 254 2252 ut
281 2211 467 2251 natura
496 2200 679 2252 avium
714 2210 795 2252 est
821 2201 1071 2267 praedicto
1099 2202 1262 2253 modo

190 2271 389 2333 vivere,
414 2272 490 2322 sic
515 2281 700 2322 natura
724 2272 963 2323 hominis
982 2281 1063 2323 est
1088 2273 1264 2324 vivere

191 2342 492 2392 secundum
521 2342 786 2392 dictamen
830 2342 1057 2392 rationis
1086 2353 1259 2404 rectae,

188 2412 256 2461 ad
283 2412 430 2477 quod
462 2412 706 2477 sequitur
731 2413 908 2477 ipsum
937 2414 1128 2464 debere
1152 2415 1264 2464 sol-

188 2482 468 2532 licitudine
515 2483 786 2532 moderata
812 2483 876 2532 ad
914 2484 1263 2549 quaerendum

188 2571 254 2605 ea
292 2569 415 2620 quae
449 2571 558 2605 non
601 2555 747 2605 dedit
792 2555 895 2606 sibi
950 2566 1170 2618 natura,
1205 2567 1265 2607 ut

185 2625 376 2676 cibum
405 2635 456 2675 et
474 2627 861 2678 vestimentum
883 2629 1262 2680 necessarium.

190 2697 347 2748 Unde
378 2712 488 2746 non
521 2698 652 2748 dicit
677 2699 744 2748 de
774 2699 990 2761 avibus,
1022 2716 1134 2750 non
1163 2716 1264 2750 vo-

183 2769 302 2818 lant
345 2769 411 2818 ad
456 2785 617 2835 grana
650 2779 702 2819 et
742 2770 809 2820 ad
858 2787 1077 2837 pascua,
1135 2772 1264 2839 quia

186 2856 299 2890 non
335 2840 589 2906 prohibet
622 2842 860 2892 laborem
890 2853 943 2893 et
975 2844 1264 2909 providen-

183 2916 318 2966 tiam
338 2954 351 2976 ,
403 2916 496 2966 sed
546 2917 963 2968 sollicitudinem
1002 2928 1057 2969 et
1088 2919 1263 2969 avari-

187 2986 340 3037 tiam.
373 2988 477 3038 Ubi
508 2988 932 3056 chrysostomus
961 3006 979 3038 .·
1008 3007 1039 3036 <c
1062 2989 1264 3040 Omnia

186 3057 426 3108 volatilia
468 3057 591 3108 fecit
640 3060 784 3108 Deus
820 3068 1039 3124 propter
1078 3059 1264 3111 homi-

189 3144 338 3193 nem,
381 3129 661 3180 hominem
698 3139 877 3180 autem
918 3140 1136 3197 propter
1178 3148 1265 3183 se-

185 3199 387 3266 ipsum.
417 3201 473 3251 Si
498 3217 624 3267 ergo
651 3201 974 3252 animalibus
998 3202 1266 3254 ministrat

189 3279 408 3336 propter
443 3272 755 3337 hominem,
820 3274 1097 3339 quomodo
1151 3291 1263 3325 non

186 3341 403 3392 homini
429 3340 698 3393 ministrat
721 3354 935 3411 propter
957 3344 1262 3411 seipsum?»

252 3428 288 3479 9
322 3413 529 3463 Dimum
568 3427 912 3466 sotumi-uno
952 3431 1264 3467 vesum-1²1

189 3497 283 3532 um
313 3498 576 3534 umorum
604 3498 932 3538 simut-uno,
962 3516 1023 3525 --
1059 3487 1263 3539 Deinde

180 3555 379 3621 probat
406 3557 473 3607 de
501 3557 822 3609 vestimento
842 3598 858 3620 ‚
897 3569 950 3611 et
970 3560 1126 3626 ponit
1156 3561 1261 3611 du-

183 3627 311 3692 plex
350 3630 676 3695 exemplum.
705 3630 945 3681 Primum
986 3640 1067 3682 est
1094 3633 1162 3682 de
1198 3647 1261 3683 eo

181 3700 332 3765 quod
348 3710 425 3750 est
439 3700 577 3751 intra
592 3703 873 3753 hominem
889 3704 1261 3771 magnitudine

185 3770 445 3835 corporiS‚
468 3788 633 3838 quam
653 3773 743 3824 dat
764 3774 908 3824 Deus
925 3775 1042 3826 sine
1069 3774 1262 3826 sollici-

183 3842 372 3894 tudine
392 3844 591 3911 ipsius3
613 3849 758 3913 quod
773 3863 837 3898 ex
850 3848 954 3899 hoc
959 3858 1121 3916 patet,
1132 3848 1260 3916 quia

177 3924 672 3983 quantumcunque
712 3919 912 3987 aliquis
942 3920 1259 3973 sollicitetur

2343 307 2445 376 367

1381 418 1449 468 de
1497 418 1929 485 augmentatione
1965 435 2078 480 sua,
2119 436 2231 470 non
2274 430 2448 487 potest

1380 490 1573 539 addere
1609 491 1683 540 ad
1713 495 1979 541 staturam
2027 506 2181 542 suam
2216 493 2446 544 cubitum

1382 576 1559 612 unum.
1629 562 1767 612 Cum
1837 562 2004 629 igitur
2065 565 2446 615 vestimentum

1380 641 1646 697 competat
1689 632 1860 695 majus
1903 635 1987 684 vel
2026 634 2207 684 minus
2249 650 2445 686 secun-

1380 702 1513 751 dum
1568 703 1922 769 quantitatem
1983 707 2340 771 corporalem,
2393 717 2446 757 et

1380 772 1654 837 quantitas
1679 774 1835 823 datur
1863 774 1912 824 ei
1941 775 2058 825 sine
2082 774 2445 827 sollicitudine

1380 862 1494 907 sua,
1548 862 1647 913 per
1686 863 2021 914 consequens
2060 848 2442 899 vestimentum

1380 919 1704 969 conveniens
1735 920 1952 971 dabitur
1990 921 2039 971 ei
2080 921 2197 971 sine
2233 922 2444 972 sollici-

1377 988 1568 1039 tudine
1633 1006 1730 1040 sua
1794 991 2078 1057 superflua.
2137 993 2442 1044 Secundum

1378 1062 1686 1126 exemplum
1722 1062 1960 1113 sumitur
1983 1079 2049 1113 ex
2080 1079 2144 1113 eo
2175 1065 2319 1129 quod
2361 1074 2442 1115 est

1378 1141 1528 1182 extra
1582 1132 1881 1194 hominem,
1934 1134 2134 1184 scilicet
2186 1150 2249 1184 ex
2290 1145 2442 1186 terrae

1378 1202 1740 1263 nascentibus,
1767 1213 1829 1253 ut
1854 1203 1985 1253 liliis
2008 1215 2059 1253 et
2083 1205 2283 1266 herbiS,
2313 1207 2443 1272 quia

1376 1272 1497 1323 sine
1547 1289 1644 1324 sua
1690 1273 2051 1324 sollicitudine
2096 1286 2355 1336 crescunt,
2389 1288 2443 1327 et

1376 1345 1673 1395 secundum
1702 1359 1858 1394 snam
1891 1344 2243 1409 quantitatem
2273 1362 2302 1396 a
2329 1347 2440 1397 Deo

1373 1415 1695 1478 vestiuntur,
1726 1425 1944 1482 propter
1970 1417 2115 1481 quod
2139 1416 2270 1466 dicit
2293 1434 2307 1467 ε
2337 1432 2441 1469 non

1375 1486 1642 1549 laborant,
1693 1488 1758 1537 ad
1804 1487 2109 1537 ornandum
2157 1502 2215 1537 se
2241 1489 2441 1537 colori-

1373 1557 1493 1618 bus,
1540 1572 1703 1623 neque
1752 1563 1889 1622 nent,
1944 1557 2003 1607 id·
2047 1566 2130 1607 est
2167 1557 2334 1619 filant,
2373 1559 2440 1609 ad

1372 1628 1678 1679 faciendum
1704 1628 1808 1679 sibi
1841 1628 2243 1688 vestimentum,
2270 1639 2322 1679 et
2352 1638 2438 1680 ta-

1373 1716 1498 1750 men
1540 1701 1743 1768 optime
1778 1701 2083 1752 vestiuntur
2126 1701 2224 1751 Dei
2253 1702 2439 1766 provi-

1371 1771 1552 1822 dentia
1577 1811 1590 1834 ,
1661 1781 1768 1822 tam
1843 1772 2093 1838 pretiosis
2165 1772 2438 1822 coloribus

1370 1842 1577 1893 induta.
1608 1844 1727 1909 Ipse
1759 1843 1909 1893 enim
1944 1844 2092 1892 color
2126 1843 2437 1908 operimen-

1369 1926 1488 1964 tum
1520 1923 1603 1964 est
1633 1914 1830 1963 florum
1868 1914 1962 1979 qui
2007 1929 2197 1963 omnes
2226 1913 2439 1963 excellit

1369 1988 1574 2037 colores
1623 1986 1874 2045 vestium,
1916 1995 1968 2035 et
2010 1985 2184 2050 regale
2225 1985 2437 2035 excellit

1369 2068 1768 2110 ornamentum.
1831 2058 1990 2117 Quod
2055 2058 2243 2123 probat
2307 2058 2438 2123 quia

1368 2130 1639 2189 Salomon,
1672 2128 1797 2178 licet
1820 2127 1981 2178 fuerit
2011 2143 2102 2177 rex
2122 2128 2436 2192 potentissi-

1368 2218 1511 2264 mus,
1535 2211 1715 2253 tamen
1749 2217 1859 2252 non
1886 2200 1990 2251 fuit
2019 2200 2093 2252 ita
2118 2201 2253 2251 bene
2282 2202 2437 2252 vesti-

1366 2285 1476 2336 tuS,
1493 2275 1622 2341 quia
1649 2274 1771 2324 licet
1797 2290 1882 2324 ars
1907 2273 2150 2323 imitetur
2171 2283 2434 2335 naturam,

1367 2356 1547 2396 tamen
1586 2360 1746 2410 opera
1767 2344 1899 2394 artis
1927 2360 2038 2393 non
2076 2354 2437 2409 assequuntur

1368 2416 1749 2482 perfectionem
1778 2430 2003 2480 operum
2029 2424 2248 2464 naturae.
2280 2415 2436 2464 Unde

1366 2489 1744 2556 Hieronymus
1765 2505 1782 2538 .-
1814 2504 1842 2534 «
1870 2487 1936 2537 Et
1959 2502 2154 2547 revera,
2181 2487 2325 2553 quod
2356 2501 2433 2537 se-

1365 2562 1558 2623 ricum,
1600 2577 1720 2628 quae
1769 2577 1957 2628 regum
1999 2576 2262 2627 purpura,
2314 2576 2434 2627 quae

1367 2636 1573 2702 pictura
1631 2635 1915 2686 textricum
1971 2644 2145 2700 potest
2207 2634 2434 2685 floribus

1367 2706 1664 2771 comparari
1688 2705 1708 2756 ‘g
1732 2705 1875 2766 Quid
1901 2705 1974 2754 ita
2003 2705 2161 2754 rubet
2184 2714 2246 2754 ut
2272 2705 2433 2754 rosa?

1369 2777 1513 2836 Quid
1569 2777 1643 2828 ita
1683 2777 1872 2827 candet
1910 2785 1970 2825 ut
2011 2775 2234 2825 lilium?
2264 2775 2432 2826 Violae

1366 2863 1492 2898 vero
1516 2862 1811 2914 purpuram
1836 2847 1988 2896 nullo
2007 2846 2170 2895 modo
2191 2845 2431 2911 superari

1369 2917 1574 2968 murice
1598 2918 1877 2968 oculorum
1904 2916 2076 2982 magis
2116 2931 2280 2982 quam
2316 2930 2434 2966 ser-

1368 3004 1595 3039 monum
1645 2989 1908 3054 judicium
1953 2997 2057 3038 est.
2109 3005 2138 3035 n
2185 2988 2338 3038 Unde
2382 2997 2436 3037 et

1369 3059 1793 3124 Chrysostomus
1832 3076 1852 3108 .-
1884 3076 1913 3105 «
1956 3058 2068 3108 Cur
2111 3073 2239 3108 vero
2283 3065 2434 3106 tanto

1366 3130 1529 3181 etiam
1580 3130 1775 3180 herbas
1831 3130 2021 3180 decore
2072 3127 2288 3179 vestivit
2307 3165 2322 3190 ‚
2374 3136 2436 3177 ut

1368 3219 1521 3254 suam
1576 3202 1778 3254 scilicet
1832 3202 2147 3270 sapientiam
2197 3201 2431 3250 demon-

1367 3286 1514 3336 stret,
1546 3286 1597 3327 et
1626 3275 2168 3343 superabundantiam
2196 3273 2430 3333 virtutiS,

1359 3357 1428 3398 ut
1455 3347 1698 3413 undique
1725 3348 1841 3413 ejus
1878 3347 2106 3414 gloriam
2133 3343 2429 3395 discamus·

1367 3420 1490 3470 Non
1532 3420 1677 3471 enim
1725 3420 1827 3471 soli
1872 3419 1995 3470 coeli
2031 3421 2290 3467 enarrant
2316 3415 2433 3480 glo-

1361 3492 1506 3542 riam
1528 3493 1634 3543 Dei
1639 3508 1661 3555 ,⁶
1690 3493 1781 3542 sed
1803 3501 1855 3542 et
1874 3502 2043 3541 terra:
2067 3507 2095 3535 »
2117 3488 2231 3538 haec
2257 3487 2434 3556 (Πηγ-

1364 3569 1647 3615 sostomus.
1673 3563 1744 3613 Et
1766 3578 1831 3613 ex
1860 3562 1963 3612 hoc
1992 3559 2261 3610 concludit
2283 3559 2430 3623 quod

1363 3633 1508 3683 Deus
1556 3631 1885 3684 sufficienter
1940 3629 2101 3681 vestit
2148 3627 2429 3678 hominem

1364 3706 1569 3772 absque
1610 3703 1972 3756 sollicitudine
2009 3700 2295 3768 superflua,
2339 3700 2429 3750 di-

1364 3793 1490 3828 cens
1516 3794 1531 3827 ε
1565 3777 1632 3829 Si
1659 3782 1836 3827 autem
1863 3775 2072 3841 senum,
2104 3773 2158 3823 id
2188 3781 2266 3822 est
2298 3772 2427 3821 her-

1364 3848 1508 3909 bam,
1533 3847 1681 3914 agri,
1707 3845 1848 3912 quod
1873 3845 2031 3896 hodie
2056 3850 2152 3907 est,
2179 3843 2233 3893 id
2263 3852 2344 3892 est
2367 3842 2428 3893 in

1365 3919 1633 3987 praesenti,
1665 3924 1723 3969 et
1745 3930 1872 3971 cras
1899 3917 1953 3970 in
1976 3916 2242 3969 clibanum
2269 3913 2429 3966 mitti-
