2784 4452
652 309 1005 361 SERMOMS
1037 308 1108 360 IN
1143 305 1401 359 MONTE
1435 305 1954 358 CONTINUATIO.

159 429 348 484 eadm
369 435 427 479 et
453 442 548 479 ms
560 426 738 493 facite
758 425 854 489 εἰς,
888 423 1090 475 scilicet
1118 423 1237 474 loco

158 511 217 555 et
240 510 502 566 tempore.
530 501 655 559 Qua
687 498 837 548 enim
882 497 1061 548 fronte
1101 495 1242 561 petis

161 571 467 625 Dominum
496 580 685 631 tuum,
730 567 827 633 qui
849 583 964 617 non
991 566 1242 632 agnoscis

154 659 342 711 ptem
383 652 570 694 tuum
556 641 576 678 ³
619 639 785 701 Quasi
826 640 1003 690 dicat:
1028 639 1087 690 Si
1126 639 1240 689 vul-

158 714 233 766 tis
261 714 427 780 petim
450 727 704 777 accipere,
729 711 958 778 quesita
973 710 1235 769 invenire,

158 785 432 850 pulsantes
475 784 715 843 intrare,
756 798 888 848 ergo
933 797 1030 832 vos
1083 779 1239 830 sedne

156 857 282 909 aliis
331 872 452 924 quae
493 855 649 907 vobis
675 854 792 906 fieri
817 854 985 906 vultis
1003 854 1071 905 ab
1091 853 1236 915 illis3

156 926 349 978 sicnec
373 927 443 976 ab
463 927 587 977 aliis
608 925 941 992 exspectetis
955 924 1105 990 quod
1130 923 1240 973 illis

166 1013 280 1048 nom
313 997 570 1047 feceritis.
618 997 723 1048 Ubi
759 996 1236 1077 chysostomus.-

161 1087 191 1116 α
221 1071 301 1120 Ac
335 1069 383 1119 si
416 1068 646 1129 diceret,
676 1069 723 1120 si
747 1084 880 1133 ergo
907 1065 1105 1132 cupitis
1126 1081 1234 1115 au-

155 1139 285 1199 diri,
314 1148 507 1204 praeter
529 1139 619 1189 illa
640 1154 761 1205 quae
784 1137 916 1202 dixi,
949 1136 1113 1188 etiam
1133 1136 1234 1186 ista

159 1209 416 1276 perficite.
462 1209 660 1260 Vidisti
697 1219 877 1272 certe,
927 1206 1058 1274 quia
1105 1223 1231 1257 cum

157 1280 404 1333 oratione
435 1295 575 1345 opus
613 1279 688 1331 sit
731 1279 898 1330 etiam
943 1277 1234 1343 disciplina

157 1352 441 1403 virtutum.
473 1351 606 1410 Quae
634 1350 717 1401 vis
744 1351 845 1400 tibi
871 1349 989 1400 fieri
1025 1365 1058 1400 a
1098 1366 1233 1399 con—

159 1436 335 1480 servo,
364 1435 427 1470 ea
452 1430 512 1470 tu
533 1436 660 1487 erga
682 1419 1013 1486 proximum,
1032 1419 1230 1486 inquit.

157 1491 398 1544 ostende.
439 1491 588 1550 Quid
623 1505 869 1556 unquam
897 1490 1004 1551 hoc
1031 1504 1232 1555 praece-

158 1571 280 1628 pto,
327 1570 424 1611 aut
467 1561 639 1612 levius
677 1560 974 1621 invenitur,
1018 1570 1110 1610 aut
1141 1562 1233 1625 ju-

155 1633 328 1686 stius?
350 1653 379 1681 τ)
405 1634 517 1684 haec
543 1633 988 1702 Chrysam.
1010 1632 1082 1682 Et
1103 1632 1234 1698 quia

153 1703 286 1769 justi
319 1703 523 1754 faciunt
551 1703 666 1754 haec
693 1703 895 1763 omnia,
925 1702 1068 1763 ide0,
1106 1702 1233 1752 mul-

156 1782 268 1827 mm
293 1776 440 1826 malet
468 1776 770 1842 deprecatio
807 1774 943 1840 justi
979 1774 1230 1825 assidua.

154 1846 343 1898 Iustus
381 1846 583 1912 quippe
611 1845 766 1897 fortis
788 1845 956 1896 ωτι-ῖς,
969 1854 1025 1896 et
1042 1860 1233 1896 murus

160 1919 325 1970 estin
347 1919 604 1979 adversis,
639 1929 691 1969 et
720 1933 777 1969 se
804 1928 857 1969 et
878 1918 1018 1968 alios
1042 1918 1230 1968 defien-

162 1993 244 2045 dit
275 1993 346 2044 ab
372 1993 470 2044 eiS.
497 1993 650 2044 Unde
676 1992 847 2058 figura
882 1992 938 2041 in
973 1991 1233 2042 Numeris

162 2072 274 2125 est,
305 2063 402 2113 ubi
443 2064 646 2115 dicitur
688 2064 834 2130 quod
873 2065 1051 2114 Aaron
1081 2074 1232 2113 stans

161 2137 306 2188 inter
339 2147 585 2187 mortuos
611 2147 664 2188 et
698 2136 879 2197 vivos,
920 2137 1232 2202 deprecatus

161 2218 259 2268 est,
287 2218 343 2259 et
365 2209 519 2274 plaga
540 2207 781 2272 cessavit,
808 2216 864 2259 et
885 2207 954 2258 ab
979 2206 1232 2258 incendio

161 2294 255 2332 eos
296 2279 562 2331 liberavit.
615 2280 770 2330 Unde
817 2289 871 2330 et
919 2294 1085 2344 super
1135 2278 1232 2329 illo

158 2350 326 2403 verbo
351 2351 582 2401 Genesis
610 2368 625 2400 ε
654 2352 783 2401 Non
807 2351 991 2402 delebo
1007 2357 1233 2417 propter

159 2422 366 2484 decem,
414 2421 548 2471 dicit
587 2421 910 2473 Ambrosius
943 2440 969 2473 ς
1016 2439 1044 2468 ι(
1087 2421 1232 2471 Hinc

157 2492 430 2543 discamus
457 2502 689 2559 quantus
713 2508 905 2543 murus
937 2492 1010 2543 sit
1044 2492 1231 2558 patriae

158 2563 329 2614 homo
360 2564 552 2629 justuS.
577 2564 802 2614 Illomm
827 2563 962 2614 fides
988 2580 1086 2614 vos
1113 2579 1230 2615 ser-

157 2646 266 2696 vat,
305 2636 508 2701 justitia
541 2638 612 2687 ab
639 2637 767 2687 odio
790 2636 977 2687 divino
1005 2652 1108 2687 nos
1127 2637 1230 2687 de-

155 2705 348 2757 fendit.
376 2725 405 2753 n
432 2706 591 2757 Unde
623 2716 675 2757 et
699 2707 1005 2772 Gregorius
1022 2723 1043 2759 .·
1061 2725 1095 2753 -α
1116 2707 1230 2757 Me-

156 2775 268 2828 lius
295 2786 500 2841 pugnat
517 2777 601 2827 vir
628 2778 801 2842 justus
821 2776 1042 2837 orando,
1062 2792 1230 2843 quam

157 2847 434 2898 innumeri
512 2848 839 2913 praeliatores
918 2850 1228 2914 pugnandO.

158 2917 350 2968 Oratio
381 2918 526 2967 enim
565 2917 668 2967 viri
707 2917 835 2982 justi
859 2918 1023 2969 coelos
1063 2934 1229 2983 pene-

155 2998 281 3049 trat,
315 2990 590 3055 quomodo
613 3006 744 3056 ergo
770 2990 827 3039 in
858 2990 1015 3040 tetris
1044 2990 1228 3042 hostes

158 3075 273 3110 non
308 3059 515 3110 vincat?
560 3080 587 3108 n
626 3061 699 3111 Et
736 3071 867 3111 nota
903 3061 1051 3127 quod
1097 3077 1228 3112 cum

157 3128 364 3180 dictum
408 3129 479 3180 sit
519 3131 724 3195 omnia,
775 3130 877 3181 hoc
917 3131 1228 3182 mandatnm

159 3215 273 3249 non
326 3199 543 3265 implet,
606 3201 700 3268 qui
772 3202 979 3268 aliquid
1036 3202 1228 3253 talium

159 3270 385 3335 omittit,
423 3273 685 3338 praecipue
727 3274 944 3339 quando
974 3273 1108 3325 illud
1155 3274 1231 3325 fa·-

157 3356 279 3391 cere
308 3351 497 3407 potest,
522 3342 627 3394 nisi
660 3345 832 3408 majus
858 3344 1064 3395 bonum
1095 3345 1230 3395 illud

159 3422 398 3462 excuset.
441 3412 584 3472 Quid
608 3429 733 3480 ergo
761 3415 967 3466 dicetur
993 3416 1061 3465 de
1100 3415 1228 3479 illis,

160 3483 257 3550 qui
280 3499 391 3532 non
410 3492 619 3535 tantum
638 3486 955 3551 omittendO,
975 3487 1068 3537 sed
1093 3486 1232 3538 alios

159 3555 535 3622 multipliciter
570 3557 890 3625 affligendo„
929 3560 1081 3627 quod
1119 3559 1230 3610 sibi

160 3627 360 3678 nolunt
395 3626 541 3688 lieri,
587 3627 709 3679 aliis
743 3628 1031 3691 facientes,
1065 3630 1233 3696 hujus

49 3753 56 3759 ,
159 3696 400 3748 mandati
429 3708 845 3764 transgressores
884 3699 1232 3751 efficiuntur?

158 3768 279 3820 Dici
318 3779 494 3835 potest
529 3771 675 3837 quod
721 3770 938 3838 perfecti
983 3781 1233 3823 tenentur

160 3840 230 3891 ad
273 3851 569 3908 utrumque
590 3881 604 3904 ,
647 3842 846 3894 scilicet
875 3842 1017 3894 nihil
1039 3844 1230 3895 talium

161 3911 443 3976 omittere,
483 3923 536 3965 et
563 3912 706 3967 nihil
732 3915 1050 3979 molem,
1084 3914 1231 3983 quod

2308 303 2421 373 383:

1350 421 1456 472 sibi
1498 421 1721 480 nollent,
1754 421 1876 471 aliis
1910 420 2125 472 inferre.
2158 420 2417 486 Imperfe-

1346 492 1420 542 αἱ
1440 501 1622 542 autem
1652 500 1902 542 tenentur
1920 492 1990 541 ad
2018 491 2292 551 ultimum,
2320 491 2415 542 sed

1348 579 1460 615 non
1494 563 1565 613 ad
1603 562 1860 628 primum,
1903 563 2009 625 nisi
2055 563 2114 613 in
2154 578 2279 612 casu
2310 578 2416 612 ne-

1346 635 1633 698 cessitatis;
1660 635 1787 700 quia
1808 635 2049 700 primurn
2070 634 2128 684 in
2147 635 2239 686 tali
2263 650 2412 698 casu,

1345 716 1427 756 est
1452 705 1720 771 praecepti,
1741 706 1836 754 sed
1858 704 1917 754 in
1932 705 2078 769 aliis,
2106 713 2189 755 est
2217 720 2412 770 super-

1343 775 1690 840 erogationis.
1731 775 1871 826 Cum
1909 790 2037 841 ergo
2089 775 2163 831 ‚sit
2215 775 2443 841 duplex,

1343 855 1669 911 praeceptum
1719 844 1856 911 legis
1897 844 2154 896 naturalis
2188 861 2205 895 z
2241 861 2415 896 unum

1343 918 1672 984 negativum,
1694 918 1760 968 de
1779 933 1888 983 quo
1907 917 1966 967 in
1986 918 2160 968 Tobia
2180 917 2378 969 dicitur
2394 935 2414 969 ε

1343 988 1505 1049 Quod
1526 989 1600 1038 ab
1624 988 1737 1039 alio
1760 989 1861 1038 tibi
1886 988 2067 1039 oderis
2093 988 2254 1054 fieri,
2292 989 2421 1040 vide

1339 1060 2419 1198 fflhfflffifflufiafffissssfflrffi

1340 1203 1444 1254 hoc
1497 1203 1847 1263 affirmativo,
1905 1202 2218 1268 negativum
2276 1203 2412 1253 illud

1339 1275 1683 1342 intelligitur.
1748 1275 1904 1326 Unde
1953 1274 2414 1357 Chrysostomus:

1338 1348 1532 1399 «Cum
1577 1349 1727 1400 enim
1779 1357 1914 1398 sunt
1950 1348 2073 1397 duae
2118 1347 2252 1409 viae,
2288 1363 2414 1414 quae

1337 1421 1543 1471 ducunt
1569 1422 1635 1472 ad
1669 1421 1958 1479 virtutem,
2002 1418 2206 1470 scilicet
2243 1420 2415 1473 absti-

1339 1493 1525 1543 nentia
1546 1493 1698 1556 mali,
1730 1502 1782 1543 et
1816 1491 2052 1557 operatio
2101 1491 2251 1551 boni,
2275 1492 2417 1542 hanc

1338 1565 1491 1631 ponit
1544 1581 1641 1631 per
1682 1565 1845 1615 istam
1906 1574 1958 1614 et
1999 1563 2152 1614 illam
2200 1564 2415 1630 signifi-

1337 1654 1508 1690 cans:
1534 1658 1561 1687 n
1583 1639 1699 1689 haec
1717 1636 2158 1707 ChryeostomuS.
2181 1638 2248 1687 Et
2271 1637 2417 1688 istud

1337 1707 1719 1759 affirmativum
1750 1709 1816 1758 ad
1845 1708 2102 1773 majorem
2122 1705 2414 1790 perfectio-

1336 1797 1462 1832 nem
1495 1782 1728 1849 obligat‚
1768 1796 1932 1848 quam
1973 1780 2317 1846 negativum,
2356 1791 2413 1831 et

1337 1853 1458 1904 ideo
1482 1853 1797 1905 rationabile
1816 1850 1936 1913 fuit,
1954 1862 2016 1903 ut
2032 1850 2416 1901 affirmativum

1335 1936 1623 2006 poneretur
1650 1926 1703 1976 in
1739 1925 1888 1975 Nova
1933 1924 2101 1989 Lege,
2139 1937 2265 1989 quae
2294 1938 2415 1973 ma-

1334 1995 1464 2059 joris
1510 2004 1592 2046 est
1646 1994 2011 2060 perfectionis.
2071 1993 2152 2043 Ibi
2204 1995 2410 2043 malum

1336 2067 1509 2119 facere
1525 2068 1918 2131 interdicimur,
1938 2066 2031 2116 hic
2048 2075 2230 2115 autem
2250 2065 2413 2115 etiam

1337 2140 1496 2199 malis
1533 2140 1675 2190 bona
1720 2139 1894 2192 facere
1948 2138 2216 2203 jubemur.
2272 2137 2414 2198 Quia

1337 2210 1486 2263 enim
1540 2210 1780 2262 charitas
1824 2209 2042 2276 patiens
2086 2214 2139 2259 et
2178 2208 2427 2274 benigna*

1335 2292 1445 2349 est,
1490 2301 1602 2336 non
1649 2293 1860 2334 tantum
1908 2281 2134 2347 injurias
2179 2282 2411 2347 proximi

1335 2355 1549 2406 fortiter
1594 2354 1862 2414 sustinet,
1906 2353 2001 2403 sed
2034 2353 2156 2417 eius
2184 2367 2416 2417 quoque

1335 2429 1563 2494 gratiam
1592 2427 1828 2494 benigne
1849 2426 2128 2493 praevenit,
2154 2435 2217 2476 ut
2244 2426 2425 2476 bene-

1334 2499 1471 2551 ficiis
1512 2500 1585 2551 ad
1620 2514 1863 2550 amorem
1909 2498 2103 2548 trahat.
2137 2497 2415 2562 Pei-pende

1334 2580 1553 2635 quantoe
1595 2569 1942 2636 perfectionis
1990 2568 2063 2619 sit
2104 2568 2207 2619 hoc
2255 2584 2414 2619 man-

1334 2641 1538 2700 datum,
1560 2641 1716 2706 cujus
1736 2648 1819 2690 est
1835 2639 2074 2702 affectus,
2099 2654 2211 2688 non
2231 2653 2414 2688 aman-

1333 2719 1446 2761 tem
1506 2709 1783 2761 beneficiis
1840 2708 1959 2774 cogi
2023 2708 2091 2758 ad
2151 2723 2417 2760 amorem.

1334 2782 1486 2831 Unde
1516 2798 1626 2832 non
1650 2780 1743 2841 ait,
1777 2790 1937 2846 prout
1957 2778 2179 2839 faciunt,
2208 2778 2366 2829 facite
2390 2795 2416 2843 ;.

1333 2854 1456 2912 sed,
1490 2860 1658 2920 prout
1693 2852 1859 2902 vultis·
1897 2857 1956 2901 ut
1989 2851 2214 2916 faciant
2240 2852 2413 2913 vobis,

1321 2922 1497 2988 facite
1520 2923 1653 2973 illis.
1678 2922 1786 2982 Qui
1807 2922 1948 2973 hanc
1966 2921 2210 2987 regulam
2229 2922 2415 2972 obser·
2494 2927 2502 2938 ‘

1329 3004 1503 3055 vti-net,
1556 2994 1772 3045 nullum
1823 2994 2154 3054 ostenderet,
2198 2993 2339 3044 sicut
2379 3008 2413 3043 a

1331 3066 1485 3116 nullo
1533 3066 1691 3116 vellet
1731 3064 1957 3125 offendi,
1997 3075 2054 3114 et
2102 3064 2226 3115 aliis
2270 3063 2413 3113 bona

1331 3135 1684 3201 impenderet,
1698 3134 1841 3185 sicut
1865 3135 1933 3185 ab
1958 3135 2083 3186 aliis
2110 3134 2269 3185 vellet
2297 3133 2407 3183 sibi

1333 3205 1594 3271 impendi.
1624 3204 1734 3265 Qui
1774 3205 1923 3255 enim
1965 3206 2195 3272 cogitat,
2241 3213 2302 3255 ut
2346 3219 2411 3254 ea

1333 3276 1485 3326 alteri
1524 3276 1698 3337 faciat,
1726 3291 1850 3342 quae
1879 3276 1985 3325 sibi
2008 3276 2075 3325 ab
2099 3275 2264 3324 altero
2288 3273 2405 3323 fieri

1334 3357 1618 3413 exspectat,
1650 3357 1837 3413 pensat
1863 3346 2122 3396 nimirum
2162 3354 2223 3394 ut
2251 3343 2411 3396 malis

1331 3418 1496 3478 bona,
1526 3428 1579 3468 et
1615 3418 1771 3479 bonis
1796 3417 2020 3467 meliora
2047 3414 2315 3466 exhibeat.

1407 3488 1467 3541 15
1497 3491 1689 3540 Suum
1714 3490 1875 3540 Lssms
1913 3504 1980 3538 m·
2011 3487 2410 3537 Paopnz-rmru

1336 3576 1392 3611 m
1421 3576 1526 3619 Quo
1566 3560 1883 3611 conffisrnr?
1920 3587 1982 3596 —
2016 3558 2092 3609 Et
2133 3558 2410 3609 declarans

1335 3630 1494 3682 istius
1535 3631 1782 3697 praecepti
1812 3629 2142 3697 praeconium
2159 3666 2173 3689 ,
2217 3643 2413 3679 conse-

1335 3712 1566 3769 quenter
1583 3701 1830 3767 adjungit
1849 3718 1865 3751 ε
1886 3700 2011 3751 Hoc
2031 3705 2113 3750 est
2131 3698 2267 3749 enim
2285 3699 2411 3749 Lex

1336 3781 1390 3826 et
1434 3775 1755 3841 Prophetae,
1803 3772 1856 3823 id
1885 3783 1967 3823 est
1999 3770 2244 3838 impletio
2277 3769 2415 3835 legis

1336 3846 1595 3898 naturalis
1615 3884 1631 3907 ,
1688 3844 1814 3911 quia
1865 3844 1986 3896 haec
2043 3844 2129 3894 lex
2194 3851 2414 3892 natura-

1338 3915 1408 3969 lis
1479 3915 1680 3984 scripta
1760 3923 1843 3969 est
1906 3914 1965 3967 in
2025 3914 2184 3968 corde
2223 3911 2421 3965 homi·
