2784 4452
367 328 473 394 364

363 445 554 495 bemus
583 443 641 495 in
661 442 809 494 omni
841 458 1003 509 opere
1029 452 1234 493 nostro.
1264 442 1424 494 Unde

357 517 433 567 ait
461 534 476 567 ε
503 518 746 569 Lucerna
766 516 1008 584 corporis
1027 516 1106 567 tui
1131 522 1212 567 est
1239 516 1423 567 oculus

359 594 499 640 tuus·
545 589 646 639 Hic
689 599 770 639 εει
809 587 1007 639 locutio
1041 587 1421 652 metaphorica,

357 674 466 725 qua
493 674 685 726 corpus
708 658 909 709 morale
931 658 1020 709 hic
1040 656 1297 722 accipitur
1325 672 1423 723 pro

358 729 607 795 congerie
634 729 1030 796 operationum,
1062 726 1201 778 sicut
1228 743 1422 794 corpus

358 804 631 855 materiale
677 814 757 855 est
810 803 1057 870 quaedam
1123 803 1422 870 aggregatio

356 875 726 926 membrorum
788 874 1140 934 diversorum,
1202 884 1254 924 et
1300 873 1421 924 ideo

357 944 499 996 sicut
530 947 717 996 oculus
750 946 1039 996 materialis
1079 945 1215 1012 regit
1245 953 1419 995 totum

354 1031 549 1083 corpus
576 1017 864 1077 materiale,
891 1026 943 1067 et
967 1017 1152 1082 dirigit
1181 1017 1423 1067 membra

356 1087 423 1137 ad
464 1089 823 1153 operandum;
859 1087 936 1138 sic
966 1088 1153 1138 oculus
1181 1087 1419 1151 moralis,

354 1158 557 1208 scilicet
584 1158 833 1217 intenti0‚
870 1158 1008 1224 regit
1029 1167 1201 1208 totum
1227 1173 1421 1223 corpus

358 1228 578 1288 morale,
604 1237 656 1278 et
682 1228 867 1293 dirigit
892 1228 1065 1278 varias
1084 1227 1422 1294 operationes

353 1300 411 1350 in
442 1300 620 1351 finem.
655 1301 778 1352 Ideo
824 1301 1072 1352 subditur
1101 1318 1115 1351 ε
1145 1302 1212 1352 Si
1237 1300 1423 1352 oculus

354 1377 480 1420 tuus
509 1371 677 1429 fuerit
707 1372 958 1438 simplex,
990 1371 1045 1421 id
1080 1381 1161 1422 est
1193 1371 1423 1422 intentio

353 1451 492 1492 recta
524 1443 642 1493 sine
677 1442 814 1508 plica
852 1442 1214 1493 simulationis
1255 1452 1308 1493 et
1333 1458 1422 1493 er-

352 1513 523 1574 roris,
567 1520 732 1565 totum
765 1528 960 1578 corpus
1001 1521 1148 1565 tuum
1191 1513 1423 1565 lucidum

351 1586 471 1649 erit,
514 1586 567 1636 id
619 1595 700 1637 est
748 1585 1021 1652 congeries
1051 1586 1423 1653 operationum

358 1669 573 1710 tuarum
635 1659 736 1710 erit
790 1660 933 1710 bona
1001 1670 1052 1710 et
1122 1659 1423 1711 meritoria»

352 1731 563 1783 etiamsi
589 1731 794 1782 nonita
812 1731 1131 1783 hominibus
1153 1732 1422 1796 videatur3

354 1801 486 1851 dum
520 1810 700 1851 tamen
738 1801 1075 1866 operationes
1117 1801 1223 1852 sint
1269 1801 1424 1853 bonae

353 1872 421 1922 de
449 1887 658 1938 genere,
695 1872 780 1922 vel
822 1871 1011 1922 saltem
1059 1870 1425 1924 indifferentes

355 1952 408 1993 et
458 1942 634 2003 licitae,
687 1942 840 1993 aliter
886 1959 999 1993 non
1047 1943 1292 1994 caderent
1319 1945 1421 1994 sub

353 2022 496 2063 recta
558 2013 873 2064 intentione.
939 2013 1091 2065 Unde
1155 2014 1360 2065 Seneca
1403 2032 1422 2066 .-

353 2104 381 2131 «
413 2085 565 2136 Nihil
605 2086 822 2137 interest
871 2102 981 2153 quo
1024 2087 1209 2137 animo
1261 2086 1422 2138 facias

354 2157 500 2223 quod
528 2155 784 2207 vitiosum
809 2166 889 2207 est
907 2156 1112 2218 fecisse,
1132 2157 1260 2224 quia
1288 2157 1421 2209 facta

353 2238 680 2289 cernuntur,
723 2229 940 2280 animus
980 2246 1088 2281 non
1126 2230 1353 2280 videtur.
1388 2250 1417 2278 n

352 2302 422 2353 Si
445 2309 619 2354 autem
639 2302 824 2354 oculus
844 2309 966 2354 tuus
989 2318 1208 2369 nequam
1220 2303 1417 2369 suerit,

352 2374 409 2426 id
440 2384 521 2425 est
546 2375 775 2426 intentio
809 2391 1071 2441 perversa,
1113 2383 1277 2427 totum
1307 2391 1421 2428 cor-

342 2459 454 2511 pus
487 2445 815 2495 tenebrosum
851 2445 971 2508 erit,
1005 2445 1059 2495 id
1096 2456 1176 2497 est
1216 2462 1420 2512 conge-

352 2516 459 2568 ries
497 2517 874 2583 operationum
915 2519 1142 2570 obscura
1170 2534 1263 2585 per
1288 2535 1419 2585 pec-

351 2600 528 2641 catum
558 2599 610 2640 et
643 2591 797 2651 mala,
836 2590 1046 2643 etiamsi
1082 2592 1420 2658 operationes

351 2659 463 2711 sint
498 2662 653 2712 bonae
695 2662 762 2713 de
800 2678 993 2729 genere
1023 2673 1075 2715 et
1103 2663 1420 2714 hominibus

349 2731 631 2782 videantur
660 2741 833 2793 rectae,
862 2734 989 2800 quia
1031 2750 1167 2801 opus
1213 2734 1418 2785 bonum

352 2800 419 2850 de
463 2816 655 2867 genere
690 2802 921 2853 efficitur
951 2805 1153 2854 malum
1190 2819 1254 2854 ex
1293 2819 1419 2870 per-

349 2886 502 2921 versa
528 2871 844 2924 intentione.
877 2873 1012 2924 Vide
1048 2889 1175 2940 ergo
1216 2889 1285 2924 ne
1326 2875 1419 2925 in-

348 2942 519 2993 tentio
569 2953 660 2994 tua
705 2945 775 2995 sit
827 2960 1098 3010 perversa,
1151 2945 1279 3011 quia
1326 2961 1421 3011 per

352 3012 456 3064 hoc
505 3024 977 3081 corrumperentur
1030 3016 1216 3067 omnia
1259 3018 1418 3066 bona.

347 3084 418 3136 Si
444 3098 580 3151 ergo
612 3086 781 3137 lumen
812 3087 953 3152 quod
984 3088 1038 3138 in
1067 3094 1117 3139 te
1147 3095 1244 3151 est,
1275 3094 1421 3138 tene-

350 3154 463 3205 brae
491 3162 628 3221 sunt,
662 3156 715 3206 id
744 3166 824 3207 εει
850 3157 896 3207 si
921 3158 1058 3208 actio
1077 3159 1218 3210 bona
1247 3159 1315 3209 de
1337 3173 1422 3225 ge-

349 3243 496 3289 nere,
539 3244 661 3294 quae
697 3239 778 3280 est
825 3230 977 3295 quasi
1019 3231 1290 3296 quoddam
1329 3231 1421 3280 lu·-

346 3313 495 3359 men,
510 3299 740 3350 efficitur
753 3300 908 3359 mala,
929 3310 1140 3366 propter
1157 3301 1420 3352 defectum

350 3367 669 3421 intentionis
740 3370 926 3431 bonae,
995 3372 1129 3438 ipsae
1194 3373 1421 3423 tenebrae

348 3446 564 3504 quantoe
594 3439 795 3491 erunt?
819 3440 984 3501 Quasi
1009 3441 1207 3492 diceret
1232 3459 1247 3492 ι
1273 3442 1420 3492 Mul-

347 3519 404 3560 to
433 3511 622 3577 magis,
654 3513 782 3579 quia
801 3514 936 3564 actio
956 3513 1094 3564 mala
1116 3515 1180 3565 de
1208 3530 1418 3580 genere,

348 3595 471 3646 quae
505 3591 585 3632 est
612 3582 766 3649 quasi
796 3584 1041 3650 quaedam
1083 3585 1332 3648 tenebrat,
1371 3585 1419 3635 si

349 3666 477 3702 cum
506 3652 609 3703 hoc
640 3654 976 3719 superveniat
1006 3653 1231 3704 intentio
1261 3655 1418 3715 mala,

348 3733 430 3774 est
482 3725 655 3776 multo
708 3726 939 3776 deterior
1004 3741 1170 3792 quam
1228 3726 1419 3791 prima.

351 3794 583 3853 Quando
608 3796 755 3846 enirn
774 3812 893 3863 quae
918 3813 1014 3863 per
1030 3813 1088 3849 se
1112 3798 1250 3848 mala
1278 3806 1418 3859 sunt,

349 3863 511 3913 etiam
561 3882 684 3916 cum
741 3869 881 3918 mala
921 3868 1217 3920 intentione
1260 3868 1416 3931 fiunt,

347 3941 478 3983 tunc
533 3934 729 4001 duplex
792 3937 1160 3991 obtenebratio
1208 3950 1292 3991 est
1321 3956 1336 3990 ι
1365 3950 1420 3991 ει

939 327 1182 378 PRIMAE
1220 326 1471 378 PARTIS
1503 327 1737 379 CAPUT
1768 327 2053 380 xxxvln.

1532 457 1703 509 pravae
1731 442 2061 504 intentionis,
2105 452 2158 494 et
2198 457 2371 509 pravae
2401 457 2601 508 opera—

1530 515 1711 565 tionis·
1747 515 1870 566 Non
1899 531 2025 581 ergo
2052 516 2185 582 quid
2214 516 2466 582 quisque,
2499 517 2598 566 sed

1528 602 1638 652 quo
1660 586 1839 637 animo
1867 586 2021 638 faciat
2047 588 2512 648 considerandum,
2543 597 2601 639 et

1530 658 1705 724 primo
1759 659 1898 710 circa
1940 660 2222 725 puritatem
2274 659 2598 711 intentionis

1529 729 1876 780 laborandum
1900 739 1998 790 est,
2022 731 2153 797 quia
2180 732 2293 781 sine
2318 730 2433 797 ipsa
2457 746 2599 797 opus

1528 815 1759 866 sequens
1783 800 1921 851 nihil
1944 803 2098 852 valet.
2121 803 2300 868 ltaque
2319 802 2365 852 si
2387 801 2600 852 bonum

1528 871 1667 921 bona
1695 871 1991 922 intentione
2018 871 2220 932 feceriS,
2251 888 2361 922 non
2389 871 2601 922 habens

1529 943 1585 993 in
1619 954 1710 994 tua
1758 945 2081 996 conscientia
2122 946 2357 1011 aliquam
2388 955 2602 1011 partem

1527 1016 1822 1067 tenebrosae
1855 1016 2212 1084 cogitationis,
2257 1017 2605 1067 illuminatur

1528 1087 1688 1138 etiam
1718 1087 1912 1138 factum
1941 1098 2116 1149 tuum,
2141 1088 2600 1155 qualemcumque

1526 1158 1728 1209 exitum
1758 1159 2029 1220 habuerit,
2077 1169 2129 1210 et
2170 1159 2497 1210 illuminabit
2525 1169 2601 1220 te,

1528 1231 1583 1280 id
1607 1239 1685 1281 est
1722 1231 2060 1296 splendidum
2092 1241 2144 1282 et
2180 1230 2447 1297 fulgidum
2483 1230 2604 1280 red—

1527 1305 1632 1367 det,
1675 1302 1763 1354 hic
1799 1304 2079 1368 splendore
2107 1304 2309 1370 gratiae,
2336 1313 2388 1353 et
2418 1304 2473 1352 in
2504 1302 2601 1353 fu·

1528 1384 1649 1423 turo
1701 1373 1982 1439 splendore
2028 1374 2229 1440 gloriae.
2276 1373 2348 1424 Et
2384 1372 2430 1423 si
2457 1374 2604 1424 bene

1528 1444 1685 1494 alicui
1740 1444 2011 1509 proveniat
2057 1445 2202 1511 quod
2227 1454 2286 1494 tu
2320 1459 2431 1493 non
2455 1454 2603 1494 recta

1530 1527 1582 1568 et
1610 1519 1812 1569 munda
1841 1518 2137 1569 intentione
2168 1517 2317 1581 facis,
2358 1533 2603 1583 quomo-

1530 1589 1600 1638 do
1650 1598 1709 1638 tu
1757 1588 1948 1639 feceris
1985 1588 2084 1639 tibi
2131 1588 2443 1654 imputatur,
2483 1604 2601 1637 non

1531 1662 1805 1726 quomodo
1824 1660 1902 1710 illi
1936 1660 2255 1726 provenerit.
2278 1659 2444 1726 Igitur
2473 1673 2604 1709 cave

1530 1748 1597 1783 ne
1626 1733 1741 1799 ipsa
1769 1732 1944 1783 cordis
1972 1731 2221 1792 intentio,
2247 1747 2370 1797 quae
2408 1732 2602 1781 lumen

1530 1812 1610 1854 est
1638 1803 1849 1863 animae,
1877 1802 2134 1853 vitiorum
2161 1800 2386 1867 caligine
2417 1800 2605 1851 fusce-

1530 1883 1635 1935 tur,
1656 1882 1716 1924 ut
1737 1873 1928 1924 oculus
1950 1872 2178 1938 simplex
2204 1882 2379 1923 totum
2405 1886 2606 1936 corpus

1530 1943 1683 1995 faciat
1729 1944 1999 2007 lucidum;
2032 1953 2298 2009 quatenus
2327 1940 2602 2008 quidquid

1530 2016 1735 2077 feceris,
1782 2015 1939 2067 facias
1978 2026 2193 2082 propter
2219 2015 2413 2074 Deum,
2455 2023 2509 2063 et
2530 2013 2602 2063 ad

1528 2089 1705 2140 locum
1735 2090 1879 2139 unde
1907 2097 2102 2138 exeunt
2143 2087 2325 2153 gratiae
2357 2086 2599 2150 redeant,

1525 2170 1577 2210 et
1601 2159 1795 2210 iterum
1817 2158 2004 2209 fluant.

1593 2229 1626 2281 6
1659 2232 1879 2281 Duouus
1901 2245 2113 2281 nomms
2136 2244 2242 2280 non
2261 2244 2602 2280 saavmnnuu

1524 2320 1639 2355 Εετ.
1659 2332 1719 2342 -
1748 2305 1814 2354 Ει
1844 2304 1972 2370 quia
1994 2303 2189 2370 aliquis
2217 2302 2437 2368 cupiens
2461 2317 2605 2352 asse-

1526 2374 1620 2442 qui
1648 2383 1854 2425 terrena
1881 2384 1934 2425 et
1951 2373 2186 2425 coelestia
2204 2383 2384 2439 posset
2400 2373 2601 2432 dicere,

1524 2445 1669 2512 quod
1725 2456 1864 2495 recta
1913 2454 1966 2495 et
2007 2444 2237 2510 simplex
2270 2452 2443 2510 potest
2480 2457 2601 2494 esse

1527 2516 1773 2577 intenti0‚
1794 2525 1855 2567 ut
1877 2515 2002 2582 quis
2019 2524 2136 2581 agat
2158 2523 2210 2565 et
2232 2524 2449 2580 propter
2467 2522 2605 2564 tem—

1526 2587 1727 2653 poralia
1764 2597 1817 2637 ει
1855 2595 2071 2652 propter
2093 2586 2267 2636 Deum
2304 2585 2443 2635 bona
2476 2600 2602 2651 quae

1526 2657 1653 2724 agit,
1675 2657 1787 2707 ¹hoc
1814 2665 2051 2707 removet
2082 2657 2327 2722 exemplo
2359 2656 2601 2706 duorum

1526 2728 1913 2779 contrariorum
1941 2726 2308 2790 dominorum,
2337 2727 2468 2792 quia
2499 2740 2602 2777 ne—

1526 2814 1611 2849 mo
1635 2803 1814 2865 potest
1842 2799 2048 2850 servire
2095 2798 2302 2848 duobus
2342 2797 2598 2861 domini-5,

1524 2869 1727 2920 scilicet
1771 2868 2053 2920 contrariis
2095 2878 2149 2919 et
2188 2868 2492 2934 disparatis,
2545 2878 2603 2919 et

1527 2956 1637 2990 non
1675 2939 2136 3006 superalternatim
2182 2939 2388 3004 positis.
2433 2940 2599 3000 Nam,

1525 3024 1587 3064 ut
1630 3013 1704 3063 ait
1749 3013 1902 3064 Beda
1943 3030 1962 3064 .·
2004 3031 2033 3060 α
2067 3013 2189 3063 Non
2240 3013 2380 3063 valet
2428 3012 2602 3063 simul

1524 3084 1830 3136 transitoria
1869 3094 1922 3134 et
1963 3092 2159 3134 aeterna
2201 3083 2443 3148 diligere.
2467 3103 2495 3131 n
2522 3084 2605 3135 Et

1523 3158 1865 3224 Augustinus
1891 3174 1910 3208 .·
1940 3175 1969 3204 α
2014 3156 2169 3207 Unus
2231 3158 2418 3208 oculus
2483 3173 2601 3208 non

1527 3239 1699 3296 potest
1723 3229 1901 3279 videre
1946 3229 2003 3278 in
2047 3229 2267 3279 coelo·et
2301 3229 2359 3279 in
2383 3239 2544 3281 terra.
2572 3249 2603 3278 n

1530 3301 1684 3351 Unde
1710 3309 1763 3350 et
1794 3300 2110 3367 Cyprianus
2134 3317 2152 3351 .-
2179 3318 2206 3346 α
2223 3300 2412 3350 Mundi
2443 3316 2607 3352 amor

1526 3380 1579 3421 et
1610 3370 1707 3420 Dei
1735 3370 1933 3435 pariter
1966 3369 2024 3420 in
2061 3385 2172 3420 uno
2213 3369 2456 3421 habitare
2484 3386 2603 3421 non

1528 3454 1781 3512 possunt,
1823 3445 2278 3509 quemadmodum
2307 3446 2450 3495 oculi
2483 3463 2605 3498 coe—

1528 3519 1642 3569 lum
1682 3527 1734 3568 et
1768 3527 1963 3567 terram
1993 3533 2331 3584 nequaquam
2367 3521 2604 3585 conspi—

1526 3590 1690 3640 ciunt.
1714 3607 1742 3635 n
1762 3588 1850 3638 Sic
1872 3598 2050 3638 autem
2079 3588 2209 3639 dicit
2231 3587 2607 3655 Philosophus

1528 3661 1584 3712 in
1641 3660 1780 3711 libro
1829 3660 1896 3710 de
1939 3659 2265 3710 animalibus
2308 3676 2323 3709 ε
2368 3679 2397 3707 α
2454 3662 2606 3714 Aves

1524 3731 1778 3782 claudunt
1803 3730 1987 3781 oculos
2014 3746 2140 3781 cum
2169 3730 2419 3797 palpebra
2453 3731 2605 3783 infe-

1526 3802 1682 3866 riori,
1734 3800 1986 3852 animalia
2039 3818 2164 3853 vero
2224 3817 2407 3868 grossa
2468 3819 2605 3855 cum

1563 3873 1777 3939 alpebra
1803 3871 2082 3937 superiori.
2102 3892 2130 3920 n
2155 3872 2253 3922 Per
2279 3887 2401 3923 aves
2428 3872 2606 3925 intel-

1551 3939 1772 4006 iguntur
1819 3941 1922 3993 viri
1984 3942 2314 4009 spirituales,
2363 3944 2462 4010 qui
2528 3947 2606 3996 ad
