2784 4452
663 302 758 354 DE
782 302 1296 355 SUSCITATIONE
1326 302 1487 354 FILII
1511 302 1753 356 VIDUAE
1781 305 1976 355 NAIM.

209 420 533 473 Ambrosius
555 438 574 471 .-
608 438 637 466 «
660 420 839 471 Omne
867 429 1137 486 peccatum
1162 436 1286 470 con·

205 491 502 543 suetudine
557 490 790 551 vilescit,
865 500 918 541 et
964 489 1025 540 fit
1072 489 1283 541 homini

216 564 367 631 quasi
398 564 607 614 nullum
653 563 753 626 sit;
773 562 852 613 sic
882 572 934 613 et
962 577 1282 622 econverso,

211 635 397 685 omnis
431 634 602 685 virtus
640 635 783 684 bona
814 633 1199 684 consuetudine
1225 632 1285 683 fit

206 717 363 773 grata
416 717 469 756 et
516 706 704 766 facilis,
760 708 888 773 quia
926 706 1064 756 nihil
1107 706 1286 757 differt

212 779 442 831 assuesci
488 780 582 843 sic,
624 781 708 830 vel
748 780 844 830 sic.
886 799 916 827 n
958 779 1179 845 Triplex
1205 789 1286 830 est

213 866 342 916 ergo
384 865 530 900 mors
558 847 728 916 culpae
756 850 1031 917 designata
1058 850 1115 899 in
1142 864 1284 916 prae-

212 920 479 971 dictorum
547 920 712 970 trium
778 930 970 981 morte,
1039 920 1280 971 scilicet:

212 1004 486 1060 peccatum
532 994 722 1054 cordiS,
768 1004 1041 1059 peccatum
1088 991 1281 1058 operis,

211 1074 265 1114 et
294 1073 562 1128 peccatum
606 1064 1025 1114 consuetudinis.
1067 1065 1126 1115 In
1156 1079 1284 1114 sus-

211 1134 467 1184 citatione
515 1149 640 1185 vero
681 1134 876 1185 horum
918 1134 1082 1186 trium
1132 1149 1284 1184 mor-

213 1214 433 1254 tuorum
452 1214 729 1254 ostensum
759 1214 856 1265 est,
884 1205 1029 1271 quod
1048 1205 1287 1255 Salvator

213 1287 529 1342 potestatem
592 1277 750 1327 habet
806 1291 968 1342 super
1018 1275 1285 1342 triplicem

217 1358 465 1406 mortem,
516 1346 721 1397 scilicet
762 1363 777 1396 z
834 1356 1065 1408 naturae,
1118 1347 1287 1411 culpae

217 1427 269 1469 et
321 1418 610 1483 gehennae3
667 1433 827 1484 super
884 1419 1149 1484 triplicem
1204 1417 1290 1467 vi-

218 1499 346 1547 tam,
385 1487 586 1538 scilicet
617 1504 631 1538 ε
660 1498 881 1547 naturae,
921 1488 1123 1554 gratiae,
1168 1487 1290 1553 glo—

215 1558 330 1608 riae.
371 1557 634 1616 Quartum
657 1567 950 1617 mortuum,
982 1557 1290 1607 insinuante

219 1629 507 1694 discipulo,
550 1628 773 1688 audivit,
811 1629 903 1678 sed
940 1628 1005 1678 ad
1043 1644 1168 1678 eum
1214 1627 1292 1678 ire

219 1699 415 1758 noluit,
445 1698 502 1749 id
529 1709 610 1749 est
638 1700 701 1749 ad
730 1710 1005 1750 mortuum
1036 1699 1094 1749 in
1118 1697 1293 1749 obsti-

219 1773 458 1832 natione,
479 1772 567 1822 vel
593 1772 980 1838 desperatione,
1009 1788 1103 1823 seu
1135 1786 1293 1838 prava

226 1844 421 1912 peccati
460 1844 822 1909 excusatione3
853 1846 919 1909 de
950 1861 1060 1912 quo
1109 1844 1246 1894 dixit
1276 1860 1289 1893 ε

218 1917 446 1968 Dimitte
500 1923 738 1968 mortuos
787 1917 1015 1985 Sepelit-e
1055 1922 1293 1967 mortuos

221 2003 368 2039 sum.

283 2060 316 2111 6
354 2061 608 2120 Qursts
636 2076 719 2110 sn·
742 2075 917 2110 Anum:
941 2075 1139 2111 surus
1163 2074 1294 2109 nuu-

213 2148 360 2191 thu
424 2147 803 2182 unsri-:amnuit
878 2147 991 2183 nsr.
1041 2159 1101 2169 —
1165 2130 1291 2181 Haec

217 2204 385 2272 igitur
408 2204 702 2268 audientes,
725 2203 818 2270 qui
842 2213 998 2265 stant,
1027 2218 1135 2253 non
1164 2217 1295 2268 prae·

219 2288 456 2339 sumant,
490 2279 583 2328 sed
624 2278 762 2329 cauti
800 2277 928 2338 sint,
968 2293 1034 2328 ne
1069 2276 1288 2339 cadant;

220 2362 273 2403 et
311 2352 406 2417 qui
452 2351 776 2410 ceciderunt,
825 2367 935 2400 non
987 2351 1288 2416 desperent,

213 2423 311 2473 sed
326 2421 541 2472 solliciti
573 2421 700 2480 sint,
732 2434 791 2472 ut
819 2431 1112 2488 resurgant.
1138 2420 1293 2470 Unde

220 2492 564 2559 Augustinus
600 2509 618 2541 .·
661 2509 689 2537 α
731 2492 860 2541 Haec
890 2507 1036 2557 ergo,
1084 2489 1294 2541 charis-

223 2563 373 2623 simi,
410 2561 734 2622 audivimuS,
767 2570 828 2611 ut
864 2560 959 2626 qui
988 2560 1177 2610 vivunt
1202 2559 1292 2609 vi-

222 2646 365 2694 vant,
400 2634 493 2701 qui
542 2635 740 2685 mortui
785 2643 912 2684 sunt
959 2632 1292 2683 reviviscant.

217 2706 347 2757 Sive
369 2705 547 2755 adhuc
576 2715 850 2770 peccatum
890 2704 947 2754 in
978 2707 1134 2755 corde
1157 2719 1293 2754 con-

223 2786 440 2841 ceptum
491 2790 598 2825 non
650 2776 909 2840 processit
957 2775 1013 2825 in
1074 2776 1293 2835 factum,

226 2847 500 2913 poeniteat,
549 2846 847 2912 corrigatur
887 2846 1156 2912 cogitati0,
1205 2862 1295 2896 re—

226 2929 411 2984 surgat
455 2929 701 2968 mortuus
748 2920 886 2970 intra
913 2919 1137 2969 domurn
1167 2935 1297 2969 con-

225 2989 476 3041 scientiae.
505 2990 629 3039 Sive
654 2991 759 3056 jam
802 2992 947 3057 quod
982 2989 1299 3055 excogitavit

223 3061 489 3124 admissit,
535 3076 631 3110 nec
680 3060 757 3110 sic
800 3062 1131 3127 desperetur;
1186 3077 1296 3112 non

224 3132 458 3182 surrexit
495 3142 742 3181 mortuus
778 3131 947 3191 intuS,
982 3140 1166 3197 surgat
1187 3132 1299 3182 ela-

223 3214 332 3261 ωε,
363 3202 616 3267 poeniteat
649 3201 790 3265 facti,
835 3203 902 3253 de
929 3203 1178 3268 proximo
1212 3218 1301 3252 re-

223 3273 463 3333 viviscat,
521 3290 631 3323 non
674 3283 757 3323 eat
805 3273 861 3342 in
899 3273 1164 3339 profunda
1208 3289 1302 3324 se-

228 3347 487 3412 pulturae,
567 3362 676 3395 non
761 3345 984 3411 accipiat
1073 3348 1304 3412 desuper

225 3418 631 3469 consuetudinis
687 3419 907 3469 molem.
985 3420 1089 3470 Sed
1166 3420 1304 3472 forte

228 3490 337 3554 jam
376 3489 456 3538 illi
487 3490 699 3554 loquor,
741 3489 837 3555 qui
880 3490 991 3555 jam
1031 3490 1170 3540 duro
1213 3490 1299 3540 sui

228 3559 391 3609 molis
417 3560 590 3626 lapide
623 3559 898 3625 premitur,
929 3561 1024 3626 qui
1063 3561 1169 3626 jam
1208 3578 1305 3612 ur-

230 3641 384 3698 getur
427 3632 834 3682 consuetudinis
882 3634 1137 3698 pondere,
1210 3634 1303 3700 qui

228 3705 339 3768 jam
388 3702 776 3769 quatriduanus
826 3713 1006 3769 putet;
1064 3721 1158 3756 nec
1191 3704 1305 3771 ipse

230 3774 504 3838 desperet,
555 3773 817 3839 profunde
875 3786 1123 3825 mortuus
1194 3786 1305 3836 est,

227 3843 325 3893 sed
354 3844 513 3894 altius
537 3856 616 3895 est
650 3844 917 3908 Christus,
948 3857 1116 3912 agunt
1143 3847 1304 3897 etiam

229 3915 367 3965 tales
433 3916 821 3982 poenitentiam.
893 3918 1081 3984 Neque
1158 3918 1305 3968 enim

2353 302 2456 368 423

1388 421 1589 473 Lazaro
1626 419 1934 471 resuscitato
1967 428 2087 486 post
2113 418 2462 486 quatriduum

1390 491 1536 541 ullus
1576 500 1734 557 putor
1771 489 1828 539 in
1861 489 2074 540 vivente
2102 498 2429 546 remanserat
2441 504 2459 553 3

1389 579 1517 630 ergo
1562 563 1658 629 qui
1714 561 1923 625 vivunt,
1971 561 2172 625 vivant,
2222 560 2316 628 qui
2360 577 2463 613 au-

1389 646 1498 685 tem
1524 634 1723 685 mortui
1753 644 1899 695 sunt,
1931 633 1988 683 in
2017 648 2338 701 quacunque
2360 634 2465 687 ha-

1390 724 1514 758 rum
1580 707 1748 759 trium
1790 716 1962 758 morte
2015 721 2073 757 se
2143 704 2464 765 invenerint,

1391 779 1761 845 poenitentiam
1798 789 1974 845 agant,
2020 777 2327 836 accelerent,
2356 776 2464 843 jam

1389 859 1684 917 resurgant.
1732 869 1760 898 n
1821 850 1974 901 Unde
2028 860 2081 900 et
2144 848 2468 916 Chryso-sto-

1389 936 1542 971 mus:
1566 940 1594 968 ιι
1615 922 1694 972 Ne
1720 921 2001 972 audiamus
2014 920 2108 987 qui
2130 930 2353 980 stamus,
2372 919 2468 970 sed

1388 995 1633 1046 dicamus
1652 995 1809 1046 nobis
1840 994 2011 1061 ipsis.
2039 993 2148 1056 Qui
2167 1007 2226 1044 se
2256 992 2470 1046 aexisti·

1389 1072 1503 1116 mat
1515 1072 1678 1129 stare,
1702 1067 1880 1118 videat
1903 1080 1968 1117 ne
1981 1068 2177 1127 cadat,·
2197 1080 2263 1115 ne
2285 1054 2470 1131 despe-

1390 1153 1572 1188 remus
1598 1137 1643 1187 si
1658 1106 1971 1198 cecidimus,
2003 1137 2096 1188 sed
2118 1137 2360 1187 dicamus
2378 1150 2471 1185 no-

1389 1209 1476 1259 bis
1491 1224 1504 1257 :
1517 1206 1775 1274 Nunquid
1795 1225 1881 1274 qut
1873 1208 2045 1259 cadit
2059 1223 2160 1258 non
2179 1203 2471 1274 resurget?

1391 1279 1613 1330 Etenim
1653 1279 1812 1330 multi
1852 1279 1910 1330 in
1955 1279 2138 1345 ipsum
2169 1277 2288 1328 coeli
2316 1275 2473 1328 verti·

1394 1367 1510 1401 cem
1552 1351 1893 1401 ascendentes
1921 1359 1972 1401 et
2000 1365 2221 1399 omnem
2256 1347 2470 1414 patien-

1395 1425 1527 1473 tiam
1573 1422 2019 1489 demonstrantes,
2080 1437 2271 1488 parum
2337 1418 2471 1485 lapsi

1397 1503 1543 1557 sunt,
1574 1502 1625 1544 et
1651 1494 1717 1543 ad
1745 1493 1925 1560 ipsum
1953 1501 2218 1544 venerunt
2253 1489 2473 1541 malitiae

1400 1565 1731 1616 barathrum.
1783 1564 1891 1614 Alii
1943 1574 2123 1613 autem
2174 1576 2364 1614 rursus
2408 1560 2473 1610 ad

1399 1635 1595 1685 coelum
1624 1634 1747 1684 inde
1775 1633 2145 1693 ascenderunt,
2176 1642 2230 1683 et
2257 1647 2289 1682 a
2317 1644 2476 1703 scena

1399 1716 1451 1755 et
1487 1704 1826 1765 scurrilitate,
1878 1704 1943 1754 ad
1987 1702 2302 1770 Angelicam
2344 1711 2473 1754 sunt

1398 1774 1641 1826 translati
1700 1775 2059 1828 urbanitatem
2079 1812 2093 1834 ,
2163 1783 2216 1824 et
2270 1781 2475 1824 tantam

1400 1848 1751 1898 ostenderunt
1776 1846 2052 1905 virtutem,
2091 1854 2151 1895 ut
2197 1845 2474 1895 daemonoe

1398 1918 1694 1986 abegerint,
1731 1927 1783 1969 et
1813 1917 1981 1967 multa
2021 1916 2178 1982 signa
2223 1915 2327 1966 alia
2355 1928 2477 1981 ope-

1399 1991 1499 2042 rati
1527 1990 1747 2054 fuerint,
1769 1998 1821 2039 et
1838 1990 2036 2039 horum
2054 1988 2276 2055 quidem
2304 1986 2474 2052 plenae

1399 2070 1525 2112 sunt
1548 2060 1853 2126 Scripturae,
1879 2070 1933 2110 et
1965 2060 2123 2125 plena
2145 2059 2255 2108 vita
2286 2072 2476 2108 exem—

1399 2134 1503 2200 plis
1569 2133 1745 2183 nobis.
1796 2132 2267 2193 Quemadmodum
2325 2128 2476 2185 en‘im

1398 2204 1591 2256 medici
1644 2204 1975 2258 difficiliores
2017 2202 2362 2279 aegritudines
2397 2201 2474 2255 li-

1398 2277 1510 2327 bris
1551 2276 1874 2338 inscribunt,
1924 2286 1978 2327 et
2020 2266 2183 2340 hujus
2223 2271 2478 2326 emenda-

1398 2349 1568 2400 tionis
1598 2348 1939 2408 methodum,
1969 2347 2024 2399 id
2065 2357 2145 2399 est
2175 2346 2476 2397 doctrinam

1401 2423 1613 2482 docent,
1661 2430 1722 2471 ut
1762 2420 1819 2472 in
1856 2421 2151 2487 majoribus
2205 2417 2478 2471 exercitati

1401 2494 1555 2544 facile
1602 2493 1815 2544 minora
1862 2504 2146 2560 superant3
2184 2493 2257 2542 ita
2289 2491 2481 2559 utique

1401 2577 1453 2616 et
1479 2567 1624 2616 Deus
1654 2580 1845 2631 magna
1882 2575 2099 2631 peccata
2132 2564 2190 2613 in
2235 2562 2479 2614 medium

1401 2638 1641 2702 adduxit,
1689 2647 1749 2687 ut
1790 2637 1884 2704 qui
1915 2652 2074 2702 parva
2118 2636 2479 2701 deliquerunt,

1402 2725 1496 2775 per
1520 2709 1610 2760 illa
1657 2707 1893 2758 facilem
1908 2708 2106 2757 horum
2157 2704 2483 2756 emandatio-

1403 2795 1529 2832 nem
1558 2778 1851 2829 inveniant.
1887 2776 1944 2826 Si
1975 2776 2121 2826 enim
2163 2776 2365 2841 majora
2392 2773 2483 2823 ha·

1404 2852 1639 2902 buerunt
1689 2849 2038 2909 sanationem,
2096 2848 2271 2897 multo
2308 2844 2482 2911 magis

1404 2923 1632 2974 minora.
1694 2921 1863 2987 Igitur
1934 2934 2207 2971 armemus
2275 2931 2484 2967 nosme-

1401 2993 1573 3058 tipsos
1631 2991 1792 3040 bonis
1854 2989 2277 3056 operationibuS,
2329 2995 2381 3036 et
2433 2983 2481 3035 si

1404 3063 1674 3115 advenerit
1711 3063 1931 3129 aliquod
1970 3062 2244 3119 delictum,
2291 3058 2484 3108 ablua-

1405 3155 1547 3200 mur,
1577 3147 1638 3188 ut
1662 3136 1812 3204 digni
1838 3136 2179 3187 efficiamur
2167 3151 2225 3184 in
2251 3130 2484 3199 gloriam

1406 3208 1500 3259 Dei
1531 3207 1771 3259 viventes
1817 3218 2139 3273 praesentem
2177 3204 2363 3263 vitam,
2390 3202 2486 3256 fu-

1405 3289 1524 3329 tura
1566 3277 1673 3328 frui
1716 3277 1947 3329 vita.»
1993 3278 2106 3327 haec
2147 3275 2485 3343 Chrysosto-

1408 3365 1543 3402 must.

1471 3436 1504 3486 7
1539 3421 1694 3470 Mons
1724 3436 1902 3470 Amnum
1950 3435 2066 3469 ηε
2104 3432 2335 3468 emmaus
2380 3431 2485 3467 nn:-

1407 3509 1631 3544 ιτιεκῡᾼ.
1657 3522 1717 3531 -
1739 3492 2028 3544 Considera
2058 3492 2148 3541 hic
2175 3490 2394 3540 viduam
2419 3490 2489 3540 de

1412 3576 1584 3617 morte
1611 3566 1710 3617 filii
1738 3566 1976 3628 flentem,
2025 3575 2079 3615 et
2108 3565 2184 3614 ita
2211 3575 2270 3614 tu
2305 3562 2491 3613 omni-

1412 3639 1515 3689 bus
1543 3637 1854 3705 postpositis
1874 3637 1939 3686 de
1960 3646 2133 3687 morte
2157 3636 2351 3684 animoe
2380 3643 2488 3684 tuae

1412 3711 1536 3774 luge
1574 3720 1625 3759 et
1673 3709 1979 3773 lacrymare,
2023 3716 2083 3756 ut
2133 3703 2385 3755 merearis
2418 3704 2487 3755 ab

1415 3779 1532 3859 ipsa
1577 3788 1752 3828 morte
1797 3777 1993 3827 animae
2047 3793 2140 3843 per
2184 3785 2385 3826 tactum
2409 3774 2488 3825 di·

1414 3848 1552 3899 vinae
1578 3847 1941 3898 miserationis
1985 3846 2308 3897 resuscitari.
2355 3846 2489 3895 Abs·

1414 3918 1526 3969 tine
1572 3933 1603 3969 a
1657 3918 1768 3968 risu
1810 3929 1863 3969 et
1907 3918 2188 3979 cachinn0‚
2247 3917 2487 3983 cogitans
