2784 4452
378 292 450 357 64
1029 283 1266 334 PRIMAE
1302 282 1549 333 PARTIS
1583 281 1816 333 CAPUT
1852 282 1941 332 VI.

379 408 585 460 rabilia.
656 405 733 455 Et
787 408 1084 470 posuerunt
1131 414 1309 451 omnes
1356 399 1449 465 qui

384 479 673 532 audierant
742 478 798 527 in
844 475 1004 526 corde
1068 488 1189 534 suo,
1245 470 1448 521 scilicet

386 550 640 602 miracula
665 563 785 614 quae
825 546 954 596 facta
990 543 1216 599 fuerant,
1263 540 1447 591 consi-

380 625 650 680 derantes,
673 630 724 670 et
748 628 995 668 eventum
1026 615 1099 664 rei
1133 613 1288 663 tacite
1306 627 1447 678 prae-

381 695 656 751 stolanteS,
680 689 915 741 dicentes
943 686 1142 737 scilicet
1178 684 1319 733 intra
1349 699 1407 734 se
1431 701 1445 733 ε

382 766 519 831 Quis
547 776 598 817 et
617 764 792 831 qualis
808 768 975 828 putas
998 774 1138 826 puer
1167 760 1266 809 iste
1292 756 1449 808 erit?

385 838 885 901 Quasi·dicerent:
927 832 1078 881 valde
1128 845 1355 895 magnus
1397 839 1449 879 et

385 911 672 964 laudabilis
705 909 822 959 erit.
846 908 954 956 Nec
982 905 1183 955 mirum
1203 904 1346 969 quod
1375 904 1449 952 ita

384 984 694 1053 quaerebant
728 981 793 1029 de
840 993 1005 1044 puero
1036 993 1049 1026 z
1076 976 1289 1026 Etenim
1327 989 1448 1023 ma-

385 1074 486 1110 nus
511 1054 746 1115 Domini,
780 1053 834 1101 id
873 1060 953 1100 est
986 1059 1220 1115 potestas
1244 1048 1446 1107 divina,

382 1141 435 1181 et
487 1128 659 1178 virtus
700 1124 798 1174 Dei
840 1121 1124 1189 operativa,
1174 1126 1294 1171 erat
1329 1132 1448 1168 cum

391 1201 504 1262 illo,
559 1196 760 1248 scilicet
803 1195 1024 1252 Joanne‚
1073 1192 1130 1241 in
1176 1189 1449 1240 mirabili-

383 1273 484 1322 bus
536 1268 673 1318 circa
720 1281 843 1316 eum
897 1263 1077 1326 factis;
1129 1278 1192 1312 ex
1246 1260 1447 1326 quibus

384 1338 773 1392 rationabiliter
830 1334 1242 1386 concludebatur
1325 1347 1447 1381 ma·-

385 1411 609 1478 gnitudo
635 1408 784 1474 pueri
806 1408 984 1456 futura
1008 1420 1185 1455 coram
1212 1404 1340 1453 Deo.
1371 1403 1449 1452 Et

386 1483 694 1534 Zacharias
714 1480 959 1546 impletus
984 1483 1065 1527 est
1083 1476 1294 1543 Spiritu
1314 1475 1448 1524 San-

384 1562 485 1617 cto,
533 1560 583 1604 et
595 1550 953 1619 prophetavit,
986 1549 1039 1597 id
1068 1557 1148 1597 est
1180 1546 1446 1596 canticum

384 1626 581 1676 divinae
602 1622 774 1672 laudis
795 1621 916 1670 fecit
939 1618 1194 1676 Domin0,
1230 1617 1409 1666 dicens
1431 1633 1447 1666 .·

383 1695 703 1749 Benedictus
742 1691 1005 1743 Dominus
1050 1690 1199 1739 Deus
1238 1686 1443 1759 Israel,

382 1779 477 1819 etc.
511 1782 603 1832 per
631 1775 823 1815 totum.

452 1842 514 1891 18
552 1840 805 1896 LOQUELA
849 1852 954 1886 cum
992 1849 1303 1884 PROPHETIAE
1346 1848 1447 1882 no-

388 1928 458 1961 no
499 1911 781 1959 Zacflmuffi:
822 1921 1134 1956 RasrrrurA.
1167 1931 1227 1940 —
1256 1903 1449 1968 Magna

381 1992 464 2032 est
501 1979 716 2045 largitas
743 1977 938 2028 divinae
986 1974 1216 2041 pietatis,
1246 1982 1298 2022 et
1335 1989 1450 2022 mu-

394 2052 538 2101 neris
568 2051 699 2115 ejuS‚
741 2049 785 2098 si
815 2046 1051 2113 prompti
1098 2054 1151 2095 et
1186 2044 1352 2109 parati
1382 2043 1448 2094 ad

391 2121 764 2188 accipiendum
800 2119 991 2168 simus,
1038 2117 1173 2166 Nam
1206 2129 1322 2166 ecce
1362 2116 1448 2163 lo-

387 2196 563 2262 quela,
617 2207 736 2259 quae
792 2191 905 2242 sola
968 2189 1139 2240 ablata
1189 2198 1269 2239 est
1314 2185 1451 2237 diffi-

389 2268 557 2326 denti,
603 2281 725 2316 cum
777 2263 972 2330 spiritu
1027 2262 1321 2328 prophetiae
1370 2271 1451 2310 est

386 2340 630 2390 restituta
657 2336 890 2388 credenti
919 2353 932 2385 ;
963 2345 1016 2385 et
1045 2335 1134 2385 ubi
1158 2333 1449 2384 abundavit

388 2411 652 2470 delictum,
680 2406 1132 2475 superabundavit
1158 2412 1209 2455 et
1225 2405 1414 2471 gratia
1429 2420 1448 2467 ‚-

386 2493 437 2533 et
460 2484 532 2532 ita
562 2481 867 2546 frequenter
889 2479 1123 2543 amplius
1149 2478 1322 2527 reddit
1350 2477 1451 2525 Do-

387 2555 572 2604 minus
615 2567 777 2617 quam
808 2550 1100 2609 sustulerit,
1149 2550 1242 2615 qui
1285 2550 1448 2599 etiam

387 2641 524 2692 quos
553 2623 758 2674 sanavit
806 2622 862 2671 in
901 2636 1137 2688 corpore,
1159 2620 1260 2670 hos
1287 2620 1450 2670 etiam

388 2698 447 2747 in
474 2696 655 2745 anima
679 2693 900 2743 sanavit.
922 2693 1075 2743 Unde
1093 2691 1412 2742 Ambrosius
1432 2706 1449 2739 .·

390 2785 417 2813 «
444 2766 580 2816 Vide
609 2780 771 2830 quam
801 2764 977 2813 bonus
1005 2763 1166 2822 DeuS,
1201 2771 1252 2811 et
1280 2760 1452 2811 facilis

393 2839 674 2904 indulgere
758 2836 984 2902 peccatis
1031 2853 1046 2885 2
1099 2852 1206 2885 non
1272 2835 1450 2884 solum

388 2910 561 2960 ablata
592 2908 840 2968 restituit,
874 2909 964 2958 sed
994 2907 1154 2959 etiam
1186 2907 1453 2972 insperata

396 2980 652 3031 concedit.
698 2980 790 3030 Ille
831 2980 1035 3029 dudum
1095 2988 1279 3028 mutus
1322 2994 1452 3043 pro-

391 3052 589 3118 phetat.
617 3053 740 3101 Haec
769 3052 914 3101 enim
953 3051 1120 3117 gratia
1152 3050 1248 3100 Dei
1277 3049 1453 3099 maxi-

395 3136 500 3183 ma,
532 3123 677 3186 quod
720 3137 842 3171 eum
873 3122 967 3187 qui
1002 3129 1297 3187 negaverat,
1318 3136 1454 3170 con-

396 3192 594 3244 fitetur.
647 3195 817 3243 Nemo
856 3208 981 3258 ergo
1010 3192 1241 3252 diffidat,
1294 3207 1454 3241 nemo

391 3274 629 3315 veterum
660 3265 905 3314 conscius
949 3264 1282 3322 delictorum,
1315 3277 1455 3327 prae-

390 3336 501 3386 mia
515 3335 697 3385 divina
718 3335 974 3401 desperet.
992 3333 1152 3384 Novit
1180 3334 1322 3383 Deus
1341 3348 1457 3382 mu-

390 3418 503 3459 tare
529 3408 867 3468 sententiam,
898 3407 944 3457 si
965 3417 1023 3456 tu
1044 3405 1255 3456 noveris
1280 3420 1457 3455 emen-

389 3478 514 3528 dare
570 3479 822 3528 delictum
853 3495 867 3527 ι
900 3498 927 3525 n
961 3478 1073 3527 haec
1120 3477 1456 3528 Ambrosius.

461 3564 523 3615 19
587 3549 782 3597 Manu-2
837 3562 1109 3598 Ravansm.
1156 3575 1216 3584 —
1264 3546 1456 3597 Maria

390 3637 517 3672 vero
581 3622 794 3671 tandem
832 3620 1145 3671 valefaciens
1184 3619 1457 3670 Elizabeth

392 3701 445 3741 et
470 3692 757 3751 Zachariae,
790 3707 848 3741 ac
885 3691 1204 3741 benedicens
1240 3690 1453 3751 Joanni‚

391 3778 611 3815 reversa
650 3771 730 3816 est
761 3765 835 3814 ad
869 3766 1079 3816 domum
1104 3763 1456 3814 habitationis

393 3856 523 3902 suae,
555 3843 612 3892 in
651 3844 937 3908 Nazareth;
973 3845 1236 3910 completo
1273 3853 1453 3894 tamen

401 3911 552 3975 prius
578 3923 700 3963 ortu
739 3914 1106 3976 Praecursoris,
1145 3924 1303 3981 prout
1333 3914 1455 3981 opi-

1560 397 1653 447 nio
1703 397 1877 463 magis
1933 396 2238 446 communis
2306 405 2466 446 tenet.
2527 396 2632 446 Per

1561 471 1666 520 hoc
1715 481 1891 520 autem
1921 470 2065 535 quod
2092 478 2299 534 peracto
2336 469 2630 534 obsequiO,

1557 550 1678 606 post
1721 550 1933 605 partum
1963 549 2196 605 cognatae
2233 554 2343 589 suae
2371 540 2534 589 rediit
2567 540 2630 590 in

1552 613 1777 661 domum
1807 627 1978 670 suam,
2009 610 2243 660 ostendit
2274 611 2419 676 quod
2449 611 2631 660 inho-

1556 694 1771 734 nestum
1809 683 1879 749 sit
1928 682 2125 732 morari
2179 682 2296 732 sine
2334 681 2514 732 officio
2565 683 2631 733 in

1555 757 1719 807 domo
1765 756 1953 807 aliena.
2024 755 2179 805 Libet
2236 772 2379 805 nunc
2420 756 2628 806 intueri

1556 836 1783 893 quantas
1843 836 1970 883 tunc
2011 826 2330 886 Zacharias,
2390 837 2631 893 quantas

1555 909 1607 949 et
1674 897 1949 948 Elizabeth
2011 899 2270 963 lacrymas
2335 899 2626 958 fuderunt,

1557 971 1773 1035 quando
1811 970 1977 1036 Virgo
2009 970 2175 1020 Maria
2216 970 2342 1019 inde
2383 971 2629 1029 recessit,

1555 1045 1771 1110 quando
1826 1044 2017 1093 mundi
2070 1043 2325 1109 gaudium
2374 1055 2426 1093 et
2470 1045 2631 1095 stella

1559 1116 1725 1166 maris
1768 1115 1820 1166 in
1841 1117 2051 1166 domum
2094 1130 2244 1165 suam
2274 1130 2492 1166 reversa
2525 1123 2631 1166 est.

1555 1191 1787 1240 Joannes
1840 1204 2055 1256 quoque
2096 1189 2151 1237 in
2196 1189 2310 1253 ejus
2361 1189 2631 1251 discessu,

1559 1277 1669 1311 non
1721 1276 1909 1326 pamm
1966 1259 2155 1319 doluit,
2207 1259 2301 1325 qui
2356 1260 2411 1308 in
2474 1260 2633 1311 illius

1555 1332 1804 1391 adventu,
1845 1340 1993 1381 tanto
2024 1329 2218 1396 gaudio
2252 1330 2529 1381 exultavit.
2567 1332 2631 1381 In

1557 1406 1858 1457 reversione
1883 1415 2061 1456 autem
2101 1405 2298 1464 Mariae,
2331 1415 2634 1470 pauperta-

1561 1488 1723 1528 tatem
1758 1478 1872 1543 ejus
1911 1478 1988 1526 ad
2013 1477 2330 1527 memoriam
2376 1493 2636 1528 revocare

1554 1549 1725 1599 stude.
1782 1547 1961 1598 Rediit
2007 1548 2072 1597 ad
2110 1548 2352 1607 domum,
2406 1548 2464 1597 in
2516 1564 2636 1614 qua

1558 1637 1654 1671 nec
1697 1636 1917 1687 panem,
1970 1636 2066 1670 nec
2104 1619 2313 1679 vinum,
2372 1635 2470 1670 nec
2519 1622 2633 1672 alia

1554 1693 1849 1743 necessaria
1915 1702 2026 1742 erat
2098 1692 2394 1741 inventura.
2462 1692 2636 1743 Stetit

1554 1762 1707 1828 quasi
1757 1763 1932 1812 tribus
1974 1761 2255 1811 mensibus
2311 1762 2452 1827 apud
2497 1762 2634 1815 illos

1553 1835 1688 1885 forte
1729 1834 2024 1900 opulenter,
2058 1850 2202 1883 nunc
2243 1843 2420 1883 autem
2460 1836 2636 1886 rediit

1553 1906 1618 1956 ad
1659 1914 2021 1971 paupertatem
2059 1918 2237 1964 suam,
2278 1916 2337 1953 ut
2383 1906 2636 1970 propriis

1561 1979 1814 2030 manibus
1859 1978 2177 2038 laborand0‚
2241 1977 2444 2027 victum
2488 1995 2636 2044 pro-

1561 2063 1727 2104 curet.
1773 2053 2089 2117 Compatere
2130 2066 2255 2117 ergo
2307 2052 2431 2112 sibi,
2473 2063 2528 2102 et
2572 2054 2635 2103 in

1553 2139 1790 2174 amorem
1820 2122 2144 2188 paupertatis
2176 2123 2473 2172 accendere.

1617 2212 1684 2247 20
1726 2196 1977 2246 INFANTIA
2034 2195 2252 2245 JOANNIS
2315 2210 2637 2247 Pnaecunso-

1561 2283 1661 2318 lus.
1685 2295 1745 2304 —
1779 2267 1927 2316 Puer
1945 2272 2120 2316 autem
2147 2267 2380 2315 Joannes
2406 2280 2635 2318 cresce-

1561 2341 1664 2402 bat,
1696 2348 1958 2403 quantum
2007 2339 2072 2388 ad
2112 2348 2461 2403 augmentum
2512 2356 2636 2390 cor-

1558 2410 1734 2477 poris;
1803 2415 1853 2459 et
1925 2408 2330 2474 confortabatur
2400 2410 2631 2475 spiritu,

1561 2490 1827 2547 quantum
1860 2480 1926 2529 ad
1963 2489 2312 2545 augmentum
2351 2479 2540 2544 gratiae
2580 2493 2638 2532 et

1555 2554 1770 2604 virtutis
1806 2552 1977 2618 :quia
2022 2553 2316 2601 secundum
2371 2567 2634 2603 cremen-

1557 2635 1674 2675 tum
1702 2623 1942 2689 corporis
1971 2623 2231 2672 crescebat
2252 2638 2345 2687 per
2368 2638 2640 2688 augmen-

1557 2705 1674 2746 tum
1702 2694 1933 2744 virtutiS.
1956 2694 2090 2745 Caro
2116 2693 2262 2743 enim
2280 2704 2358 2743 est
2384 2693 2635 2756 infirma,

1558 2776 1609 2816 et
1638 2766 1759 2814 ideo
1786 2763 1979 2829 spiritu
2019 2773 2267 2828 prompto
2297 2774 2376 2813 est
2402 2765 2640 2817 confor-

1558 2836 1736 2886 tanda.
1767 2836 1844 2885 Et
1880 2840 1998 2885 erat
2023 2844 2286 2900 quantum
2332 2836 2396 2883 ad
2442 2837 2640 2901 perfe-

1559 2908 1792 2959 ctionem
1828 2906 2243 2957 conversationis
2287 2908 2338 2956 in
2393 2907 2641 2962 desertis

1556 2980 1688 3031 locis
1704 2979 1931 3050 orationi
1948 2978 2445 3042 etcontemplationi
2463 2981 2638 3045 aptiS.

1561 3052 1638 3103 Ibi
1676 3052 1823 3103 enim
1864 3051 2099 3101 habitavi
2131 3065 2162 3099 a
2204 3050 2433 3115 septimo
2478 3066 2641 3105 anno

1558 3124 1728 3176 aetatis
1747 3139 1856 3174 suae
1885 3137 2046 3188 usque
2071 3122 2124 3172 in
2144 3121 2283 3172 diem
2304 3124 2643 3181 ostensionis

1566 3208 1685 3247 suae
1708 3195 1784 3243 ad
1810 3193 2001 3255 Israel,
2029 3193 2082 3242 id
2110 3203 2206 3252 est,
2228 3194 2395 3242 donec
2422 3195 2644 3258 placuit

1564 3267 1675 3316 Deo
1706 3265 1886 3330 ipsum
1938 3263 2222 3314 Israelitico
2270 3265 2470 3329 populo
2525 3266 2642 3316 de-

1561 3348 1882 3400 monstrare3
1946 3336 2143 3386 scilicet
2200 3336 2415 3401 quando
2483 3340 2646 3391 venit

1565 3418 1716 3461 trans
1747 3410 2057 3470 Jordanem,
2090 3409 2400 3476 praedicans
2444 3409 2643 3476 bapti-

1563 3498 1733 3533 smum
1750 3481 2111 3548 poenitentiae‚·
2141 3481 2285 3546 quod
2314 3479 2515 3529 factum
2551 3495 2646 3534 est

1563 3569 1703 3604 anno
1744 3552 2129 3619 quintodecimo
2164 3551 2374 3617 imperii
2416 3551 2648 3604 Tiberii

1568 3624 1826 3676 Caesaris.
1857 3625 2012 3674 Tunc
2053 3623 2198 3673 enim
2246 3622 2375 3672 exiit
2414 3622 2482 3672 de
2529 3624 2643 3675 de-

1561 3696 1746 3756 sertiS,
1818 3696 1883 3745 ad
1937 3694 2333 3761 praedicandum
2387 3694 2643 3758 populis·

1564 3769 1856 3820 Considera
1901 3769 1958 3819 in
2012 3767 2304 3834 praemissis
2366 3767 2646 3831 magnifi—

1565 3840 1796 3891 centiam
1828 3839 2068 3899 JoanniS,
2099 3848 2150 3889 et
2179 3839 2235 3888 in
2269 3837 2457 3887 multis
2505 3838 2647 3891 aliis

1561 3929 1682 3980 quae
1727 3913 1793 3964 de
1833 3928 1896 3963 eo
1925 3911 2263 3978 reperiuntur
2308 3910 2645 3977 privilegiis.
