2784 4452
457 381 801 433 EPILOGUS
830 380 1305 434 VOCATIONUM
1337 381 1862 435 DISCIPULORUM
1896 384 2193 436 CHRISTI.

219 498 525 560 jordanem,
551 509 722 550 status
756 498 1145 560 innocentium,
1169 516 1295 567 pro·

218 582 335 639 pter
384 573 776 623 restitutionem
833 574 1154 633 sanctitatis,
1204 590 1296 640 per

220 643 554 709 Baptismum
603 644 657 693 in
706 644 938 694 Jordane
1005 644 1292 710 signatam.

223 714 328 766 Ubi
381 716 806 784 Chryses-tomus
851 733 869 767 ε
917 734 946 763 α
993 716 1297 782 Sequamur

221 785 377 837 illum
407 785 575 852 igitur
611 787 773 837 etiam
814 802 915 837 nos
950 803 965 837 ς
995 788 1174 838 varios
1215 787 1297 839 si·-

220 858 442 924 quidem
475 859 758 924 languores
787 859 1049 909 habemus
1083 859 1296 910 anima-

223 944 366 989 rum,
386 938 439 978 et
461 928 519 978 hi
549 938 678 979 sunt
703 929 905 996 quibus
932 929 1299 995 principaliter

221 1000 336 1049 vult
395 999 617 1050 mederi.
668 1000 997 1050 Accedamus
1045 1014 1172 1065 ergo
1229 1000 1295 1049 ad

220 1086 366 1131 eum,
407 1081 459 1120 et
514 1070 900 1137 indulgentiam
960 1080 1294 1137 peccatorum

221 1159 520 1210 precemur.
578 1144 714 1194 Nam
757 1144 918 1195 etiam
964 1159 1107 1194 nunc
1150 1143 1297 1194 dabit

222 1215 331 1275 ille,
358 1214 403 1264 si
446 1230 546 1264 nos
594 1230 701 1264 non
742 1214 1067 1281 negligimus
1103 1225 1296 1279 postu-

220 1286 347 1337 lare.
377 1286 531 1336 Nunc
567 1301 691 1336 vero
732 1285 1000 1353 siquidem
1038 1284 1296 1335 habueri-

221 1372 344 1408 mus
387 1356 624 1424 aliquam
673 1356 913 1421 corporis
957 1355 1294 1421 passionem,

220 1429 403 1480 omnia
430 1428 659 1479 facimus
686 1439 738 1479 et
767 1428 1120 1494 negotiamur,
1149 1438 1209 1478 ut
1236 1428 1293 1478 in

221 1499 493 1566 reliquum
556 1498 876 1565 aegritudine
950 1498 1241 1549 liberemur
1276 1513 1291 1562 ;

219 1573 402 1623 anima
430 1588 554 1623 vero
583 1565 764 1622 nostra
802 1581 911 1622 tam
943 1571 1079 1622 male
1105 1586 1163 1621 se
1191 1571 1295 1621 ha·-

221 1643 398 1707 bente‚
412 1643 840 1706 dissimulamus,
852 1657 1061 1707 semper
1084 1640 1293 1692 differi-

223 1731 366 1767 mus.
391 1717 671 1781 Propterea
694 1732 790 1766 nec
813 1714 1051 1780 corporis
1071 1714 1291 1780 quidem

222 1787 575 1854 languoribus
646 1788 938 1838 liberamur
964 1825 979 1846 ,
1030 1786 1291 1852 quoniam

226 1874 349 1925 quae
397 1858 631 1909 maxime
675 1858 968 1909 necessaria
1012 1867 1154 1918 sunt,
1195 1872 1291 1907 su-

229 1929 433 1996 perflua
486 1945 603 1980 esse
664 1929 941 1994 ducimus;
999 1945 1120 1996 quae
1158 1944 1286 1980 vero

224 2016 358 2067 pene
387 2000 790 2061 dissimulanda,
815 2001 927 2051 haec
940 2001 1164 2050 omnino
1191 2016 1291 2051 ne-

221 2073 447 2124 cessaria
488 2073 818 2138 judicamus3
856 2082 906 2123 et
952 2071 1156 2122 fontem
1201 2072 1292 2139 ip-

222 2160 345 2195 sum
396 2144 699 2194 incuratum
735 2143 1127 2209 relinquenteS,
1171 2157 1292 2192 ma-

221 2216 402 2267 lorum
471 2215 672 2266 rivulos
723 2229 948 2282 purgare
1006 2229 1290 2275 conamur,

220 2287 482 2353 quoniam
512 2288 777 2337 malorum
804 2301 925 2352 quae
950 2296 1078 2336 sunt
1096 2285 1151 2336 in
1184 2300 1293 2336 cor-

223 2373 352 2425 pore
385 2358 589 2408 malitia
622 2358 811 2407 animae
845 2368 926 2408 est
966 2371 1138 2407 causa.
1179 2356 1293 2407 Ex-

220 2431 483 2481 siccemus
531 2430 694 2496 igitur
751 2428 957 2479 fontem
1006 2430 1290 2493 malorum,

221 2514 275 2555 et
286 2514 479 2555 cuncta
504 2503 762 2555 continuo
792 2504 1111 2568 languorum
1131 2503 1294 2552 fluen-

221 2585 276 2626 ta
322 2576 682 2626 siccabuntur.
723 2575 832 2624 Nec
882 2573 1009 2640 quia
1051 2588 1163 2623 non
1204 2573 1294 2622 do-

221 2648 301 2698 les
364 2649 478 2715 ipse
526 2663 650 2698 cum
708 2661 908 2714 peccas,
957 2661 1054 2713 age
1105 2655 1157 2697 te
1204 2660 1294 2696 se-

221 2735 445 2784 curum3
504 2721 598 2770 sed
671 2728 891 2785 propter
952 2719 1056 2768 hoc
1112 2718 1293 2785 ipsum

221 2791 458 2844 maxime
483 2790 794 2857 ingemisce,
823 2789 952 2857 quia
986 2805 1096 2839 non
1126 2789 1295 2840 sentis

206 2865 291 2930 ‚de
350 2863 576 2930 peccatis
628 2864 870 2914 dolorem
921 2880 936 2913 ι
982 2862 1086 2912 hoc
1143 2862 1293 2913 enim

2337 384 2438 453 293

1376 499 1464 562 fit,
1515 515 1622 550 non
1682 500 1811 567 quia
1867 511 2073 568 peccata
2129 516 2238 551 non
2292 515 2443 551 mor-

1374 574 1564 634 deant,
1633 575 1726 625 sed
1779 575 1908 640 quia
1970 573 2300 625 insensibilis
2364 578 2448 625 est

1374 646 1553 698 anima
1622 662 1745 714 quae
1775 658 1970 714 peccat.
2014 650 2108 700 Est
2154 662 2281 713 ergo
2327 647 2446 713 pri-

1378 732 1530 767 mum
1586 718 1794 768 bonum
1854 718 1997 769 nihil
2058 718 2282 769 omnino
2321 732 2445 783 pec-

1376 803 1524 851 care3
1586 790 1882 840 secundum
1934 805 2080 850 vero,
2143 798 2267 855 post
2320 802 2450 853 pec-

1376 866 1552 908 catum
1613 858 1814 909 sentire
1890 860 2035 925 quod
2111 855 2447 908 commiseris

1376 935 1536 992 atque
1556 928 1757 993 lugere.
1810 928 1866 979 Si
1912 938 2089 978 autem
2142 941 2316 993 neque
2341 926 2445 977 hoc

1376 1000 1747 1065 habuerimus,
1775 1001 2002 1068 qualiter
2038 999 2446 1067 deprecabimur

1374 1070 1548 1119 Deum
1590 1080 1643 1121 et
1683 1070 2060 1122 remissionem
2103 1078 2441 1135 peccatorum

1374 1153 1636 1207 petemus,
1667 1144 1735 1193 de
1774 1143 1974 1209 quibus
2024 1142 2165 1192 nihil
2213 1140 2441 1192 omnino

1370 1213 1652 1263 curamus?
1687 1214 1827 1264 Cum
1867 1213 2015 1263 enim
2056 1213 2173 1278 ipse
2211 1212 2303 1263 ille
2341 1211 2440 1277 qui

1372 1285 1601 1352 deliquit
1629 1301 1695 1336 ne
1720 1286 1822 1337 hoc
1845 1286 2068 1353 quidem
2093 1286 2275 1351 ipsum
2294 1283 2444 1352 quod

1373 1360 1607 1424 peccavit
1630 1360 1839 1410 studeat
1864 1374 2168 1425 agnoscere,
2201 1373 2297 1424 pro
2316 1357 2445 1422 qui-

1374 1430 1477 1480 bus
1535 1431 1710 1481 Deum
1776 1430 1988 1481 delictis
2059 1430 2269 1496 rogabit
2322 1443 2446 1494 quae

1373 1502 1548 1553 adhuc
1596 1518 1653 1553 se
1694 1502 2031 1553 commisisse
2079 1501 2278 1553 nescit?
2315 1502 2442 1552 Haec

1370 1587 1497 1622 vero
1518 1572 1792 1639 ignorans,
1823 1588 2063 1640 quonam
2093 1572 2256 1622 modo
2277 1586 2439 1622 nosse

1372 1643 1568 1708 poterit
1612 1643 1783 1694 divini
1825 1641 2069 1693 beneficii
2114 1639 2449 1707 largitatem?

1372 1711 1612 1763 Sollicite
1639 1712 1803 1779 igitur
1826 1712 2040 1780 propria
2065 1711 2257 1763 delicta
2276 1709 2448 1761 consi-

1373 1787 1500 1838 dera
1530 1796 1590 1837 ut
1629 1787 1803 1837 discas
1830 1802 2068 1853 quorum
2103 1784 2327 1851 accipias
2349 1799 2448 1835 ve·-

1375 1858 1542 1919 niam,
1588 1870 1751 1927 atque
1785 1860 1856 1911 ita
1889 1859 1992 1926 ipsi
2030 1857 2288 1910 beneficio
2320 1872 2446 1924 gra-

1373 1940 1465 1990 tus
1505 1930 1721 1982 existas.
1757 1932 1874 1981 Non
1904 1931 2089 1981 dolere
2130 1929 2278 1979 enim
2318 1927 2449 1995 quia

1374 2002 1685 2068 peccaveris,
1734 2001 1906 2069 magis
1958 2000 2227 2067 indignari
2284 2009 2447 2066 atque

1373 2075 1529 2128 irasci
1559 2075 1682 2126 facit
1701 2075 1894 2135 Deum,
1924 2088 2089 2140 quam
2110 2073 2243 2123 illud
2264 2071 2446 2137 ipsum

1372 2147 1519 2213 quod
1552 2156 1674 2197 ante
1710 2160 2050 2212 peccaveras;
2082 2153 2300 2211 propter
2331 2143 2448 2194 haec

1372 2233 1499 2284 ergo
1530 2216 1731 2278 omnia,
1751 2216 1830 2268 sic
1856 2216 2031 2267 Deum
2058 2229 2353 2283 precemur,
2389 2221 2453 2264 ut

1373 2288 1537 2339 etiam
1577 2299 1815 2338 nostram
1853 2288 2159 2354 jungamus,
2189 2285 2449 2336 volunta-

1373 2378 1484 2420 tem
1520 2361 1784 2421 videlicet,
1809 2376 1868 2411 ac
1895 2360 2135 2411 studium
2161 2368 2214 2409 et
2243 2357 2451 2408 deside-

1374 2433 1517 2483 rium
1549 2433 1773 2482 bonum.
1813 2433 1888 2482 Ita
1922 2431 2066 2482 enim
2101 2429 2261 2481 etiarn
2293 2426 2442 2480 brevi

1373 2517 1613 2572 tempore
1641 2505 1937 2571 poterimus
1967 2520 1998 2555 a
2025 2503 2183 2554 malis
2200 2517 2320 2569 quae
2353 2514 2452 2552 nos

1375 2577 1626 2627 obsident
1643 2576 1877 2639 liberari,
1903 2585 1956 2627 et
1974 2585 2103 2625 tunc
2122 2573 2312 2624 saltem
2337 2571 2456 2623 ubi·

1376 2663 1502 2700 nam
1548 2646 1813 2698 fuerimus
1854 2646 2159 2705 addiscere,
2188 2660 2247 2695 ac
2286 2642 2451 2709 digna

1376 2718 1576 2786 perfrui
1604 2718 1847 2769 libertate
1872 2734 1886 2768 ε
1917 2737 1945 2765 n
1967 2716 2084 2768 haec
2112 2714 2451 2783 chrysosto-

1375 2806 1512 2844 mus·

1207 3060 1475 3112 ORATIO

287 3238 519 3290 Domine
546 3240 673 3290 Jesu
702 3238 935 3299 Christe,
956 3237 1050 3305 qui
1072 3231 1329 3304 tan'quam
1354 3237 1630 3289 studiosus
1648 3234 1886 3286 medicus
1905 3232 2292 3286 circumeundo
2313 3243 2456 3296 quae·

217 3308 341 3362 sisti
374 3322 711 3378 aegrotantes,
757 3327 817 3362 ac
845 3326 1129 3376 corporum
1167 3319 1218 3360 et
1244 3310 1544 3361 animarum
1579 3307 1773 3359 sanasti
1802 3306 2157 3364 infirmitates,
2190 3315 2319 3353 sana
2347 3316 2453 3359 me,

215 3397 428 3453 quaese,
457 3383 686 3434 interius
710 3393 762 3434 et
789 3382 1022 3434 exterius
1042 3380 1205 3433 variis
1233 3382 1559 3431 laborantem
1579 3377 2007 3441 infirmitatibus3
2042 3376 2193 3428 trahe
2221 3387 2308 3423 me
2335 3380 2457 3437 post

215 3466 296 3515 te,
330 3467 390 3507 ut
407 3467 459 3507 te
487 3472 682 3523 sequar
705 3458 771 3507 de
796 3455 944 3507 vitiis
972 3455 1261 3507 advirtutes
1280 3453 1729 3519 transmigrando,
1752 3453 2075 3517 Decalogum
2103 3447 2457 3505 observando,

215 3527 447 3595 pacifice
474 3545 600 3579 cum
628 3528 749 3580 aliis
782 3528 1091 3588 habitand0,
1116 3536 1326 3593 peccata
1353 3524 1634 3576 humiliter
1654 3524 1978 3584 confitendo,
1995 3533 2048 3574 et
2065 3521 2248 3572 divina
2263 3514 2460 3584 judicia

217 3598 590 3652 formidando.
628 3602 782 3652 Educ
807 3616 897 3651 me
917 3601 983 3652 de
1005 3602 1122 3652 lacu
1145 3598 1399 3661 miseriae,
1428 3607 1480 3648 et
1506 3598 1573 3647 de
1616 3597 1730 3647 luto
1754 3596 1922 3660 faecis,
1956 3605 2008 3645 et
2037 3593 2215 3659 dirige
2246 3604 2461 3666 gressus

216 3687 378 3723 meos
415 3671 471 3733 in
507 3673 652 3724 viam
687 3672 899 3732 salutis,
924 3681 984 3723 ut
1027 3671 1086 3722 in
1129 3670 1409 3737 praeceptis
1457 3669 1567 3720 tuis
1593 3668 1895 3734 proficiant,
1938 3676 1990 3716 et
2017 3666 2082 3717 ad
2112 3667 2321 3717 beatam
2362 3677 2462 3729 pa-

215 3742 384 3796 triam
413 3743 688 3806 festinent,
718 3760 777 3796 ac
817 3744 936 3796 sine
963 3743 1352 3809 impedimento
1380 3756 1468 3792 me
1490 3742 1799 3808 perducant.
1831 3740 2025 3790 Amen.
