2784 4452
274 251 379 317 164

260 366 682 422 necessariorum
720 362 995 430 penuriam
1035 360 1311 428 patienteS,

260 454 395 496 teste
421 439 666 508 praesepi,
695 436 1040 488 manifestum
1069 444 1148 486 est
1175 434 1320 500 quod

259 516 488 567 sudores
542 525 825 577 corporeos
880 506 1285 573 frequentabant
1305 542 1318 565 ,

261 585 552 640 necessaria
576 584 700 634 vitae
719 582 822 633 sibi
851 577 976 632 in'de
999 587 1317 646 quaerentes3

258 661 416 711 Jesus
441 666 620 708 autem
650 652 904 704 obediens
933 650 1042 701 illis
1070 650 1231 700 etiam
1261 648 1318 699 in

258 729 573 782 sustinendo
645 726 853 776 labores
931 721 1318 787 subjectionem

258 803 547 871 plenariam
572 799 885 852 ostendebat
915 814 930 848 ε
959 816 987 845 »
1020 796 1132 846 haec
1159 794 1321 846 Basi-

259 876 382 926 lius.
423 872 686 938 Conspice
736 869 897 920 etiam
935 866 1166 935 qualiter
1212 865 1316 932 ipsi

256 959 366 999 tres
419 946 704 998 comedunt
749 943 815 993 ad
866 957 1031 992 unam
1075 955 1318 990 mensam

255 1022 420 1073 simul
457 1036 550 1088 per
576 1019 822 1085 singulos
857 1017 1002 1077 dies,
1047 1032 1158 1065 non
1198 1014 1319 1065 lau-

255 1105 340 1146 tas
380 1104 432 1144 et
483 1091 797 1158 exquisitaS,
843 1090 936 1140 sed
971 1101 1232 1154 pauperes
1266 1096 1320 1136 et

256 1166 463 1218 sobrias
509 1178 684 1215 coenas
731 1169 1029 1223 sumentes;
1060 1167 1112 1210 et
1137 1157 1320 1224 quali-

254 1245 335 1287 ter
373 1244 551 1302 postea
581 1233 744 1285 simul
786 1231 1183 1297 colloquuntur,
1212 1244 1319 1277 non

255 1307 434 1357 inania
478 1316 531 1356 et
580 1304 750 1355 otiosa
799 1303 992 1362 verba,
1034 1300 1127 1351 sed
1164 1299 1318 1365 plena

252 1378 455 1443 Spiritu
511 1378 703 1426 Sancto
760 1383 812 1424 et
867 1371 1161 1439 sapientia,
1220 1386 1316 1420 nec

253 1446 436 1499 minus
501 1456 677 1497 mente
757 1443 1071 1506 reficiuntur
1151 1457 1314 1508 quam

253 1534 474 1587 corpore
514 1530 566 1570 et
602 1518 831 1585 qualiter
869 1526 990 1582 post
1023 1514 1312 1581 aliqualem

253 1591 631 1645 recreationem
677 1595 996 1638 convertunt
1040 1600 1097 1635 se
1124 1584 1182 1633 in
1215 1599 1314 1633 cu-

251 1664 454 1716 bilibus
511 1661 626 1711 suis
691 1660 757 1709 ad
812 1658 1142 1716 orationem,
1208 1670 1314 1703 non

251 1735 396 1787 enim
438 1741 547 1783 erat
584 1730 662 1781 eis
713 1730 905 1779 domus
949 1726 1161 1792 ampla,
1222 1725 1314 1774 sed

249 1821 426 1874 parva.
473 1802 727 1853 Meditare
773 1799 934 1850 etiam
971 1797 1070 1847 tria
1117 1795 1314 1845 cubilia

250 1881 310 1930 in
351 1878 529 1944 aliqua
567 1873 864 1936 camerula,
910 1870 1110 1921 scilicet
1137 1886 1310 1920 unum

250 1966 348 2016 pro
376 1946 619 2016 quolibet
644 1959 848 2002 eorum,
891 1950 943 1991 et
979 1940 1186 1990 intuere
1214 1939 1316 1988 Do-

249 2020 462 2072 minum
512 2018 694 2067 Jesum
753 2028 916 2078 super
967 2026 1136 2062 unum
1191 2024 1310 2059 sero

249 2089 371 2157 post
411 2088 709 2139 orationem
757 2100 816 2135 se
859 2096 1178 2147 componere
1218 2096 1311 2146 per

248 2162 492 2230 singulas
562 2169 783 2221 noctes,
839 2166 947 2206 tam
1010 2151 1310 2219 longissimi

248 2233 509 2301 temporis
544 2229 746 2297 spatie,
775 2226 850 2278 sic
882 2224 1193 2285 humiliter,
1234 2223 1310 2273 sic

250 2310 455 2373 viliter,
485 2306 562 2358 sic
598 2304 756 2356 etiam
787 2309 1179 2368 perseveranter
1200 2337 1214 2363 ,
1253 2308 1314 2349 ut

249 2380 442 2432 faceret
481 2377 815 2443 quicumque
846 2372 984 2424 alius
1022 2386 1313 2437 paupercu-

247 2452 335 2501 lus
363 2451 429 2500 de
457 2448 673 2514 popu10.
709 2444 961 2504 Quolibet
989 2458 1105 2493 sero
1124 2442 1179 2491 in
1208 2442 1310 2492 hoc

247 2530 411 2573 strato
467 2518 687 2569 deberes
759 2514 861 2564 sibi
936 2512 1310 2578 compatiendo

248 2610 374 2645 eum
414 2590 667 2656 aspicere,
707 2597 758 2638 et
796 2597 849 2637 te
883 2586 1056 2636 eidem
1098 2584 1312 2636 humili-

247 2674 345 2728 ter,
377 2673 429 2714 et
453 2662 642 2712 devote
671 2656 1118 2711 recommendare.

311 2751 345 2803 9
380 2734 617 2783 Lamina
653 2732 848 2781 MAmAE
878 2744 945 2778 DE
972 2743 1132 2776 ’rANrr
1172 2727 1311 2777 F11.11

246 2821 566 2857 Parasi-:unm
609 2831 670 2842 -—
704 2804 761 2852 In
790 2810 935 2852 tanta
965 2809 1146 2849 tamen
1196 2814 1310 2848 cor-

246 2878 392 2945 poris
405 2874 687 2926 afflictione
701 2883 754 2924 et
778 2869 1018 2939 penuria,
1033 2869 1119 2935 pia
1145 2870 1311 2919 Mater

248 2948 550 3013 replebatur
592 2945 786 2996 mentis
826 2942 1011 2994 laetitia
1065 2941 1130 2991 de
1177 2940 1308 2990 tanti

247 3018 373 3070 Filii
411 3015 705 3084 praesentia.
754 3014 909 3066 U-nde
964 3011 1249 3063 Anselmus
1287 3027 1306 3061 .·

248 3109 276 3137 «
308 3092 432 3152 Quo
476 3089 560 3139 vel
595 3088 740 3155 quali
785 3085 977 3153 gaudio
1006 3084 1309 3150 replebatur

248 3171 361 3213 tota
408 3158 702 3211 substantia
740 3158 880 3222 ejus,
924 3156 1138 3222 quando
1182 3169 1306 3204 eum

250 3249 412 3300 quem
467 3240 740 3296 tantopere
805 3228 1087 3294 diligebat,
1144 3241 1305 3293 quem

247 3305 553 3356 Creatorem
581 3310 741 3366 atque
765 3299 1169 3349 Dominatorem
1198 3313 1309 3346 om-

249 3375 404 3427 nium
461 3389 639 3424 rerum
681 3385 799 3421 esse
847 3369 1070 3427 sciebat,
1122 3372 1313 3418 secum-

248 3449 553 3514 degentem,
600 3458 782 3494 secum
831 3441 1103 3503 edentem,
1144 3455 1309 3505 seque

248 3531 603 3584 quaecumque
636 3528 794 3564 nosse
828 3511 1037 3562 volebat
1067 3510 1210 3560 dulci
1239 3508 1310 3560 af-

247 3588 359 3639 fatu
394 3588 668 3638 docentem
690 3585 926 3643 haberet,
951 3580 1075 3648 quis
1102 3580 1304 3646 capiet?

250 3657 606 3719 Quantumvis
674 3654 934 3707 mirabilis
1008 3653 1190 3719 itaque
1257 3662 1308 3703 et

246 3731 533 3783 ineffabilis
575 3728 774 3782 amoris
813 3727 1031 3778 affectus
1061 3723 1304 3776 conside-

248 3801 352 3851 rari
395 3811 571 3868 queat,
612 3801 752 3851 inter
784 3799 927 3850 hunc
957 3798 1117 3848 talem
1145 3804 1305 3848 tantae

248 3871 430 3923 Matris
467 3871 688 3938 Filium,
730 3881 783 3923 et
812 3870 949 3922 hanc
976 3869 1137 3921 talem
1171 3866 1304 3920 tanti

906 243 1149 297 PRIMAE
1182 242 1429 294 PARTIS
1460 240 1692 292 CAPUT
1722 240 1859 300 XVI,

1427 357 1549 408 Filii
1581 358 1803 407 Matrem
1844 354 2172 422 perpendant
2206 353 2263 405 hi
2294 355 2484 406 saltem

1428 443 1647 496 quoquo
1672 428 1853 488 mode,
1874 425 1968 493 qui
1996 424 2156 476 unico
2186 425 2486 477 dilectionis

1427 500 1634 551 fervore
1661 513 1800 565 saepe
1824 496 2136 548 altrinsecus
2164 506 2358 560 amant,
2380 498 2487 547 Ma-

1425 582 1507 622 ter
1527 572 1732 622 scilicet
1759 570 1977 631 Filium,
1992 579 2043 620 et
2059 569 2229 620 Filius
2240 570 2483 620 Matrem.

1426 645 1535 695 Nec
1569 653 1783 710 putetur
1817 644 1885 693 ab
1930 642 2143 709 aliquo',
2186 643 2267 692 vel
2296 632 2485 709 parum

1425 715 1557 781 quid
1584 713 1778 764 sentire
1806 712 1863 763 in
1892 728 1950 763 se
1989 712 2286 780 quemlibet
2310 714 2376 763 de
2404 713 2491 763 af·-

1424 785 1564 836 fectu
1593 785 1746 835 istius
1774 783 1957 833 Matris
1984 782 2038 832 in
2072 782 2271 833 Filium
2301 799 2482 833 suum.

1426 856 1587 905 Nullo
1637 854 1902 921 siquidem
1945 854 2107 903 modo
2164 853 2484 905 crediderim

1425 930 1569 995 quod
1606 928 1653 979 is
1680 926 1774 995 qui
1802 927 1867 977 ad
1906 942 2031 977 eum
2079 925 2484 992 intelligendum

1423 1000 1644 1068 provehi
1687 999 1941 1050 meruerit
1966 998 2031 1049 ab
2078 998 2275 1049 amoris
2314 998 2487 1063 ipsius

1424 1071 1703 1123 dulcedine
1761 1081 2041 1122 extraneus
2096 1085 2488 1136 usquequaque

1424 1142 1538 1194 fieri
1569 1142 1754 1209 possit.
1785 1141 1890 1202 Qui
1910 1151 2088 1192 autem
2118 1141 2175 1191 in
2206 1141 2368 1207 hujus
2396 1143 2487 1192 di-

1423 1216 1663 1267 lectionis
1707 1215 2019 1265 suavitatem
2066 1214 2282 1275 transit,
2335 1216 2485 1266 nullo

1422 1297 1571 1353 pacto
1608 1286 2001 1337 defendendum
2021 1324 2036 1350 ,
2076 1285 2208 1352 quin
2237 1294 2287 1335 et
2315 1284 2371 1334 in
2398 1302 2485 1337 re-

1419 1360 1729 1411 tributionis
1766 1359 1879 1425 ejus
1920 1358 2256 1426 participium
2304 1367 2486 1410 trans·-

1422 1430 1596 1482 iturus
1620 1431 1690 1481 sit
1719 1448 1733 1481 :
1764 1450 1791 1478 »
1824 1431 1939 1481 haec
1963 1428 2266 1480 AnselmuS.

1493 1518 1555 1552 10
1602 1503 1927 1559 SEQuannuu
1982 1516 2077 1551 Es'r
2142 1500 2363 1550 Culusa-1
2424 1516 2484 1549 sn

1421 1588 1766 1624 mmmmm-ts
1815 1588 2112 1623 extumum.
2173 1600 2233 1608 —
2288 1570 2484 1635 Vidisti

1419 1656 1676 1712 quantam
1722 1653 2099 1711 paupertatem,
2143 1641 2402 1693 vilitatem
2432 1654 2484 1693 et

1418 1717 1774 1783 asperitatem,
1811 1715 2104 1781 vigilando,
2135 1713 2479 1778 dormiend0,

1418 1787 1749 1846 abstinend0,
1771 1796 1823 1837 et
1851 1786 1906 1835 in
1929 1784 2183 1835 omnibus
2209 1785 2320 1834 suis
2343 1784 2482 1834 acti-

1418 1858 1519 1909 bus
1557 1861 1671 1909 Rex
1712 1873 1920 1922 regum,
1962 1865 2012 1907 et
2040 1855 2306 1905 Dominus
2336 1865 2480 1906 aeter-

1417 1948 1521 1982 nus
1579 1946 1673 1997 per
1727 1941 1836 1980 tam
1876 1928 2177 1996 longissimi
2224 1929 2482 1994 temporis

1419 2001 1588 2068 spatia
1611 2018 1708 2069 pro
1736 2000 1892 2051 nobis
1920 1999 2188 2050 sustinuit.
2219 1999 2321 2050 Ubi
2353 2010 2483 2049 sunt

1418 2090 1545 2140 ergo
1586 2083 1885 2140 quaerentes
1924 2071 2033 2122 otia
2076 2081 2129 2121 et
2175 2072 2479 2131 commoda,

1418 2154 1715 2211 quaerentes
1744 2142 2015 2209 superflua
2033 2151 2085 2192 et
2111 2151 2313 2201 ornata,
2339 2157 2481 2207 quae-

1419 2226 1593 2268 rentes
1624 2215 1833 2266 curiosa
1860 2224 1911 2267 et
1941 2214 2099 2265 vana?
2132 2215 2253 2264 Non
2284 2212 2479 2263 didici-

1418 2305 1543 2339 mus
1575 2288 1633 2338 in
1671 2287 1871 2337 scholis
1904 2285 2141 2352 Magistri
2170 2286 2348 2351 hujuS‚
2381 2284 2478 2351 qui

1418 2359 1543 2411 talia
1594 2359 1865 2409 volumus·
1917 2357 2021 2406 Sed
2068 2357 2331 2423 numquid
2387 2371 2477 2405 sa-

1418 2432 1709 2499 pientiores
1737 2446 1799 2481 eo
1828 2429 2049 2481 sumus?
2093 2431 2209 2495 Ipse
2249 2445 2348 2479 nos
2385 2430 2480 2478 do-

1418 2503 1531 2554 cuit
1580 2503 1744 2554 verbo
1800 2512 1853 2552 et
1912 2501 2158 2566 exemplo
2203 2499 2480 2550 humilita-

1417 2584 1557 2638 tem,
1598 2581 1983 2639 paupertatem,
2027 2585 2084 2621 ac
2134 2571 2370 2636 corporis
2426 2579 2478 2620 et

1416 2645 1617 2696 laboris
1657 2642 2016 2693 afflictionem.
2060 2643 2361 2707 Sequamur
2401 2657 2478 2691 er-

1417 2732 1484 2782 go
1524 2730 1798 2766 summum
1850 2713 2197 2779 Magistrum,
2248 2713 2340 2778 qui
2382 2728 2478 2765 nec

1417 2787 1598 2839 fallere
1623 2786 1758 2850 vult,
1788 2801 1882 2836 nec
1911 2783 2019 2834 falli
2060 2792 2250 2850 potest,
2288 2790 2340 2834 et
2386 2784 2478 2835 ha-

1417 2862 1600 2922 benta,
1654 2861 1799 2925 juxta
1856 2857 2151 2909 doctrinam
2233 2855 2476 2922 Apostoli

1416 2934 1625 2995 victum,
1666 2939 1716 2982 et
1747 2931 1931 2997 quibus
1959 2936 2205 2996 tegamur
2252 2929 2317 2978 ad
2347 2944 2477 2978 con-

1417 3015 1692 3072 gruentem
1716 3002 1921 3054 scilicet
1950 3000 2336 3058 necessitatem,
2369 3015 2476 3049 non

1416 3072 1957 3142 superabundantiam
1984 3109 1998 3132 ,
2083 3071 2169 3121 his
2248 3069 2476 3121 contenti

1413 3148 1598 3198 simu-3.
1642 3145 1777 3196 Aliis
1816 3142 1974 3194 etiam
2018 3140 2276 3192 virtutum
2318 3155 2474 3190 exer-

1412 3219 1553 3270 citiis
1585 3229 1637 3270 et
1674 3216 1865 3268 studiis
1904 3213 2298 3280 spiritualibus,
2340 3227 2474 3261 con-

1413 3290 1587 3354 tinue,
1673 3285 2029 3337 indesinenter
2111 3293 2163 3334 et
2246 3281 2475 3348 vigilan-

1412 3372 1521 3422 ter,
1587 3375 1684 3426 pro
1744 3371 1900 3424 posse
1928 3394 1942 3415 ,
2004 3354 2328 3405 insistamus,
2394 3352 2474 3402 Ex

1412 3430 1517 3483 hoc
1560 3445 1685 3496 ergo
1721 3429 1855 3478 facto
1893 3425 2127 3485 Domini,
2164 3424 2343 3490 accipe
2370 3424 2474 3472 do-

1412 3502 1638 3554 ctrinam
1671 3499 1743 3565 ,in
1776 3508 1922 3549 tuam
1966 3495 2275 3562 parvitatem
2332 3492 2474 3544 resi-

1411 3575 1617 3636 liendo;
1658 3587 1719 3622 ac
1765 3571 1997 3635 teipsum
2036 3584 2146 3618 non
2193 3567 2373 3617 solum
2418 3565 2473 3614 in

1412 3656 1524 3709 tu0,
1559 3643 1652 3694 sed
1685 3640 1847 3692 etiam
1889 3639 1947 3689 in
1977 3638 2205 3689 aliorum
2251 3651 2475 3702 conspe-
2546 3656 2557 3667 ·

1412 3729 1499 3769 ctu
1543 3713 1844 3767 vilificando
1911 3722 1963 3763 et
2024 3726 2118 3777 per
2161 3709 2473 3760 exercitium

1409 3790 1603 3845 vilium
1647 3797 1699 3840 et
1737 3785 2034 3837 humilium
2071 3798 2295 3849 operum
2332 3779 2473 3846 abji-

1409 3863 1617 3916 ciend0.
1677 3859 1872 3912 Videas
1929 3855 2183 3910 continue
2236 3852 2475 3905 defectus
