2784 4452
723 306 1079 361 SERMONIS
1112 304 1183 356 IN
1219 302 1476 356 MONTE
1502 300 1918 389 CONCLUSIO.

2323 297 2424 351 385

1038 684 1373 756 CAPUT
1417 683 1548 751 XL

439 912 542 980 De
586 918 788 978 arcta
836 907 974 991 via,
1026 917 1185 988 etc„
1245 916 1314 976 et
1374 903 1809 975 conclusione
1846 902 2189 972 sermonis

959 1021 1254 1091 Domini
1304 1020 1378 1090 in
1426 1029 1676 1091 monte.

1041 1216 1331 1279 Matthaei
1372 1203 1507 1299 cap.
1557 1238 1620 1299 7.

268 1478 286 1512 1
327 1463 511 1512 Pon-m
529 1475 598 1510 er
620 1475 710 1510 vm
734 1475 802 1509 An
829 1473 992 1509 vri-Au
1010 1473 1265 1508 mensu:

140 1577 146 1589 ,
196 1548 362 1596 sum-3
411 1549 478 1582 An
540 1546 895 1581 mammons-‚n
948 1545 1085 1579 veno
1139 1545 1266 1581 spa-

197 1619 381 1654 nosue.
417 1631 479 1640 —
508 1602 574 1652 Et
615 1599 742 1665 quia
791 1600 960 1650 multa
1004 1609 1057 1649 et
1088 1599 1266 1650 admi-

196 1674 362 1724 randa
384 1672 652 1722 Dominus
680 1679 1015 1736 praeceperat‚
1042 1669 1269 1721 cunctis·

196 1759 305 1811 que
353 1742 695 1810 passionibus
737 1757 865 1792 suos
911 1757 1027 1792 esse
1067 1741 1267 1792 liberos

196 1817 441 1881 jusserat,
501 1829 566 1864 ne
611 1812 807 1879 aliquis
850 1812 1067 1873 diceret,
1138 1812 1269 1879 quia

196 1883 564 1950 importabilia
607 1893 736 1933 sunt
776 1882 876 1933 ista
918 1899 1159 1949 prorsuS‚
1208 1898 1269 1933 ac

196 1958 331 2007 dura
359 1965 500 2006 arcta
540 1954 623 2005 via
660 1965 745 2005 est
776 1954 896 2016 ista,
924 1956 1077 2006 valde
1117 1955 1267 2006 diffi-

199 2027 320 2078 cilis
364 2025 753 2076 observationis
793 2036 921 2077 sunt
961 2026 1063 2077 ista
1107 2042 1269 2076 man-

201 2098 352 2157 data,
397 2094 582 2146 subdit
619 2091 999 2157 monitionem,
1035 2097 1217 2147 dicens
1251 2113 1265 2146 ε

204 2169 533 2232 Contendite,
559 2184 685 2235 ergo
710 2180 761 2219 et
779 2169 1009 2220 sollicite
1025 2169 1268 2237 satagite,

201 2243 410 2293 intrare
434 2255 537 2306 per
576 2247 866 2307 angustam
888 2248 1124 2306 portam,
1158 2257 1269 2291 non

202 2328 296 2378 per
319 2313 499 2362 latam.
532 2311 699 2371 Quasi
739 2311 939 2362 diceret
964 2328 978 2363 ε
1009 2311 1271 2373 Quamvis

201 2384 457 2450 praedicta
498 2382 609 2432 sint
644 2382 881 2433 difficilia
928 2393 981 2434 et
1024 2393 1269 2449 angusta,

198 2465 379 2505 tamen
425 2453 697 2503 meritoria
744 2464 873 2503 sunt
926 2463 978 2504 et
1019 2454 1271 2504 introitus

199 2527 267 2577 ad
300 2526 548 2577 coelestia.
580 2527 644 2577 Et
679 2535 927 2576 notanter
954 2528 1269 2589 contendite,

200 2596 355 2658 dicit,
407 2598 534 2662 quia
584 2611 811 2662 regnum
864 2597 1117 2648 coelorum
1168 2598 1273 2648 vim

124 2702 130 2708 -
192 2668 425 2733 patitur,
474 2673 528 2717 et
576 2667 795 2719 violenti
827 2668 1073 2734 ,rapiunt
1118 2667 1271 2720 illud.

204 2737 328 2786 Non
363 2736 510 2786 enim
563 2747 736 2802 potest
776 2736 891 2787 fieri
933 2738 1048 2789 sine
1079 2748 1274 2789 conatu

201 2822 426 2873 magno,
478 2808 625 2874 quod
672 2808 840 2858 homo
895 2819 1137 2860 terrenus
1182 2808 1276 2860 fiat

203 2877 338 2928 civis
379 2878 433 2927 in
471 2879 623 2928 coelo.
651 2879 722 2929 Et
749 2878 865 2929 haec
896 2880 1167 2931 contentio
1196 2888 1278 2930 est

203 2950 346 2999 bona
395 2958 449 2999 et
494 2958 694 3012 sancta,
744 2950 920 3017 qualis
966 2951 1070 3002 fuit
1109 2951 1164 3001 in
1208 2953 1278 3001 le-

201 3021 362 3089 gione
391 3022 776 3088 Thebaeorum,
818 3024 961 3074 inter
1003 3040 1142 3091 quos
1166 3033 1278 3074 erat

203 3094 273 3143 de
332 3094 579 3159 gloriosae
653 3095 845 3145 mortis
904 3094 1279 3146 acceleratione
1308 3105 1320 3118 ·

204 3164 499 3216 contenti0.
547 3165 652 3216 Sed
702 3166 866 3216 hodie
894 3175 974 3216 est
1005 3166 1278 3216 contentio

204 3235 275 3286 de
315 3234 453 3297 aliis,
486 3236 614 3302 quia
654 3237 721 3287 de
769 3236 1066 3300 majoritate
1098 3245 1151 3287 et
1181 3252 1279 3287 ex·

208 3305 470 3371 cellentia,
498 3305 564 3356 de
588 3306 911 3373 acquirenda
940 3306 1185 3373 pecunia,
1212 3308 1281 3359 de

207 3375 408 3441 injuria
447 3377 820 3438 remordenda,
862 3386 915 3427 et
966 3377 1279 3443 hujusmodi

208 3446 427 3498 similia.
473 3446 682 3498 Deinde
737 3447 912 3498 reddit
958 3448 1282 3500 monitionis

208 3516 365 3566 dictae
406 3516 691 3579 rationem,
751 3518 933 3569 dicens
969 3536 984 3570 t
1029 3521 1108 3571 Ita
1154 3536 1281 3587 ergo

187 3633 198 3652 ‚‚
209 3590 412 3640 intrate
449 3605 552 3655 per
593 3597 885 3657 angustam
904 3600 1142 3659 portam,
1170 3610 1282 3645 non

210 3674 305 3725 per
353 3659 532 3721 latam,
578 3662 703 3727 quia
743 3663 857 3713 lata
886 3673 967 3715 est
1007 3672 1194 3730 por-ta,
1233 3670 1286 3716 et

211 3729 457 3795 spatiosa
486 3731 593 3795 via,
637 3747 758 3798 quae
787 3734 936 3785 ducit
972 3736 1050 3786 ad
1091 3735 1285 3802 perdi—

214 3799 425 3864 tionem,
448 3808 501 3852 ετ
524 3802 678 3853 multi
705 3810 829 3854 sunt
850 3805 942 3871 qui
970 3806 1174 3859 intrant
1183 3823 1286 3874 per

211 3882 350 3922 eam.
397 3872 569 3932 Quam
604 3881 842 3941 angusta
862 3883 1027 3942 porta
1056 3885 1108 3929 et
1129 3885 1288 3932 arcta

336 3984 475 4038 vm
502 3987 628 4041 Jssu
660 3990 896 4057 Cimsrx,
923 4007 1098 4047 tonus
1124 3995 1165 4048 1.

1373 1456 1463 1507 via
1490 1461 1586 1517 est,
1613 1468 1733 1520 quae
1752 1453 1899 1504 ducit
1915 1455 1990 1505 ad
2008 1455 2188 1518 vitam,
2214 1461 2265 1505 et
2274 1455 2444 1522 pauci

1374 1532 1500 1577 sunt
1525 1525 1618 1591 qui
1643 1524 1912 1574 inveniunt
1939 1527 2091 1576 eam!
2117 1527 2318 1590 Porta,
2351 1526 2444 1576 in-

1374 1614 1588 1666 gressus
1616 1607 1714 1658 est,
1744 1598 1920 1664 quoad
1953 1597 2297 1664 incipientes;
2331 1599 2441 1661 via,

1374 1686 1687 1739 progressus
1742 1680 1842 1731 est,
1872 1671 2050 1735 quoad
2091 1670 2445 1738 proficienteS,

1371 1743 1457 1793 vel
1496 1740 1822 1792 deficienteS.
1868 1741 1941 1791 Et
1982 1741 2117 1791 bene
2145 1741 2282 1792 dixit
2305 1741 2449 1792 viam

1372 1815 1438 1864 ad
1481 1813 1649 1863 vitam
1693 1822 1976 1879 angustam
2009 1828 2126 1863 esse
2152 1823 2204 1863 et
2230 1823 2450 1875 arctam,

1373 1883 1535 1935 aliam
1562 1898 1687 1934 vero
1714 1884 1877 1932 latam
1901 1893 1954 1933 et
1982 1883 2288 1949 spatiosam.
2312 1885 2449 1935 Nam

1372 1955 1620 2019 jejunare,
1652 1952 1891 2019 vigilare,
1917 1969 1948 2003 a
1972 1954 2145 2003 carnis
2168 1954 2451 2004 desideriis

1374 2037 1427 2077 et
1459 2026 1821 2092 voluptatibus
1849 2026 2138 2087 abstinere,
2171 2027 2446 2093 propriam

1373 2099 1702 2149 voluntatem
1748 2113 1858 2147 non
1904 2097 2091 2161 facere,
2122 2097 2207 2148 cui
2240 2115 2349 2148 non
2376 2099 2454 2149 vi·

1374 2170 1532 2219 detur
1561 2178 1853 2235 angustum
1881 2178 1933 2218 et
1959 2168 2203 2218 arctum?
2232 2170 2302 2219 At
2324 2167 2451 2219 vero

1376 2239 1626 2289 deliciose
1652 2239 1975 2289 manducare
2005 2249 2054 2289 et
2074 2239 2275 2298 bibere,
2307 2249 2452 2289 cete-

1377 2311 1562 2376 risque
1592 2309 1773 2360 carnis
1812 2309 2095 2360 desideriis
2124 2321 2175 2360 et
2199 2312 2452 2377 volupta-

1374 2380 1522 2430 tibus
1563 2379 1801 2440 obedire‚
1849 2395 1909 2431 ac
1954 2381 2214 2430 voluntati
2257 2397 2368 2432 suae
2396 2380 2453 2431 in

1378 2451 1530 2501 nullo
1559 2450 1943 2511 contradicere,
1975 2450 2063 2501 cui
2104 2467 2213 2501 non
2242 2452 2454 2503 videtur

1376 2522 1546 2571 latum
1574 2531 1627 2571 et
1657 2520 1987 2587 spatiosum?
2028 2522 2152 2584 Sed,
2186 2522 2318 2573 heu!
2359 2538 2456 2588 per

1377 2595 1539 2644 latam
1566 2593 1710 2645 viam
1731 2592 1886 2660 quasi
1918 2610 2109 2644 omnes
2134 2594 2454 2658 incedimus,

1378 2676 1431 2717 et
1459 2667 1525 2716 de
1563 2676 1790 2732 angusta
1825 2667 1977 2733 pauci
2002 2682 2271 2718 curamus.
2301 2668 2458 2719 Unde

1381 2736 1805 2804 chrysostomus
1833 2754 1851 2787 .·
1887 2754 1914 2782 α
1946 2737 2055 2798 Qui
2089 2737 2225 2802 jussi
2266 2754 2458 2790 sumus

1380 2822 1475 2873 per
1499 2817 1784 2873 angustam
1817 2816 2029 2872 portam
2058 2808 2325 2871 incedere,
2363 2825 2458 2875 per

1379 2881 1541 2931 latam
1587 2896 1799 2945 semper
1856 2880 2176 2932 incedimuS.
2206 2882 2279 2933 Et
2331 2883 2458 2948 qui-

1382 2952 1525 3011 dem,
1556 2950 1602 3000 si
1634 2950 1886 3001 homines
1915 2951 2081 3001 seculi
2108 2953 2270 3014 latam
2295 2953 2456 3013 viam,

1382 3022 1782 3087 spatiosamque
1813 3022 2141 3088 gradiantur,
2171 3040 2279 3074 non
2307 3024 2458 3074 valde

1384 3093 1589 3144 mirum
1619 3102 1716 3144 est.
1747 3093 1860 3144 Eos
1884 3105 2061 3146 autem
2087 3094 2181 3162 qui
2211 3096 2459 3146 videntur

1384 3166 1670 3217 sustulisse
1717 3182 1927 3219 crucem
1988 3185 2141 3220 suam
2203 3179 2254 3219 et
2301 3168 2456 3235 sequi

1385 3236 1686 3298 Christum,
1732 3253 1843 3288 non
1891 3254 1989 3304 per
2025 3239 2164 3289 hanc
2212 3241 2373 3290 latam
2406 3249 2460 3290 et

1385 3308 1675 3374 spatiosam
1722 3309 1858 3360 velle
1903 3310 2164 3370 incedere,
2206 3326 2316 3361 non
2358 3310 2459 3362 tibi

1388 3380 1697 3447 prodigium
1741 3380 2001 3432 videatur.
2052 3382 2297 3449 Denique
2338 3399 2462 3433 mo·-

1388 3454 1570 3516 nachi‚
1595 3471 1735 3513 ‚cum
1782 3455 1848 3505 de
1896 3455 2234 3506 monasteriis
2273 3456 2462 3523 requi-

1389 3536 1533 3590 runt,
1563 3537 1615 3578 et
1643 3528 1710 3577 de
1739 3526 1873 3577 locis
1908 3525 2301 3578 habitationum
2333 3543 2462 3592 per-

1389 3607 1727 3660 cunctantur,
1765 3606 1886 3647 ante
1930 3598 2117 3647 omnia
2159 3597 2462 3665 inquirunt,

1391 3668 1438 3719 si
1475 3669 1691 3735 requies
1735 3668 1805 3718 sit
1844 3667 1899 3717 in
1945 3667 2084 3729 loc0,
2117 3667 2161 3719 si
2191 3670 2466 3722 abundent

1391 3741 1598 3803 omnia,
1627 3740 1673 3790 si
1698 3754 1960 3805 aquarum
1993 3739 2146 3805 copia
2173 3740 2464 3792 confluant.

1392 3811 1496 3862 Sed
1525 3821 1578 3862 et
1605 3811 1652 3862 si
1679 3810 1744 3860 de
1773 3824 1954 3860 eremo
1984 3809 2275 3876 requirant,
2306 3811 2467 3863 etiam

1394 3881 1472 3933 ibi
1520 3891 1645 3935 ante
1672 3879 1856 3933 omnia
1896 3881 1963 3933 de
2001 3881 2185 3949 requie
2224 3891 2467 3947 tractant,

2214 3996 2279 4048 25
