2784 4452
321 388 328 394 ⁶
353 407 459 474 264

347 523 614 592 g'elorum,
657 520 811 588 panis
849 520 1022 580 vivus,
1066 517 1220 585 panis
1267 533 1411 585 quo-

349 594 605 645 tidianuS.
667 593 768 642 Hic
816 601 897 642 est
928 591 994 641 de
1029 603 1138 658 quo
1189 586 1413 654 promis-

349 679 474 717 sum
495 674 593 722 est,
611 662 739 731 quia
759 661 1070 726 centuplum
1087 658 1413 724 accipiemus

351 734 409 785 in
438 732 541 783 hoc
560 734 756 783 secu10.
791 731 940 781 Sicut
973 731 1118 780 enim
1149 742 1416 778 mercena·

347 803 446 855 riis
485 814 538 855 et
582 804 733 854 cibus
761 801 1108 869 quotidianus
1155 800 1312 849 datur
1354 799 1412 847 in

349 889 527 941 opere,
564 884 859 925 et·merces
909 880 1148 923 servatur
1189 869 1246 920 in
1271 868 1411 931 fine;

349 947 428 998 sic
453 946 718 996 Dominus
734 945 899 996 vitam
924 944 979 994 in
1005 943 1109 993 fine
1136 941 1334 1005 reddet,
1365 948 1418 990 et

294 1020 303 1027 '
349 1016 569 1068 interim
635 1016 944 1081 centuplum
994 1012 1320 1079 repromittit
1362 1020 1416 1061 et

349 1086 584 1137 exhibet.
615 1085 757 1146 Quid
787 1100 913 1151 ergo
940 1083 1160 1144 mirum,
1185 1081 1230 1132 si
1257 1082 1415 1132 timet

350 1173 421 1208 ne
474 1158 658 1224 perdat
689 1157 825 1207 hanc
866 1156 1110 1222 gratiam,
1160 1154 1254 1221 qui
1307 1154 1412 1217 jam

348 1237 564 1279 secutus
591 1237 671 1277 est
697 1242 814 1277 eam
857 1242 872 1276 z
918 1225 1029 1276 haec
1073 1234 1154 1275 est
1193 1232 1415 1274 metreta

346 1298 523 1358 tertia,
569 1312 733 1365 quam
793 1296 895 1347 sub
945 1294 1287 1345 distinctione
1332 1294 1414 1344 si·
1437 1318 1452 1332 ·

349 1378 573 1435 gnanter
604 1367 802 1434 posuit,
849 1382 913 1418 eo
959 1367 1106 1433 quod
1134 1382 1242 1416 non
1287 1381 1413 1415 om·-

347 1438 505 1489 nium
533 1438 621 1499 sit,
651 1438 781 1504 quia
810 1453 907 1488 nec
943 1437 1198 1488 omnibus
1226 1445 1413 1486 centu-

346 1509 500 1575 plum
544 1507 952 1574 repromittitur.
1011 1525 1039 1555 »
1093 1507 1160 1556 Et
1213 1505 1411 1556 iterum
1473 1566 1474 1569 Ἴ

347 1582 664 1634 Ber-nardus
726 1598 743 1632 .·
798 1599 826 1627 «
894 1581 1209 1641 Quaeramus
1285 1594 1412 1645 ergo

346 1668 647 1713 mensuras,
689 1667 823 1717 quas
870 1650 1074 1717 hydriae
1134 1649 1414 1715 capiebant

346 1725 503 1777 binas
541 1734 634 1776 aut
675 1724 861 1774 trinas.
893 1722 1029 1771 Nam
1077 1731 1128 1772 et
1174 1721 1413 1772 Salvator

343 1790 613 1861 triplicem
688 1792 848 1843 nobis
913 1807 1108 1857 aquam
1157 1790 1408 1857 apponit;

346 1874 399 1916 et
419 1864 683 1930 perfectus
710 1862 892 1914 omnis
910 1862 1028 1923 erit,
1057 1862 1151 1929 qui
1180 1862 1279 1912 has
1301 1871 1410 1912 tres

344 1944 596 1985 metretas
648 1934 846 1985 habere
908 1932 1158 1999 potuerit.
1228 1932 1410 1981 Plorat

345 2008 462 2074 ipse
493 2023 656 2073 super
683 2008 960 2067 Lazarum,
992 2014 1045 2055 et
1074 2019 1236 2071 super
1273 2004 1409 2055 civi-

343 2091 509 2132 tatem
556 2082 851 2132 Jerusalem
907 2096 921 2130 :
975 2079 1087 2130 haec
1143 2089 1224 2129 est
1271 2093 1410 2145 aqua

345 2153 542 2219 prima.
570 2153 756 2212 Sudat,
790 2151 1112 2202 imminente
1136 2151 1410 2202 Passionis

344 2226 509 2291 hora;
550 2237 603 2277 et
647 2228 760 2278 haec
793 2236 874 2277 est
902 2224 1162 2287 secunda,
1198 2242 1308 2276 non
1341 2224 1409 2275 ab

345 2297 521 2349 oculis
559 2307 789 2358 tantum,
836 2297 929 2347 sed
971 2312 1002 2346 a
1035 2305 1148 2347 toto
1192 2311 1412 2361 corpore

345 2386 591 2434 manans,
639 2372 804 2421 rubea
859 2370 1078 2437 quidem
1117 2379 1168 2421 et
1200 2369 1412 2435 sangui-

344 2456 464 2493 nea.
490 2441 675 2491 Tertia
695 2457 823 2492 vero
837 2456 993 2507 aqua,
1019 2456 1125 2491 una
1143 2456 1267 2491 cum
1293 2455 1411 2490 san·

343 2513 510 2579 guine
547 2514 783 2564 manavit
810 2529 874 2564 ex
898 2514 1013 2578 ejus
1049 2514 1226 2566 latere.
1253 2514 1318 2563 Et
1349 2523 1410 2562 tu

343 2599 472 2650 ergo
504 2584 744 2650 primum
771 2584 958 2643 habes,
1002 2584 1046 2635 si
1090 2585 1155 2635 de
1185 2584 1411 2649 peccatis

342 2666 727 2722 compunctus,
783 2656 1121 2707 conscientiae
1181 2666 1409 2707 stratum

340 2726 503 2792 rigas·
553 2727 854 2778 Secundam
908 2727 1091 2787 habeS‚
1142 2727 1187 2777 si
1217 2727 1274 2776 in
1310 2743 1409 2777 su-

341 2798 471 2849 dore
496 2799 677 2849 vultus
726 2798 824 2859 tui,
869 2812 1006 2864 pane
1042 2806 1139 2848 tuo
1160 2798 1408 2859 vescaris,

341 2876 395 2918 et
439 2869 623 2919 labore
665 2868 987 2935 poenitentiae
1022 2884 1216 2935 corpus
1250 2879 1408 2920 tuum

341 2941 585 3008 castiges,
617 2943 711 2992 Est
741 2953 921 2993 autem
960 2942 1155 2994 coloris
1184 2942 1408 3010 sangui·-

343 3012 453 3072 nei,
483 3013 595 3064 sive
618 3022 835 3079 propter
862 3014 1119 3075 laborem,
1145 3013 1258 3065 sive
1282 3029 1409 3079 pro-

342 3092 459 3149 pter
474 3083 651 3148 ipsum
667 3083 1128 3150 concupiscentiae,
1146 3099 1307 3150 quem
1327 3099 1413 3134 ex-

341 3154 587 3221 stinguit,
602 3155 801 3220 ignem.
813 3156 840 3205 J
843 3171 929 3206 am
943 3171 1085 3221 vem,
1098 3156 1143 3206 si
1158 3156 1410 3222 proficere

339 3234 492 3291 potes
521 3240 692 3291 usque
731 3226 796 3275 ad
824 3227 1049 3291 gratiam
1091 3227 1409 3287 devotionis,

341 3292 613 3361 potaberis
639 3311 776 3362 aqua
802 3296 981 3360 gratiae
1019 3296 1328 3362 SalvatoriS,
1359 3307 1411 3347 et

1003 404 1241 455 PRIMAE
1277 402 1524 454 PARTIS
1558 402 1794 453 CAPUT
1826 402 1992 453 XXV.

1518 515 1753 582 Spiritus
1777 514 1977 578 Sancti,
2002 529 2124 581 quae
2148 528 2309 579 super
2340 513 2449 563 mel
2470 514 2591 564 dul-

1519 588 1595 638 cis
1620 597 1718 648 est,
1739 593 1790 638 et
1805 587 1910 654 fiet
1928 588 1981 637 in
2010 593 2061 637 te
2091 599 2246 652 aquae
2266 586 2402 651 sons
2427 586 2479 636 in
2499 587 2589 637 νὶ-

1521 666 1627 710 tam
1646 666 1902 710 aeternam
1923 659 2171 710 salientis
2201 676 2218 710 :
2243 668 2295 709 et
2314 669 2588 710 memento

1521 730 1661 780 hanc
1707 745 1822 780 esse
1869 745 2083 797 aquam,
2145 745 2265 796 quae
2313 730 2380 779 de
2425 730 2590 784 latere

1518 801 1837 851 dormientis
1885 801 2142 868 procedit,
2189 810 2243 851 et
2288 801 2407 851 sine
2434 801 2587 851 omni

1520 871 1765 922 molestia
1817 871 1937 923 fuit.
1987 872 2214 937 Oportet
2264 871 2410 921 enim
2441 872 2587 938 quod

1518 943 1624 1009 jam
1653 944 1858 993 mundo
1882 951 2128 993 mortuus
2163 942 2253 1003 sit,
2282 941 2378 1009 qui
2405 941 2462 992 in
2488 942 2590 992 hac

1520 1015 1687 1082 gratia
1709 1015 1955 1066 delectari
1993 1015 2241 1066 voluerit.
2275 1014 2458 1064 Prima
2479 1014 2589 1080 igi·-

1519 1097 1609 1138 tur
1638 1103 1668 1138 a
1700 1087 1983 1154 praeteritis
2012 1087 2224 1138 delictis
2255 1085 2428 1136 abluit
2451 1102 2588 1137 con-
2617 1082 2626 1091 ⁰

1520 1157 1827 1222 scientiam;
1873 1158 2121 1218 secunda,
2152 1167 2213 1207 ut
2262 1155 2441 1207 futura
2493 1171 2588 1206 ca-

1521 1228 1667 1294 pias,
1727 1228 2017 1294 exstinguit
2069 1226 2583 1292 concupiscentiam3

1520 1299 1675 1350 tertia
1696 1315 1840 1360 vei-0,
1869 1299 1916 1351 si
1951 1298 2017 1349 ad
2042 1313 2160 1349 eam
2182 1298 2458 1364 pervenire
2481 1313 2591 1348 me-

1518 1369 1707 1431 rueris,
1758 1370 2032 1420 sitientem
2082 1377 2229 1435 potat
2256 1367 2532 1418 animam:
2557 1387 2586 1415 n

1520 1442 1633 1492 haec
1659 1442 1993 1492 Ber-nardus.

1588 1527 1653 1576 14
1680 1513 1707 1562 J
1712 1527 1897 1562 omnis
1942 1525 2315 1560 annosus-rm:
2340 1525 2584 1560 voca-rm.

1517 1612 1579 1623 -—
1606 1584 1647 1633 F
1653 1584 2001 1634 inito'autem
2021 1581 2285 1642 convivio,
2316 1581 2587 1632 Dominus

1516 1656 1722 1708 vocavit
1750 1657 2009 1707 Joannem
2061 1669 2326 1714 seorsum,
2358 1663 2410 1704 et
2450 1653 2589 1704 dixit

1516 1730 1581 1780 ad
1606 1745 1730 1781 eum
1760 1746 1773 1780 :
1805 1729 2030 1779 Dimitte
2072 1727 2210 1778 hanc
2245 1741 2485 1786 uxorem,
2533 1736 2586 1776 et

1516 1815 1740 1866 sequere
1770 1815 1874 1850 me.
1919 1797 2047 1858 Qui,
2079 1797 2199 1847 viso
2240 1797 2500 1847 miraculo
2526 1796 2583 1846 in

1516 1871 1631 1935 ejus
1684 1869 1889 1936 nuptiis
1954 1868 2109 1928 facto,
2160 1867 2343 1918 statim
2402 1867 2585 1917 relicta

1516 1959 1714 2009 sponsa
1741 1958 1854 2002 sua,
1884 1951 2098 1993 secutus
2148 1950 2228 1991 est
2266 1939 2583 1991 Dominum.

1517 2014 1585 2063 Et
1617 2013 1729 2063 haec
1775 2012 1880 2061 fuit
1909 2010 2084 2076 prima
2114 2010 2319 2061 vocatio
2342 2009 2581 2069 Joannis,

1517 2099 1624 2150 qua
1650 2084 1718 2134 ad
1743 2082 1946 2134 Christi
1990 2080 2137 2132 venit
2164 2080 2581 2131 familiaritatem

1517 2166 1570 2206 et
1596 2155 1867 2206 notitiam.
1900 2154 2109 2219 Sponsa
2135 2168 2261 2204 vero
2286 2154 2418 2218 ejus,
2433 2153 2584 2202 Ana-

1517 2225 1658 2277 chita
1687 2225 1927 2285 nomine,
1960 2224 2063 2285 vel,
2093 2223 2391 2275 secundum
2428 2223 2582 2282 alios,

1517 2297 1682 2347 Maria
1724 2296 2049 2362 Magdalena,
2094 2295 2412 2356 voluntarie,
2446 2295 2585 2345 sicut
2652 2299 2657 2303 “

1517 2382 1749 2432 sponsus
1773 2367 1903 2431 ejuS,
1932 2381 2055 2416 cum
2086 2364 2208 2415 aliis
2245 2365 2445 2415 sanctis
2470 2380 2584 2414 mu-

1516 2441 1757 2503 lieribuS‚
1797 2440 2098 2491 Dominum
2140 2450 2317 2491 secuta
2358 2448 2455 2489 est.
2484 2437 2582 2489 Dei

1517 2514 1663 2563 enim
1683 2512 1913 2579 perfecta
1932 2521 2062 2563 sunt
2089 2528 2274 2578 opera;
2302 2522 2354 2562 et
2375 2512 2494 2561 ideo
2518 2527 2584 2562 ex

1518 2602 1628 2653 quo
1655 2586 1863 2637 vocavit
1908 2602 2082 2637 unum
2108 2587 2418 2652 conjugum,
2448 2601 2582 2635 con-

1515 2656 1738 2707 veniens
1780 2656 1884 2707 fuit
1910 2672 2101 2708 vocare
2138 2666 2190 2707 et
2231 2658 2477 2707 alterum.
2524 2657 2582 2706 In

1516 2729 1619 2780 hoc
1645 2744 1772 2795 ergo
1796 2729 1942 2795 quod
1966 2728 2233 2779 Dominus
2266 2728 2469 2795 nuptiis
2490 2728 2583 2778 in-

1515 2799 1716 2859 terfuit,
1770 2802 1979 2851 carnale
2027 2800 2442 2850 matrimonium
2481 2814 2583 2865 ap-

1515 2870 1789 2936 probavit;
1835 2871 1927 2920 sed
1956 2870 2012 2920 in
2057 2885 2121 2920 eo
2148 2870 2293 2935 quod
2318 2871 2582 2920 Joannem

1516 2945 1582 2993 de
1618 2943 1821 3009 nuptiis
1868 2944 2091 3003 vocavit,
2133 2942 2361 3009 intelligi
2405 2952 2582 3008 aperte

1514 3013 1681 3074 dedit,
1706 3014 1851 3080 quod
1876 3014 2033 3080 longe
2060 3013 2281 3079 dignius
2309 3022 2389 3064 est
2412 3012 2582 3078 spiri-

1514 3088 1657 3137 tuale
1688 3085 2116 3147 matrimonium,
2153 3100 2316 3151 quam
2350 3085 2579 3135 carnale.

1514 3157 1670 3209 Unde
1713 3158 1769 3208 in
1802 3157 2033 3207 Ecclesia
2082 3156 2395 3207 observatur
2433 3155 2581 3221 quod

1512 3237 1636 3278 ante
1660 3228 1907 3294 copulam
1932 3227 2219 3290 carnalem,
2236 3236 2410 3292 potest
2437 3226 2583 3276 licite

1512 3298 1644 3347 alter
1682 3298 1972 3363 conjugum
2002 3296 2200 3347 intrare
2243 3296 2581 3362 religionem.

1318 3600 1593 3652 ORATIO
1659 3673 1664 3678 ᾗ

397 3847 628 3899 Domine
660 3850 782 3900 Jesu
806 3848 1036 3909 Christe,
1061 3848 1156 3915 qui
1187 3849 1275 3898 die
1303 3847 1477 3909 tertia,
1505 3848 1707 3900 scilicet
1737 3857 1978 3915 tempore
2002 3849 2203 3915 gratiae,
2244 3848 2311 3898 ad
2338 3847 2578 3913 nuptias,

335 3917 536 3996 scilicet
565 3919 960 3984 conjunctionis
1010 3920 1092 3970 tui
1119 3928 1172 3969 et
1218 3918 1485 3979 Ecclesiae,
1520 3935 1615 3985 per
1659 3934 1871 3970 carnem
1901 3918 2127 3978 venisti,
2166 3927 2218 3969 et
2268 3933 2464 3984 aquam
2516 3916 2577 3967 in

333 3999 525 4037 vinum
550 3991 878 4052 convertisti,
905 3993 1037 4041 dum
1076 4005 1136 4041 ea
1172 4005 1292 4057 quae
1329 3989 1386 4039 in
1428 3991 1701 4056 Scriptura
1736 3990 1899 4042 veteri
1942 3990 2173 4042 carnalia
2219 3989 2569 4049 videbantur,
