2784 4452
282 226 395 292 ⁴146

1042 226 1281 276 PRIMAE
1315 224 1565 276 PART1s
1596 224 1829 274 CAPUT
1858 184 1995 274 xiv.

286 344 352 393 de
409 341 574 407 gradu
631 355 794 406 quem
848 340 906 391 in
956 340 1215 406 religione
1263 356 1355 391 se—
1461 354 1841 400 successorem,
1874 340 1949 390 ita
1980 350 2160 391 tamen
2192 343 2339 407 quod
2365 359 2526 395 coro-

290 415 396 464 mel
425 414 561 463 forte
597 413 865 479 attigerit,
896 414 981 463 vel
1017 428 1207 480 parum
1261 428 1354 463 as-

287 483 482 535 cendit.
515 483 625 533 Aut
672 484 952 543 ascenda3‚
1011 499 1227 534 necesse
1252 492 1353 542 est,

286 565 380 606 aut
416 554 706 605 descendas
735 571 752 603 ε
783 554 828 605 si
857 564 1081 605 attentas
1107 565 1262 616 stare,
1294 564 1355 605 ut

286 644 428 687 ruaS,
454 642 671 677 necesse
696 636 794 677 est.
817 646 844 673 ³>
867 629 935 677 Et
958 627 1153 688 iterum
1176 643 1191 677 2
1214 647 1241 674 «
1260 628 1356 677 Mi-

280 700 433 768 nime
458 714 554 764 pro
590 708 733 748 certo
781 709 860 749 est
887 699 1082 759 bonus,
1113 699 1208 765 qui
1238 714 1355 749 me·

287 772 388 821 lior
425 786 541 820 esse
582 786 690 820 non
731 772 883 829 vult,
921 780 974 820 et
1020 770 1114 820 ubi
1160 770 1357 835 incipis

286 841 428 890 nolle
455 839 568 890 fieri
615 840 837 900 melior,
868 839 947 890 ibi
989 839 1192 890 desinis
1241 855 1357 891 esse

284 911 466 963 'bonus
497 930 512 963 2
564 931 591 960 n
623 912 736 963 haec
762 913 1102 962 BeruarduS.

352 984 385 1036 6
445 985 644 1035 Joszpu
686 984 967 1034 Jonmmnu
1016 998 1264 1034 raansrr.
1293 1011 1354 1020 —

286 1056 484 1123 Joseph
512 1066 690 1106 autem
718 1066 772 1106 et
818 1057 1002 1117 Maria,
1033 1072 1156 1106 cum
1186 1071 1354 1120 puero

281 1127 411 1188 *Jesu
449 1135 787 1176 transeuntes
833 1126 1140 1187 Jordanem,
1185 1142 1354 1176 vene-

285 1206 417 1248 runt
439 1196 496 1245 in
527 1205 721 1246 terram
739 1196 918 1260 Israel,
940 1197 1240 1247 secundum
1253 1197 1358 1246 An-

288 1271 394 1337 geli
419 1270 731 1336 jussionem.
763 1270 884 1321 Non
914 1272 1063 1322 enim
1094 1271 1355 1322 determi-

288 1352 504 1392 naverat
529 1341 788 1407 AngeIUS‚
830 1341 888 1391 in
918 1358 1028 1408 quo
1058 1343 1173 1396 loco
1199 1352 1354 1392 terrae

279 1414 463 1473 Israel,
495 1428 592 1463 nec
621 1413 992 1465 nominaverat
1012 1414 1249 1480 aliquam
1274 1414 1357 1465 ci-

286 1484 506 1535 vitatem
550 1484 917 1546 determinate,
965 1495 1043 1548 ut,
1078 1485 1358 1537 dubitante

288 1555 513 1621 Joseph,
560 1556 758 1606 iterum
801 1566 1166 1617 reverteretur,
1202 1567 1257 1607 et
1293 1572 1357 1606 ex

290 1625 595 1676 reversione
642 1627 838 1692 Angeli
877 1627 1194 1678 instruentis
1231 1643 1356 1678 eum

290 1697 355 1746 de
383 1697 519 1756 loce,
563 1696 762 1763 Joseph
788 1712 854 1746 ex
890 1696 1240 1763 frequentiori
1269 1698 1356 1748 vi·-

289 1767 541 1818 sitatione
586 1767 804 1833 Angeli,
833 1777 886 1818 et
921 1768 1191 1819 locutione
1233 1785 1355 1819 cum

290 1856 373 1899 e0,
403 1841 595 1891 certior
625 1841 952 1902 redderetur,
973 1851 1026 1892 et
1045 1842 1217 1908 magis
1238 1858 1358 1893 con-

290 1914 568 1964 solaretur.
618 1912 778 1971 Quod
821 1913 978 1963 Jesus
1027 1913 1086 1963 in
1129 1913 1356 1980 patriam

292 1998 446 2034 suam
498 1993 869 2047 reverteretur,
903 2000 1003 2035 nos
1032 2000 1253 2051 quoque
1301 1984 1357 2034 in

291 2053 518 2122 patriam
538 2064 777 2105 nostram
798 2055 1052 2106 festinare
1082 2057 1355 2107 admonet.

286 2127 534 2178 Audiens
571 2142 698 2177 vero
747 2128 950 2193 Joseph
978 2129 1124 2194 quod
1146 2128 1358 2180 Arche-

291 2199 431 2260 laus,
449 2198 597 2250 filius
616 2198 846 2250 Herodis
873 2200 1070 2262 senior,
1099 2206 1360 2267 regnaret

292 2272 348 2322 in
373 2272 571 2322 Judaea
588 2287 694 2336 pro
718 2272 958 2334 Herode,
973 2278 1136 2338 patre
1148 2287 1266 2335 suo,
1299 2273 1359 2323 ti-

291 2343 427 2393 muit
447 2343 543 2393 illo
573 2344 669 2405 ire,
696 2357 809 2408 prae
830 2343 1357 2409 Archela0,paternae

290 2412 620 2462 crudelitatis
658 2412 889 2472 haerede,
934 2415 1064 2479 quia
1103 2414 1194 2464 ille
1240 2424 1358 2464 tan-

292 2497 456 2548 quam
504 2481 814 2547 principalis
857 2483 1029 2549 magis
1080 2499 1176 2549 pro
1211 2494 1358 2550 patre

280 2552 514 2614 zelabat,
543 2561 595 2601 et
619 2551 802 2601 omnis
836 2552 1070 2619 impetus
1104 2569 1356 2620 persecu-

289 2621 457 2671 tionis
481 2622 538 2672 in
569 2621 885 2672 Bethlehem
908 2624 1127 2689 ejusque
1153 2623 1357 2675 finibus

295 2693 636 2752 desaevievbat.
682 2693 864 2744 Judaea
904 2694 1190 2760 aliquando
1214 2696 1357 2746 acci-

280 2765 441 2830 pitur
476 2780 573 2830 pro
598 2773 709 2814 tota
755 2775 897 2816 terra
921 2766 1205 2817 duodecim
1254 2768 1358 2818 tri-

293 2837 496 2897 buum,
552 2846 614 2886 ut
656 2836 735 2887 ibi
788 2854 801 2887 :
854 2838 1035 2888 Notus
1073 2839 1130 2889 in
1159 2840 1357 2891 Judaea

292 2908 475 2969 Deus;
499 2907 790 2974 aliquando
818 2925 914 2975 pro
949 2911 1062 2960 sola
1087 2920 1228 2961 terra
1255 2911 1358 2962 tri-

295 2978 397 3027 bus
420 2977 593 3037 Judae,
623 2988 684 3027 ut
698 2978 774 3028 ibi
804 2995 820 3028 z
849 2979 1047 3030 Judaea
1071 2986 1123 3030 et
1135 2981 1360 3031 Jerusa-

293 3048 417 3111 lem,
467 3049 630 3099 nolite
677 3049 890 3113 timere‚·
946 3051 1236 3118 aliquando
1262 3068 1359 3119 pro

292 3130 434 3171 terra
459 3121 690 3171 duarum
718 3122 981 3184 tribuum,
997 3123 1358 3175 scilicetJudae

293 3201 346 3241 et
368 3192 668 3258 Beniamin,
696 3203 757 3243 ut
776 3193 865 3244 hic
884 3194 1082 3245 dicitur
1100 3195 1242 3262 quod
1255 3197 1362 3248 Ar·

289 3262 512 3313 chelaus
531 3270 793 3329 regnaret
816 3264 870 3314 in
893 3266 1108 3318 Judaea.

358 3350 389 3399 7
440 3333 649 3385 Drvrsto
705 3336 904 3388 sunm
948 3354 1078 3388 Posr
1140 3353 1360 3389 noar-2:11

294 3404 550 3456 Hssaoms.
581 3435 643 3444 —
669 3406 922 3459 Divisum
980 3423 1107 3474 ergo
1137 3417 1248 3459 erat
1274 3423 1360 3458 re—

288 3492 482 3541 gnum,
509 3477 686 3542 etjam
720 3493 751 3528 a
783 3479 1031 3544 pluribus
1061 3479 1358 3546 regebatur.

289 3547 374 3597 Ad
406 3549 560 3613 cujus
598 3549 924 3600 evidentiam
956 3559 1037 3600 est
1081 3550 1359 3605 sciendum

291 3617 461 3682 quod,
489 3619 779 3668 secundum
827 3619 1143 3685 opinionem
1185 3619 1360 3685 magis

294 3689 653 3755 probabilem,
683 3691 921 3743 Herodes
959 3691 1196 3742 moriens
1220 3707 1357 3742 con-

292 3761 429 3811 didit
458 3773 854 3826 testamentum,
872 3765 928 3816 in
952 3781 1062 3832 quo
1090 3765 1359 3817 ordinavit

291 3831 615 3884 Archelaum
663 3833 839 3885 filium
884 3851 1046 3886 suum
1090 3835 1244 3902 regni
1271 3835 1356 3887 sui

1464 430 1589 465 nam
1620 414 1728 465 sibi
1771 430 1882 464 non
1911 414 2226 480 imponeret,
2277 416 2382 483 nisi
2429 434 2529 484 per

1462 488 1771 537 Romanum
1800 487 2196 553 Imperatorem.
2212 488 2293 537 Ad
2303 504 2529 540 *sumen-

1460 559 1594 608 dum
1622 558 1788 624 igitur
1813 557 2075 620 diadema,
2106 558 2335 608 Romam
2358 560 2527 621 venit,

1461 629 1557 686 sed
1585 638 1637 678 et
1665 627 1855 678 fratres
1883 627 1997 692 ejus
2023 629 2150 687 due,
2179 628 2388 681 scilicet
2413 632 2530 682 He·-

1457 697 1617 747 rodes
1665 696 1918 762 Antipas,
1967 706 2021 747 et
2073 697 2361 764 Philippus
2382 738 2395 761 ,
2429 700 2527 767 qui

1461 784 1586 818 cum
1615 768 1734 834 ipso
1753 778 1875 834 post
1903 778 2131 819 mortem
2153 772 2320 835 patris
2336 788 2529 838 super-

1455 839 1613 889 stites
1642 848 1808 899 erant,
1855 838 1985 904 quia
2031 840 2166 889 alios
2208 850 2315 892 tres
2361 841 2527 903 filios,

1463 907 1666 960 scilicet
1701 908 2038 974 Antipatrem
2068 926 2230 960 suum
2257 912 2530 978 primoge-

1465 979 1663 1039 nitum,
1693 987 1747 1029 et
1772 979 2138 1030 Alexandrum
2158 991 2214 1031 et
2236 982 2529 1034 Aristobu-

1462 1052 1578 1100 lum
1602 1057 1749 1115 pater
1776 1059 1897 1100 ante
1924 1061 2154 1101 mortem
2180 1068 2337 1104 suam
2366 1054 2530 1106 mise-

1462 1120 1686 1171 rabilem
1733 1131 2025 1182 necaverat,
2077 1122 2239 1173 etiam
2293 1124 2526 1176 Romam

1460 1201 1723 1243 venerunt
1739 1230 1757 1253 ‚
1827 1200 1879 1243 et
1927 1203 2159 1259 paternae
2216 1196 2529 1250 hereditatis

1463 1271 1665 1328 partem
1689 1263 1976 1329 petierunt.
2008 1265 2248 1315 Tandem
2284 1267 2528 1332 Impera·

1462 1344 1546 1383 tor
1571 1344 1626 1384 et
1653 1335 1881 1385 Senatus
1909 1336 2298 1398 Romanorum,
2333 1338 2528 1388 volen-

1462 1415 1542 1455 tes
1568 1405 1815 1471 frangere
1838 1406 2150 1457 Judaeorum
2195 1408 2527 1473 superbiam,

1463 1486 1515 1527 et
1537 1476 1743 1527 auferre
1760 1476 1840 1527 eis
1863 1478 2150 1527 rebellandi
2173 1478 2526 1539 occasionem,

1462 1550 1801 1601 abstulerunt
1828 1550 1906 1601 eis
1959 1551 2168 1617 regium
2211 1568 2428 1618 nomen,
2477 1564 2530 1604 et

1461 1623 1763 1674 diviserunt
1802 1639 2028 1690 regnum
2060 1624 2115 1673 in
2144 1635 2375 1690 quatuor
2398 1641 2530 1691 par-

1464 1706 1545 1746 tes
1569 1733 1586 1760 ‚
1645 1696 1849 1746 scilicet
1893 1696 2241 1760 tetrarchiam,
2297 1713 2528 1763 quarum

1464 1770 1615 1829 duaS,
1663 1767 1867 1818 scilicet
1893 1768 2131 1819 Judaeam
2169 1781 2221 1821 et
2255 1770 2529 1822 Abilinam

1463 1840 1727 1889 dederunt
1769 1838 2032 1888 Archelao
2052 1877 2069 1903 ,
2125 1838 2237 1890 filio
2292 1840 2525 1905 seniori3

1462 1909 1673 1960 tertiam
1700 1924 1847 1969 vero,
1888 1909 2089 1959 scilicet
2116 1910 2393 1961 Galilaeam
2436 1926 2529 1961 re-

1464 1981 1680 2047 gionem
1705 1980 2134 2043 transfluentem,
2150 1983 2414 2033 dederunt
2425 1984 2530 2034 He-

1462 2052 1579 2102 rodi
1626 2052 1857 2119 Antipae,
1900 2053 2002 2103 sub
2035 2069 2145 2119 quo
2186 2054 2418 2105 Joannes
2443 2064 2528 2108 est

1457 2126 1769 2190 decollatus,
1797 2137 1849 2176 et
1872 2126 2139 2177 Dominus
2158 2142 2378 2193 passus;
2430 2128 2526 2179 sed

1459 2207 1726 2266 quartam,
1754 2198 1957 2250 scilicet
1983 2199 2229 2250 Ituraeam
2257 2210 2310 2251 et
2333 2201 2528 2252 Trace-

1457 2271 1687 2321 nitidem
1712 2271 2006 2338 regionem,
2020 2271 2284 2321 dederunt
2317 2271 2527 2337 Philip-

1461 2359 1550 2408 ρο,
1581 2342 1733 2407 cujus
1759 2357 1983 2393 uxorem
2024 2342 2246 2392 abstulit
2272 2342 2387 2408 ipse
2410 2344 2528 2393 He·-

1460 2414 1619 2463 rodes
1666 2412 1917 2478 AntipaS,
1959 2411 2122 2462 frater
2147 2413 2279 2477 ejuS.
2327 2413 2401 2464 Et
2450 2412 2529 2463 sic

1461 2484 1755 2535 Archelaus
1810 2492 1921 2534 erat
1966 2483 2209 2533 Diarcha
2219 2499 2243 2545 ;
2295 2485 2391 2534 sed
2435 2483 2531 2535 alii

1459 2554 1568 2604 duo
1581 2554 1803 2605 fuerunt
1829 2553 2159 2606 Tetrarchae.
2181 2554 2375 2604 Adhuc
2388 2569 2531 2620 prae-

1459 2634 1540 2674 ter
1570 2625 1840 2675 Herodem
1866 2623 2247 2685 Ascalonitam,
2269 2635 2321 2675 et
2348 2626 2528 2676 Hero-

1461 2699 1585 2748 dem
1631 2697 1919 2764 Antipam,
1977 2694 2317 2764 supradictus
2364 2698 2527 2751 etiam

1461 2768 1650 2819 tertius
1683 2769 1939 2828 Herodes,
1966 2769 2145 2818 dictus
2175 2768 2431 2835 Agrippa,
2453 2767 2527 2819 fi-

1463 2840 1570 2891 lius
1608 2840 1928 2899 Aristobuli,
1959 2839 2056 2889 filii
2088 2840 2316 2891 Herodis
2357 2841 2528 2890 Asca·-

1463 2913 1644 2963 lonitae
1684 2912 1818 2972 fuit,
1865 2913 1959 2979 qui
2006 2913 2264 2963 ,Iacobum
2306 2910 2527 2963 fratrem

1457 2983 1680 3035 Joannis
1694 2984 1871 3049 gladio
1885 2982 2097 3042 occidit,
2118 2993 2171 3033 et
2202 2983 2416 3032 Petrum
2438 2983 2527 3033 in-

1462 3054 1762 3105 carceravit.
1792 3055 1861 3105 Et
1888 3054 2014 3120 quia
2032 3052 2328 3104 Archelaus
2358 3052 2529 3105 fuerat

1462 3140 1494 3175 a
1519 3134 1685 3192 patre,
1715 3135 1982 3190 quantum
2011 3124 2068 3174 in
2097 3139 2153 3174 se
2179 3132 2309 3188 erat,
2329 3123 2386 3175 in
2413 3133 2527 3176 toto

1463 3211 1631 3263 regno
1673 3196 1981 3246 Judaeorum
2020 3195 2372 3258 substitutus;
2401 3195 2526 3247 ideo

1462 3267 1636 3333 magis
1658 3266 1861 3317 favebat
1887 3266 2041 3317 factis
2074 3281 2103 3316 a
2126 3276 2290 3332 patre,
2307 3275 2527 3331 propter

1464 3338 1612 3405 quod
1639 3337 1841 3404 Joseph
1870 3338 2046 3388 timuit
2077 3337 2157 3388 ine
2183 3337 2240 3387 in
2266 3336 2525 3389 Judaeam.

1527 3410 1560 3461 8
1582 3411 1610 3462 J
1614 3427 1779 3462 ostra
1810 3427 2045 3462 steassrr
2064 3427 2118 3460 m
2138 3425 2335 3461 PARTES
2358 3410 2527 3461 Gau-1-

1463 3499 1596 3534 1.AEAE
1625 3483 1917 3534 Numi-11
1953 3496 2340 3533 narraruaus.
2360 3510 2423 3521 —
2449 3481 2530 3533 Et

1459 3554 1775 3606 admonitus
1800 3554 1858 3605 in
1885 3553 2103 3615 somniS,
2135 3568 2230 3619 per
2255 3553 2530 3621 Angelum

1464 3623 1696 3685 scilicet,
1745 3624 1843 3675 ivit
1892 3639 2014 3674 cum
2066 3623 2241 3673 Puero
2281 3631 2334 3673 et
2362 3624 2532 3676 Matre

1465 3695 1581 3760 ejus
1608 3693 1663 3743 in
1717 3693 1994 3746 Galilaeam
2026 3692 2120 3743 ubi
2157 3692 2532 3745 dominabatur

1465 3763 1603 3815 alius
1612 3763 1775 3824 filius,
1798 3763 1997 3813 scilicet
2011 3764 2267 3827 HerodeS,
2286 3763 2379 3828 qui
2397 3777 2530 3829 por-

1466 3835 1611 3886 tione
1638 3834 1743 3887 sibi
1771 3834 1947 3887 debita
1998 3850 2029 3886 a
2059 3845 2225 3901 patre,
2261 3844 2528 3901 quantum
