<?xml version="1.0" encoding="UTF-8"?>
<!DOCTYPE html PUBLIC "-//W3C//DTD XHTML 1.0 Transitional//EN"
    "http://www.w3.org/TR/xhtml1/DTD/xhtml1-transitional.dtd">
<html xmlns="http://www.w3.org/1999/xhtml" xml:lang="en" lang="en">
 <head>
  <title>
</title>
<meta http-equiv="Content-Type" content="text/html;charset=utf-8" />
  <meta name='ocr-system' content='tesseract 3.04.00' />
  <meta name='ocr-capabilities' content='ocr_page ocr_carea ocr_par ocr_line ocrx_word'/>
</head>
<body>
  <div class='ocr_page' id='page_1' title='image "./vitajesuchristi00sachgoog_0358.png"; bbox 0 0 2784 4452; ppageno 0'>
   <div class='ocr_carea' id='block_1_1' title="bbox 357 362 459 428">
    <p class='ocr_par' dir='ltr' id='par_1_1' title="bbox 357 362 459 428">
     <span class='ocr_line' id='line_1_1' title="bbox 357 362 459 428; baseline 0 0"><span class='ocrx_word' id='word_1_1' title='bbox 357 362 459 428; x_wconf 84' lang='lat'>342</span> 
     </span>
    </p>
   </div>
   <div class='ocr_carea' id='block_1_2' title="bbox 948 364 1972 420">
    <p class='ocr_par' dir='ltr' id='par_1_2' title="bbox 948 364 1972 420">
     <span class='ocr_line' id='line_1_2' title="bbox 948 364 1972 420; baseline 0.002 -3"><span class='ocrx_word' id='word_1_2' title='bbox 948 366 1188 417; x_wconf 82' lang='lat' dir='ltr'>PR1MAE</span> <span class='ocrx_word' id='word_1_3' title='bbox 1218 365 1470 417; x_wconf 83' lang='lat' dir='ltr'>PARTIS</span> <span class='ocrx_word' id='word_1_4' title='bbox 1498 364 1733 418; x_wconf 77' lang='lat' dir='ltr'>CAPUT</span> <span class='ocrx_word' id='word_1_5' title='bbox 1762 366 1972 420; x_wconf 80' lang='lat' dir='ltr'>XXXV.</span> 
     </span>
    </p>
   </div>
   <div class='ocr_carea' id='block_1_3' title="bbox 356 490 2595 558">
    <p class='ocr_par' dir='ltr' id='par_1_3' title="bbox 356 490 2595 558">
     <span class='ocr_line' id='line_1_3' title="bbox 356 490 2595 558; baseline 0.004 -17"><span class='ocrx_word' id='word_1_6' title='bbox 356 491 675 553; x_wconf 88' lang='lat' dir='ltr'>Publicanis,</span> <span class='ocrx_word' id='word_1_7' title='bbox 701 507 797 544; x_wconf 86' lang='lat' dir='ltr'>nec</span> <span class='ocrx_word' id='word_1_8' title='bbox 819 493 1144 554; x_wconf 83' lang='lat' dir='ltr'><strong>Gentilibus,</strong></span> <span class='ocrx_word' id='word_1_9' title='bbox 1167 493 1419 544; x_wconf 88' lang='lat' dir='ltr'>meliores</span> <span class='ocrx_word' id='word_1_10' title='bbox 1526 490 1655 558; x_wconf 85' lang='lat' dir='ltr'>quia</span> <span class='ocrx_word' id='word_1_11' title='bbox 1677 491 1854 543; x_wconf 86' lang='lat' dir='ltr'>bonus</span> <span class='ocrx_word' id='word_1_12' title='bbox 1873 503 1971 554; x_wconf 87' lang='lat' dir='ltr'>est,</span> <span class='ocrx_word' id='word_1_13' title='bbox 1990 502 2083 544; x_wconf 92' lang='lat' dir='ltr'>aut</span> <span class='ocrx_word' id='word_1_14' title='bbox 2102 503 2161 544; x_wconf 88' lang='lat' dir='ltr'>ut</span> <span class='ocrx_word' id='word_1_15' title='bbox 2186 493 2362 546; x_wconf 80' lang='lat' dir='ltr'>bonus</span> <span class='ocrx_word' id='word_1_16' title='bbox 2384 506 2474 558; x_wconf 79' lang='lat' dir='ltr'>sit,</span> <span class='ocrx_word' id='word_1_17' title='bbox 2498 508 2595 549; x_wconf 75' lang='lat' dir='ltr'>aut</span> 
     </span>
    </p>
   </div>
   <div class='ocr_carea' id='block_1_4' title="bbox 319 561 1421 3983">
    <p class='ocr_par' dir='ltr' id='par_1_4' title="bbox 334 561 1421 2402">
     <span class='ocr_line' id='line_1_4' title="bbox 351 561 1418 628; baseline 0.001 -17"><span class='ocrx_word' id='word_1_18' title='bbox 351 561 651 625; x_wconf 82' lang='lat' dir='ltr'>efficimur3</span> <span class='ocrx_word' id='word_1_19' title='bbox 689 577 874 612; x_wconf 88' lang='lat' dir='ltr'>nonne</span> <span class='ocrx_word' id='word_1_20' title='bbox 909 563 1127 628; x_wconf 86' lang='lat' dir='ltr'>lugendi</span> <span class='ocrx_word' id='word_1_21' title='bbox 1161 573 1214 613; x_wconf 93' lang='lat' dir='ltr'>et</span> <span class='ocrx_word' id='word_1_22' title='bbox 1257 564 1418 628; x_wconf 87' lang='lat' dir='ltr'>plan-</span> 
     </span>
     <span class='ocr_line' id='line_1_5' title="bbox 351 632 1421 696; baseline 0.004 -15"><span class='ocrx_word' id='word_1_23' title='bbox 351 632 511 696; x_wconf 87' lang='lat' dir='ltr'>gendi</span> <span class='ocrx_word' id='word_1_24' title='bbox 549 633 782 683; x_wconf 79' lang='lat' dir='ltr'>sumus?</span> <span class='ocrx_word' id='word_1_25' title='bbox 818 633 1079 692; x_wconf 89' lang='lat' dir='ltr'>Quinimo</span> <span class='ocrx_word' id='word_1_26' title='bbox 1116 634 1171 683; x_wconf 92' lang='lat' dir='ltr'>in</span> <span class='ocrx_word' id='word_1_27' title='bbox 1208 643 1421 685; x_wconf 77' lang='lat' dir='ltr'>tantum</span> 
     </span>
     <span class='ocr_line' id='line_1_6' title="bbox 350 702 1416 769; baseline 0.003 -18"><span class='ocrx_word' id='word_1_28' title='bbox 350 702 511 767; x_wconf 87' lang='lat' dir='ltr'>longe</span> <span class='ocrx_word' id='word_1_29' title='bbox 542 718 733 753; x_wconf 86' lang='lat' dir='ltr'>sumus</span> <span class='ocrx_word' id='word_1_30' title='bbox 767 718 799 753; x_wconf 98' lang='lat' dir='ltr'>a</span> <span class='ocrx_word' id='word_1_31' title='bbox 833 703 1126 769; x_wconf 87' lang='lat' dir='ltr'>diligendis</span> <span class='ocrx_word' id='word_1_32' title='bbox 1154 703 1416 764; x_wconf 75' lang='lat' dir='ltr'>inimiciS,</span> 
     </span>
     <span class='ocr_line' id='line_1_7' title="bbox 349 774 1420 840; baseline 0.003 -18"><span class='ocrx_word' id='word_1_33' title='bbox 349 781 411 823; x_wconf 88' lang='lat' dir='ltr'>ut</span> <span class='ocrx_word' id='word_1_34' title='bbox 442 789 539 823; x_wconf 91' lang='lat' dir='ltr'>nec</span> <span class='ocrx_word' id='word_1_35' title='bbox 574 775 762 825; x_wconf 80' lang='lat' dir='ltr'>amicis</span> <span class='ocrx_word' id='word_1_36' title='bbox 791 774 1012 840; x_wconf 87' lang='lat' dir='ltr'>quidem</span> <span class='ocrx_word' id='word_1_37' title='bbox 1041 774 1317 825; x_wconf 87' lang='lat' dir='ltr'>charitatis</span> <span class='ocrx_word' id='word_1_38' title='bbox 1344 775 1420 825; x_wconf 81' lang='lat' dir='ltr'>vi-</span> 
     </span>
     <span class='ocr_line' id='line_1_8' title="bbox 349 844 1418 905; baseline 0.002 -12"><span class='ocrx_word' id='word_1_39' title='bbox 349 858 466 894; x_wconf 87' lang='lat' dir='ltr'>oem</span> <span class='ocrx_word' id='word_1_40' title='bbox 492 845 799 905; x_wconf 82' lang='lat' dir='ltr'>reddamus,</span> <span class='ocrx_word' id='word_1_41' title='bbox 830 844 922 895; x_wconf 81' lang='lat' dir='ltr'>sed</span> <span class='ocrx_word' id='word_1_42' title='bbox 943 859 972 894; x_wconf 90' lang='lat' dir='ltr'>e</span> <span class='ocrx_word' id='word_1_43' title='bbox 995 844 1267 895; x_wconf 88' lang='lat' dir='ltr'>contrario</span> <span class='ocrx_word' id='word_1_44' title='bbox 1289 845 1418 895; x_wconf 91' lang='lat' dir='ltr'>odio</span> 
     </span>
     <span class='ocr_line' id='line_1_9' title="bbox 350 915 1417 983; baseline 0.001 -16"><span class='ocrx_word' id='word_1_45' title='bbox 350 915 648 967; x_wconf 86' lang='lat' dir='ltr'>habeamus</span> <span class='ocrx_word' id='word_1_46' title='bbox 682 918 844 968; x_wconf 85' lang='lat' dir='ltr'>etiam</span> <span class='ocrx_word' id='word_1_47' title='bbox 871 917 1192 982; x_wconf 82' lang='lat' dir='ltr'>diligentes;</span> <span class='ocrx_word' id='word_1_48' title='bbox 1224 917 1283 967; x_wconf 89' lang='lat' dir='ltr'>in</span> <span class='ocrx_word' id='word_1_49' title='bbox 1303 933 1417 983; x_wconf 93' lang='lat' dir='ltr'>quo</span> 
     </span>
     <span class='ocr_line' id='line_1_10' title="bbox 351 988 1417 1041; baseline 0.002 -3"><span class='ocrx_word' id='word_1_50' title='bbox 351 1003 463 1039; x_wconf 89' lang='lat' dir='ltr'>non</span> <span class='ocrx_word' id='word_1_51' title='bbox 490 990 667 1039; x_wconf 90' lang='lat' dir='ltr'>solum</span> <span class='ocrx_word' id='word_1_52' title='bbox 696 988 1005 1040; x_wconf 82' lang='lat' dir='ltr'><strong>Gentilibus</strong></span> <span class='ocrx_word' id='word_1_53' title='bbox 1032 999 1085 1040; x_wconf 90' lang='lat' dir='ltr'>et</span> <span class='ocrx_word' id='word_1_54' title='bbox 1105 990 1417 1041; x_wconf 88' lang='lat' dir='ltr'>Publicanis</span> 
     </span>
     <span class='ocr_line' id='line_1_11' title="bbox 350 1062 1417 1128; baseline 0.002 -17"><span class='ocrx_word' id='word_1_55' title='bbox 350 1076 690 1128; x_wconf 85' lang='lat' dir='ltr'>nequaquam</span> <span class='ocrx_word' id='word_1_56' title='bbox 736 1062 1053 1126; x_wconf 88' lang='lat' dir='ltr'>differimus,</span> <span class='ocrx_word' id='word_1_57' title='bbox 1105 1064 1201 1113; x_wconf 83' lang='lat' dir='ltr'>sed</span> <span class='ocrx_word' id='word_1_58' title='bbox 1240 1064 1417 1113; x_wconf 89' lang='lat' dir='ltr'>multo</span> 
     </span>
     <span class='ocr_line' id='line_1_12' title="bbox 347 1135 1416 1188; baseline 0.002 -2"><span class='ocrx_word' id='word_1_59' title='bbox 347 1135 510 1186; x_wconf 84' lang='lat' dir='ltr'>etiam</span> <span class='ocrx_word' id='word_1_60' title='bbox 533 1135 810 1186; x_wconf 87' lang='lat' dir='ltr'>inferiores</span> <span class='ocrx_word' id='word_1_61' title='bbox 831 1136 1136 1188; x_wconf 85' lang='lat' dir='ltr'>existimus.</span> <span class='ocrx_word' id='word_1_62' title='bbox 1160 1138 1416 1188; x_wconf 87' lang='lat' dir='ltr'>Christus</span> 
     </span>
     <span class='ocr_line' id='line_1_13' title="bbox 348 1206 1416 1275; baseline 0.005 -19"><span class='ocrx_word' id='word_1_63' title='bbox 348 1206 510 1258; x_wconf 87' lang='lat' dir='ltr'>etiam</span> <span class='ocrx_word' id='word_1_64' title='bbox 535 1224 645 1257; x_wconf 88' lang='lat' dir='ltr'>non</span> <span class='ocrx_word' id='word_1_65' title='bbox 670 1209 848 1258; x_wconf 88' lang='lat' dir='ltr'>solum</span> <span class='ocrx_word' id='word_1_66' title='bbox 875 1210 992 1260; x_wconf 89' lang='lat' dir='ltr'>vult</span> <span class='ocrx_word' id='word_1_67' title='bbox 1010 1225 1113 1260; x_wconf 91' lang='lat' dir='ltr'>nos</span> <span class='ocrx_word' id='word_1_68' title='bbox 1140 1210 1416 1275; x_wconf 81' lang='lat' dir='ltr'>ignoscere</span> 
     </span>
     <span class='ocr_line' id='line_1_14' title="bbox 345 1277 1414 1343; baseline 0.003 -15"><span class='ocrx_word' id='word_1_69' title='bbox 345 1277 814 1343; x_wconf 84' lang='lat' dir='ltr'>delinquentibus3</span> <span class='ocrx_word' id='word_1_70' title='bbox 849 1280 942 1330; x_wconf 87' lang='lat' dir='ltr'>sed</span> <span class='ocrx_word' id='word_1_71' title='bbox 977 1291 1038 1331; x_wconf 87' lang='lat' dir='ltr'>ut</span> <span class='ocrx_word' id='word_1_72' title='bbox 1064 1281 1227 1331; x_wconf 89' lang='lat' dir='ltr'>etiam</span> <span class='ocrx_word' id='word_1_73' title='bbox 1262 1295 1414 1331; x_wconf 86' lang='lat' dir='ltr'>ame-</span> 
     </span>
     <span class='ocr_line' id='line_1_15' title="bbox 346 1352 1411 1418; baseline 0.004 -20"><span class='ocrx_word' id='word_1_74' title='bbox 346 1363 470 1399; x_wconf 86' lang='lat' dir='ltr'>mus</span> <span class='ocrx_word' id='word_1_75' title='bbox 492 1365 602 1410; x_wconf 78' lang='lat' dir='ltr'>eOS,</span> <span class='ocrx_word' id='word_1_76' title='bbox 640 1361 694 1401; x_wconf 88' lang='lat' dir='ltr'>et</span> <span class='ocrx_word' id='word_1_77' title='bbox 720 1367 935 1402; x_wconf 86' lang='lat' dir='ltr'>oremus</span> <span class='ocrx_word' id='word_1_78' title='bbox 960 1368 1057 1417; x_wconf 90' lang='lat' dir='ltr'>pro</span> <span class='ocrx_word' id='word_1_79' title='bbox 1088 1352 1239 1418; x_wconf 85' lang='lat' dir='ltr'>ipsis.</span> <span class='ocrx_word' id='word_1_80' title='bbox 1272 1353 1411 1402; x_wconf 87' lang='lat' dir='ltr'>Nam</span> 
     </span>
     <span class='ocr_line' id='line_1_16' title="bbox 342 1418 1411 1489; baseline 0.006 -22"><span class='ocrx_word' id='word_1_81' title='bbox 342 1418 389 1468; x_wconf 88' lang='lat' dir='ltr'>si</span> <span class='ocrx_word' id='word_1_82' title='bbox 411 1422 790 1471; x_wconf 83' lang='lat' dir='ltr'>tantummodo</span> <span class='ocrx_word' id='word_1_83' title='bbox 827 1436 948 1472; x_wconf 88' lang='lat' dir='ltr'>non·</span> <span class='ocrx_word' id='word_1_84' title='bbox 966 1423 1129 1473; x_wconf 77' lang='lat' dir='ltr'>laedas</span> <span class='ocrx_word' id='word_1_85' title='bbox 1166 1438 1291 1472; x_wconf 89' lang='lat' dir='ltr'>eum</span> <span class='ocrx_word' id='word_1_86' title='bbox 1315 1423 1411 1489; x_wconf 90' lang='lat' dir='ltr'>qui</span> 
     </span>
     <span class='ocr_line' id='line_1_17' title="bbox 341 1491 1407 1556; baseline 0.005 -15"><span class='ocrx_word' id='word_1_87' title='bbox 341 1500 394 1541; x_wconf 88' lang='lat' dir='ltr'>te</span> <span class='ocrx_word' id='word_1_88' title='bbox 441 1491 597 1552; x_wconf 79' lang='lat' dir='ltr'>laesit,</span> <span class='ocrx_word' id='word_1_89' title='bbox 645 1494 841 1544; x_wconf 87' lang='lat' dir='ltr'>avertis</span> <span class='ocrx_word' id='word_1_90' title='bbox 896 1504 949 1545; x_wconf 89' lang='lat' dir='ltr'>te</span> <span class='ocrx_word' id='word_1_91' title='bbox 987 1505 1172 1545; x_wconf 87' lang='lat' dir='ltr'>tamen</span> <span class='ocrx_word' id='word_1_92' title='bbox 1207 1496 1279 1546; x_wconf 89' lang='lat' dir='ltr'>ab</span> <span class='ocrx_word' id='word_1_93' title='bbox 1322 1512 1407 1556; x_wconf 90' lang='lat' dir='ltr'>e0,</span> 
     </span>
     <span class='ocr_line' id='line_1_18' title="bbox 339 1565 1411 1631; baseline 0.007 -19"><span class='ocrx_word' id='word_1_94' title='bbox 339 1578 437 1613; x_wconf 91' lang='lat' dir='ltr'>nec</span> <span class='ocrx_word' id='word_1_95' title='bbox 487 1565 715 1615; x_wconf 86' lang='lat' dir='ltr'>libenter</span> <span class='ocrx_word' id='word_1_96' title='bbox 782 1581 909 1617; x_wconf 89' lang='lat' dir='ltr'>eum</span> <span class='ocrx_word' id='word_1_97' title='bbox 960 1566 1177 1631; x_wconf 85' lang='lat' dir='ltr'>videas;</span> <span class='ocrx_word' id='word_1_98' title='bbox 1227 1580 1411 1619; x_wconf 88' lang='lat' dir='ltr'>manet</span> 
     </span>
     <span class='ocr_line' id='line_1_19' title="bbox 337 1634 1410 1706; baseline 0.006 -21"><span class='ocrx_word' id='word_1_99' title='bbox 337 1634 456 1686; x_wconf 87' lang='lat' dir='ltr'>sine</span> <span class='ocrx_word' id='word_1_100' title='bbox 483 1638 650 1687; x_wconf 92' lang='lat' dir='ltr'>dubio</span> <span class='ocrx_word' id='word_1_101' title='bbox 679 1640 878 1689; x_wconf 88' lang='lat' dir='ltr'>vulnus</span> <span class='ocrx_word' id='word_1_102' title='bbox 903 1640 960 1689; x_wconf 90' lang='lat' dir='ltr'>in</span> <span class='ocrx_word' id='word_1_103' title='bbox 996 1651 1224 1706; x_wconf 85' lang='lat' dir='ltr'>pectore,</span> <span class='ocrx_word' id='word_1_104' title='bbox 1252 1641 1410 1692; x_wconf 89' lang='lat' dir='ltr'>dolor</span> 
     </span>
     <span class='ocr_line' id='line_1_20' title="bbox 338 1707 1409 1776; baseline 0.007 -21"><span class='ocrx_word' id='word_1_105' title='bbox 338 1707 572 1771; x_wconf 83' lang='lat' dir='ltr'>augescit</span> <span class='ocrx_word' id='word_1_106' title='bbox 613 1708 671 1757; x_wconf 89' lang='lat' dir='ltr'>in</span> <span class='ocrx_word' id='word_1_107' title='bbox 709 1710 886 1760; x_wconf 89' lang='lat' dir='ltr'>corde.</span> <span class='ocrx_word' id='word_1_108' title='bbox 928 1710 1209 1776; x_wconf 85' lang='lat' dir='ltr'>Numquid</span> <span class='ocrx_word' id='word_1_109' title='bbox 1235 1722 1296 1762; x_wconf 89' lang='lat' dir='ltr'>tu</span> <span class='ocrx_word' id='word_1_110' title='bbox 1335 1712 1409 1762; x_wconf 88' lang='lat' dir='ltr'>ita</span> 
     </span>
     <span class='ocr_line' id='line_1_21' title="bbox 336 1775 1408 1845; baseline 0.007 -20"><span class='ocrx_word' id='word_1_111' title='bbox 336 1775 422 1826; x_wconf 80' lang='lat' dir='ltr'>vis</span> <span class='ocrx_word' id='word_1_112' title='bbox 468 1776 565 1826; x_wconf 91' lang='lat' dir='ltr'>tibi</span> <span class='ocrx_word' id='word_1_113' title='bbox 615 1779 910 1844; x_wconf 88' lang='lat' dir='ltr'>propitium</span> <span class='ocrx_word' id='word_1_114' title='bbox 952 1780 1068 1831; x_wconf 85' lang='lat' dir='ltr'>fieri</span> <span class='ocrx_word' id='word_1_115' title='bbox 1096 1782 1308 1845; x_wconf 89' lang='lat' dir='ltr'>Deum;</span> <span class='ocrx_word' id='word_1_116' title='bbox 1345 1792 1408 1832; x_wconf 90' lang='lat' dir='ltr'>ut</span> 
     </span>
     <span class='ocr_line' id='line_1_22' title="bbox 336 1850 1406 1916; baseline 0.007 -18"><span class='ocrx_word' id='word_1_117' title='bbox 336 1863 452 1899; x_wconf 87' lang='lat' dir='ltr'>non</span> <span class='ocrx_word' id='word_1_118' title='bbox 484 1858 536 1899; x_wconf 86' lang='lat' dir='ltr'>te</span> <span class='ocrx_word' id='word_1_119' title='bbox 563 1850 783 1916; x_wconf 92' lang='lat' dir='ltr'>quidem</span> <span class='ocrx_word' id='word_1_120' title='bbox 813 1852 987 1913; x_wconf 80' lang='lat' dir='ltr'>laedat,</span> <span class='ocrx_word' id='word_1_121' title='bbox 1011 1864 1209 1904; x_wconf 87' lang='lat' dir='ltr'>avertat</span> <span class='ocrx_word' id='word_1_122' title='bbox 1232 1870 1290 1905; x_wconf 93' lang='lat' dir='ltr'>se</span> <span class='ocrx_word' id='word_1_123' title='bbox 1317 1865 1406 1904; x_wconf 88' lang='lat' dir='ltr'>ta-</span> 
     </span>
     <span class='ocr_line' id='line_1_23' title="bbox 341 1921 1405 1988; baseline 0.007 -19"><span class='ocrx_word' id='word_1_124' title='bbox 341 1934 465 1969; x_wconf 85' lang='lat' dir='ltr'>men</span> <span class='ocrx_word' id='word_1_125' title='bbox 502 1921 598 1971; x_wconf 88' lang='lat' dir='ltr'>abs</span> <span class='ocrx_word' id='word_1_126' title='bbox 634 1932 704 1985; x_wconf 92' lang='lat' dir='ltr'>te,</span> <span class='ocrx_word' id='word_1_127' title='bbox 736 1932 790 1972; x_wconf 88' lang='lat' dir='ltr'>et</span> <span class='ocrx_word' id='word_1_128' title='bbox 819 1934 1153 1988; x_wconf 88' lang='lat' dir='ltr'>peccatorum</span> <span class='ocrx_word' id='word_1_129' title='bbox 1183 1935 1405 1976; x_wconf 89' lang='lat' dir='ltr'>tuorum</span> 
     </span>
     <span class='ocr_line' id='line_1_24' title="bbox 337 1994 1406 2059; baseline 0.006 -17"><span class='ocrx_word' id='word_1_130' title='bbox 337 1994 656 2044; x_wconf 83' lang='lat' dir='ltr'>memoriam</span> <span class='ocrx_word' id='word_1_131' title='bbox 694 2004 885 2059; x_wconf 87' lang='lat' dir='ltr'>teneat,</span> <span class='ocrx_word' id='word_1_132' title='bbox 923 2006 974 2047; x_wconf 90' lang='lat' dir='ltr'>et</span> <span class='ocrx_word' id='word_1_133' title='bbox 1003 1996 1184 2047; x_wconf 87' lang='lat' dir='ltr'>videre</span> <span class='ocrx_word' id='word_1_134' title='bbox 1219 2006 1272 2048; x_wconf 90' lang='lat' dir='ltr'>te</span> <span class='ocrx_word' id='word_1_135' title='bbox 1299 2015 1406 2048; x_wconf 88' lang='lat' dir='ltr'>no-</span> 
     </span>
     <span class='ocr_line' id='line_1_25' title="bbox 334 2063 1407 2135; baseline 0.008 -22"><span class='ocrx_word' id='word_1_136' title='bbox 334 2063 439 2114; x_wconf 73' lang='lat' dir='ltr'>lit?</span> <span class='ocrx_word' id='word_1_137' title='bbox 479 2065 650 2132; x_wconf 83' lang='lat' dir='ltr'>Igitur</span> <span class='ocrx_word' id='word_1_138' title='bbox 679 2069 895 2133; x_wconf 89' lang='lat' dir='ltr'>qualem</span> <span class='ocrx_word' id='word_1_139' title='bbox 931 2069 1016 2120; x_wconf 84' lang='lat' dir='ltr'>vis</span> <span class='ocrx_word' id='word_1_140' title='bbox 1043 2084 1170 2135; x_wconf 87' lang='lat' dir='ltr'>erga</span> <span class='ocrx_word' id='word_1_141' title='bbox 1208 2079 1262 2121; x_wconf 90' lang='lat' dir='ltr'>te</span> <span class='ocrx_word' id='word_1_142' title='bbox 1285 2086 1407 2121; x_wconf 86' lang='lat' dir='ltr'>esse</span> 
     </span>
     <span class='ocr_line' id='line_1_26' title="bbox 334 2135 1407 2209; baseline 0.007 -23"><span class='ocrx_word' id='word_1_143' title='bbox 334 2135 511 2187; x_wconf 82' lang='lat' dir='ltr'>Deum</span> <span class='ocrx_word' id='word_1_144' title='bbox 554 2154 678 2188; x_wconf 91' lang='lat' dir='ltr'>cum</span> <span class='ocrx_word' id='word_1_145' title='bbox 712 2139 1029 2192; x_wconf 88' lang='lat' dir='ltr'>delictorum</span> <span class='ocrx_word' id='word_1_146' title='bbox 1060 2143 1275 2193; x_wconf 85' lang='lat' dir='ltr'>veniam</span> <span class='ocrx_word' id='word_1_147' title='bbox 1315 2159 1407 2209; x_wconf 88' lang='lat' dir='ltr'>po-</span> 
     </span>
     <span class='ocr_line' id='line_1_27' title="bbox 336 2208 1404 2270; baseline 0.006 -11"><span class='ocrx_word' id='word_1_148' title='bbox 336 2208 461 2270; x_wconf 85' lang='lat' dir='ltr'>scis,</span> <span class='ocrx_word' id='word_1_149' title='bbox 496 2211 657 2261; x_wconf 88' lang='lat' dir='ltr'>talem</span> <span class='ocrx_word' id='word_1_150' title='bbox 707 2220 761 2262; x_wconf 85' lang='lat' dir='ltr'>te</span> <span class='ocrx_word' id='word_1_151' title='bbox 807 2212 1065 2264; x_wconf 86' lang='lat' dir='ltr'>exhibere</span> <span class='ocrx_word' id='word_1_152' title='bbox 1109 2213 1274 2265; x_wconf 89' lang='lat' dir='ltr'>debes</span> <span class='ocrx_word' id='word_1_153' title='bbox 1315 2214 1404 2265; x_wconf 88' lang='lat' dir='ltr'>his</span> 
     </span>
     <span class='ocr_line' id='line_1_28' title="bbox 335 2278 1405 2352; baseline 0.007 -23"><span class='ocrx_word' id='word_1_154' title='bbox 335 2278 430 2345; x_wconf 89' lang='lat' dir='ltr'>qui</span> <span class='ocrx_word' id='word_1_155' title='bbox 453 2280 798 2346; x_wconf 89' lang='lat' dir='ltr'>deliquerunt</span> <span class='ocrx_word' id='word_1_156' title='bbox 826 2283 885 2333; x_wconf 89' lang='lat' dir='ltr'>in</span> <span class='ocrx_word' id='word_1_157' title='bbox 914 2293 1000 2336; x_wconf 85' lang='lat' dir='ltr'>te:</span> <span class='ocrx_word' id='word_1_158' title='bbox 1025 2303 1056 2332; x_wconf 69' lang='lat' dir='ltr'>n</span> <span class='ocrx_word' id='word_1_159' title='bbox 1083 2285 1200 2335; x_wconf 76' lang='lat' dir='ltr'>haec</span> <span class='ocrx_word' id='word_1_160' title='bbox 1225 2285 1405 2352; x_wconf 83' lang='lat' dir='ltr'>Chry-</span> 
     </span>
     <span class='ocr_line' id='line_1_29' title="bbox 334 2356 622 2402; baseline 0.003 -1"><span class='ocrx_word' id='word_1_161' title='bbox 334 2356 622 2402; x_wconf 77' lang='lat' dir='ltr'>sostomus.</span> 
     </span>
    </p>

    <p class='ocr_par' dir='ltr' id='par_1_5' title="bbox 319 2423 1402 3983">
     <span class='ocr_line' id='line_1_30' title="bbox 402 2423 1402 2478; baseline 0.006 -6"><span class='ocrx_word' id='word_1_162' title='bbox 402 2437 467 2472; x_wconf 74' lang='lat'>12</span> <span class='ocrx_word' id='word_1_163' title='bbox 520 2423 886 2474; x_wconf 67' lang='lat' dir='ltr'>Dmmnmru</span> <span class='ocrx_word' id='word_1_164' title='bbox 949 2440 1112 2476; x_wconf 69' lang='lat' dir='ltr'>ima</span> <span class='ocrx_word' id='word_1_165' title='bbox 1181 2443 1402 2478; x_wconf 70' lang='grc' dir='ltr'>Ακοιιεκ</span> 
     </span>
     <span class='ocr_line' id='line_1_31' title="bbox 334 2508 1401 2557; baseline 0.007 -15"><span class='ocrx_word' id='word_1_166' title='bbox 334 2508 434 2550; x_wconf 74' lang='lat' dir='ltr'>Qui</span> <span class='ocrx_word' id='word_1_167' title='bbox 469 2509 722 2544; x_wconf 62' lang='lat' dir='ltr'>uoci-:nrt</span> <span class='ocrx_word' id='word_1_168' title='bbox 753 2513 788 2545; x_wconf 72' lang='lat' dir='ltr'>A</span> <span class='ocrx_word' id='word_1_169' title='bbox 815 2512 1047 2557; x_wconf 62' lang='lat' dir='ltr'>nli-rum,</span> <span class='ocrx_word' id='word_1_170' title='bbox 1083 2514 1154 2549; x_wconf 75' lang='grc' dir='ltr'>ετ</span> <span class='ocrx_word' id='word_1_171' title='bbox 1184 2516 1401 2549; x_wconf 67' lang='lat' dir='ltr'>monna</span> 
     </span>
     <span class='ocr_line' id='line_1_32' title="bbox 331 2573 1401 2638; baseline 0.006 -22"><span class='ocrx_word' id='word_1_172' title='bbox 331 2582 426 2625; x_wconf 71' lang='lat' dir='ltr'>Qui</span> <span class='ocrx_word' id='word_1_173' title='bbox 452 2584 706 2618; x_wconf 58' lang='lat' dir='ltr'>Nascxma</span> <span class='ocrx_word' id='word_1_174' title='bbox 726 2585 793 2619; x_wconf 67' lang='lat' dir='ltr'>ex</span> <span class='ocrx_word' id='word_1_175' title='bbox 823 2584 1036 2621; x_wconf 59' lang='lat' dir='ltr'>ona-ru.</span> <span class='ocrx_word' id='word_1_176' title='bbox 1067 2600 1128 2609; x_wconf 95' lang='lat'><strong>—</strong></span> <span class='ocrx_word' id='word_1_177' title='bbox 1155 2573 1401 2638; x_wconf 83' lang='lat' dir='ltr'>Intellige</span> 
     </span>
     <span class='ocr_line' id='line_1_33' title="bbox 330 2640 1397 2706; baseline 0.007 -18"><span class='ocrx_word' id='word_1_178' title='bbox 330 2640 478 2706; x_wconf 92' lang='lat' dir='ltr'>quod</span> <span class='ocrx_word' id='word_1_179' title='bbox 507 2642 720 2705; x_wconf 88' lang='lat' dir='ltr'>quando</span> <span class='ocrx_word' id='word_1_180' title='bbox 764 2641 864 2691; x_wconf 88' lang='lat' dir='ltr'>ista</span> <span class='ocrx_word' id='word_1_181' title='bbox 899 2641 1038 2693; x_wconf 80' lang='lat' dir='ltr'>fiunt</span> <span class='ocrx_word' id='word_1_182' title='bbox 1071 2658 1135 2693; x_wconf 87' lang='lat' dir='ltr'>ex</span> <span class='ocrx_word' id='word_1_183' title='bbox 1166 2647 1397 2696; x_wconf 83' lang='lat' dir='ltr'>naturali</span> 
     </span>
     <span class='ocr_line' id='line_1_34' title="bbox 330 2707 1400 2778; baseline 0.007 -20"><span class='ocrx_word' id='word_1_184' title='bbox 330 2707 622 2769; x_wconf 85' lang='lat' dir='ltr'>affectione,</span> <span class='ocrx_word' id='word_1_185' title='bbox 656 2725 778 2776; x_wconf 86' lang='lat' dir='ltr'>quae</span> <span class='ocrx_word' id='word_1_186' title='bbox 809 2721 984 2776; x_wconf 85' lang='lat' dir='ltr'>potest</span> <span class='ocrx_word' id='word_1_187' title='bbox 1015 2713 1303 2778; x_wconf 87' lang='lat' dir='ltr'>procedere</span> <span class='ocrx_word' id='word_1_188' title='bbox 1331 2731 1400 2765; x_wconf 87' lang='lat' dir='ltr'>ex</span> 
     </span>
     <span class='ocr_line' id='line_1_35' title="bbox 330 2781 1399 2843; baseline 0.007 -16"><span class='ocrx_word' id='word_1_189' title='bbox 330 2792 489 2828; x_wconf 71' lang='lat' dir='ltr'>musa</span> <span class='ocrx_word' id='word_1_190' title='bbox 540 2781 660 2830; x_wconf 91' lang='lat' dir='ltr'>utili</span> <span class='ocrx_word' id='word_1_191' title='bbox 705 2792 798 2832; x_wconf 88' lang='lat' dir='ltr'>aut</span> <span class='ocrx_word' id='word_1_192' title='bbox 847 2781 1182 2843; x_wconf 81' lang='lat' dir='ltr'>delectabili,</span> <span class='ocrx_word' id='word_1_193' title='bbox 1207 2794 1282 2834; x_wconf 79' lang='lat' dir='ltr'>‚et</span> <span class='ocrx_word' id='word_1_194' title='bbox 1334 2800 1399 2835; x_wconf 84' lang='lat' dir='ltr'>ex</span> 
     </span>
     <span class='ocr_line' id='line_1_36' title="bbox 328 2849 1401 2917; baseline 0.007 -19"><span class='ocrx_word' id='word_1_195' title='bbox 328 2863 488 2899; x_wconf 79' lang='lat' dir='ltr'>causa</span> <span class='ocrx_word' id='word_1_196' title='bbox 516 2849 746 2911; x_wconf 78' lang='lat' dir='ltr'>honesti,</span> <span class='ocrx_word' id='word_1_197' title='bbox 778 2859 831 2901; x_wconf 91' lang='lat' dir='ltr'>et</span> <span class='ocrx_word' id='word_1_198' title='bbox 873 2867 968 2917; x_wconf 93' lang='lat' dir='ltr'>per</span> <span class='ocrx_word' id='word_1_199' title='bbox 1002 2852 1252 2903; x_wconf 84' lang='lat' dir='ltr'>habitum</span> <span class='ocrx_word' id='word_1_200' title='bbox 1288 2870 1401 2905; x_wconf 89' lang='lat' dir='ltr'>mo-</span> 
     </span>
     <span class='ocr_line' id='line_1_37' title="bbox 327 2919 1399 2982; baseline 0.005 -13"><span class='ocrx_word' id='word_1_201' title='bbox 327 2919 457 2970; x_wconf 84' lang='lat' dir='ltr'>ralis</span> <span class='ocrx_word' id='word_1_202' title='bbox 493 2920 763 2982; x_wconf 87' lang='lat' dir='ltr'>amicitiae,</span> <span class='ocrx_word' id='word_1_203' title='bbox 806 2921 884 2972; x_wconf 89' lang='lat' dir='ltr'>sic</span> <span class='ocrx_word' id='word_1_204' title='bbox 911 2938 1032 2971; x_wconf 81' lang='lat' dir='ltr'>non</span> <span class='ocrx_word' id='word_1_205' title='bbox 1062 2932 1191 2973; x_wconf 87' lang='lat' dir='ltr'>sunt</span> <span class='ocrx_word' id='word_1_206' title='bbox 1225 2924 1399 2974; x_wconf 86' lang='lat' dir='ltr'>meri-</span> 
     </span>
     <span class='ocr_line' id='line_1_38' title="bbox 328 2990 1397 3060; baseline 0.007 -21"><span class='ocrx_word' id='word_1_207' title='bbox 328 2990 470 3040; x_wconf 75' lang='lat' dir='ltr'>toria</span> <span class='ocrx_word' id='word_1_208' title='bbox 499 2990 625 3041; x_wconf 80' lang='lat' dir='ltr'>vitae</span> <span class='ocrx_word' id='word_1_209' title='bbox 651 3002 883 3043; x_wconf 84' lang='lat' dir='ltr'>aeternae.</span> <span class='ocrx_word' id='word_1_210' title='bbox 914 2993 1018 3043; x_wconf 88' lang='lat' dir='ltr'>Sed</span> <span class='ocrx_word' id='word_1_211' title='bbox 1048 2994 1266 3060; x_wconf 88' lang='lat' dir='ltr'>quando</span> <span class='ocrx_word' id='word_1_212' title='bbox 1296 2994 1397 3047; x_wconf 84' lang='lat' dir='ltr'>ista</span> 
     </span>
     <span class='ocr_line' id='line_1_39' title="bbox 328 3063 1396 3130; baseline 0.007 -19"><span class='ocrx_word' id='word_1_213' title='bbox 328 3063 624 3129; x_wconf 86' lang='lat' dir='ltr'>procedunt</span> <span class='ocrx_word' id='word_1_214' title='bbox 642 3079 707 3114; x_wconf 88' lang='lat' dir='ltr'>ex</span> <span class='ocrx_word' id='word_1_215' title='bbox 730 3065 917 3116; x_wconf 81' lang='lat' dir='ltr'>habitu</span> <span class='ocrx_word' id='word_1_216' title='bbox 940 3066 1233 3130; x_wconf 76' lang='lat' dir='ltr'>charitatiS,</span> <span class='ocrx_word' id='word_1_217' title='bbox 1264 3076 1396 3118; x_wconf 88' lang='lat' dir='ltr'>tunc</span> 
     </span>
     <span class='ocr_line' id='line_1_40' title="bbox 327 3133 1396 3203; baseline 0.007 -20"><span class='ocrx_word' id='word_1_218' title='bbox 327 3143 457 3184; x_wconf 85' lang='lat' dir='ltr'>sunt</span> <span class='ocrx_word' id='word_1_219' title='bbox 507 3133 800 3195; x_wconf 89' lang='lat' dir='ltr'>meritoria,</span> <span class='ocrx_word' id='word_1_220' title='bbox 850 3150 912 3186; x_wconf 84' lang='lat' dir='ltr'>ac</span> <span class='ocrx_word' id='word_1_221' title='bbox 961 3136 1293 3203; x_wconf 85' lang='lat' dir='ltr'>principium</span> <span class='ocrx_word' id='word_1_222' title='bbox 1342 3150 1396 3190; x_wconf 91' lang='lat' dir='ltr'>et</span> 
     </span>
     <span class='ocr_line' id='line_1_41' title="bbox 326 3203 1397 3273; baseline 0.005 -19"><span class='ocrx_word' id='word_1_223' title='bbox 326 3203 463 3254; x_wconf 86' lang='lat' dir='ltr'>ratio</span> <span class='ocrx_word' id='word_1_224' title='bbox 506 3203 746 3254; x_wconf 90' lang='lat' dir='ltr'>merendi</span> <span class='ocrx_word' id='word_1_225' title='bbox 788 3204 853 3253; x_wconf 90' lang='lat' dir='ltr'>ad</span> <span class='ocrx_word' id='word_1_226' title='bbox 893 3205 1084 3266; x_wconf 89' lang='lat' dir='ltr'>Deum,</span> <span class='ocrx_word' id='word_1_227' title='bbox 1120 3223 1240 3273; x_wconf 80' lang='lat' dir='ltr'>quae</span> <span class='ocrx_word' id='word_1_228' title='bbox 1282 3210 1397 3260; x_wconf 84' lang='lat' dir='ltr'>sola</span> 
     </span>
     <span class='ocr_line' id='line_1_42' title="bbox 326 3273 1395 3344; baseline 0.006 -21"><span class='ocrx_word' id='word_1_229' title='bbox 326 3273 517 3324; x_wconf 88' lang='lat' dir='ltr'>dividit</span> <span class='ocrx_word' id='word_1_230' title='bbox 562 3275 704 3326; x_wconf 88' lang='lat' dir='ltr'>inter</span> <span class='ocrx_word' id='word_1_231' title='bbox 749 3274 892 3325; x_wconf 86' lang='lat' dir='ltr'>filios</span> <span class='ocrx_word' id='word_1_232' title='bbox 934 3282 1084 3342; x_wconf 88' lang='lat' dir='ltr'>regni</span> <span class='ocrx_word' id='word_1_233' title='bbox 1121 3289 1174 3327; x_wconf 93' lang='lat' dir='ltr'>et</span> <span class='ocrx_word' id='word_1_234' title='bbox 1212 3279 1395 3344; x_wconf 88' lang='lat' dir='ltr'>perdi-</span> 
     </span>
     <span class='ocr_line' id='line_1_43' title="bbox 323 3344 1395 3413; baseline 0.006 -19"><span class='ocrx_word' id='word_1_235' title='bbox 323 3344 511 3395; x_wconf 86' lang='lat' dir='ltr'>tionis.</span> <span class='ocrx_word' id='word_1_236' title='bbox 548 3346 784 3413; x_wconf 87' lang='lat' dir='ltr'>Diligere</span> <span class='ocrx_word' id='word_1_237' title='bbox 822 3346 969 3396; x_wconf 87' lang='lat' dir='ltr'>enim</span> <span class='ocrx_word' id='word_1_238' title='bbox 1004 3358 1224 3413; x_wconf 86' lang='lat' dir='ltr'>propter</span> <span class='ocrx_word' id='word_1_239' title='bbox 1248 3364 1395 3400; x_wconf 85' lang='lat' dir='ltr'>amo-</span> 
     </span>
     <span class='ocr_line' id='line_1_44' title="bbox 324 3417 1394 3482; baseline 0.003 -16"><span class='ocrx_word' id='word_1_240' title='bbox 324 3430 441 3466; x_wconf 86' lang='lat' dir='ltr'>rem</span> <span class='ocrx_word' id='word_1_241' title='bbox 481 3417 815 3482; x_wconf 90' lang='lat' dir='ltr'>reciprocum</span> <span class='ocrx_word' id='word_1_242' title='bbox 862 3426 1067 3467; x_wconf 85' lang='lat' dir='ltr'>naturae</span> <span class='ocrx_word' id='word_1_243' title='bbox 1107 3426 1190 3468; x_wconf 87' lang='lat' dir='ltr'>est</span> <span class='ocrx_word' id='word_1_244' title='bbox 1233 3419 1394 3469; x_wconf 90' lang='lat' dir='ltr'>debi-</span> 
     </span>
     <span class='ocr_line' id='line_1_45' title="bbox 323 3486 1390 3554; baseline 0.002 -16"><span class='ocrx_word' id='word_1_245' title='bbox 323 3496 442 3538; x_wconf 88' lang='lat' dir='ltr'>tum</span> <span class='ocrx_word' id='word_1_246' title='bbox 458 3504 478 3552; x_wconf 76' lang='lat'>3</span> <span class='ocrx_word' id='word_1_247' title='bbox 533 3488 759 3554; x_wconf 87' lang='lat' dir='ltr'>diligere</span> <span class='ocrx_word' id='word_1_248' title='bbox 775 3486 1020 3554; x_wconf 85' lang='lat' dir='ltr'>‘propter</span> <span class='ocrx_word' id='word_1_249' title='bbox 1072 3488 1390 3540; x_wconf 87' lang='lat' dir='ltr'>beneficium</span> 
     </span>
     <span class='ocr_line' id='line_1_46' title="bbox 321 3563 1392 3626; baseline 0.003 -16"><span class='ocrx_word' id='word_1_250' title='bbox 321 3570 620 3626; x_wconf 87' lang='lat' dir='ltr'>acceptum,</span> <span class='ocrx_word' id='word_1_251' title='bbox 652 3563 735 3612; x_wconf 83' lang='lat' dir='ltr'>vel</span> <span class='ocrx_word' id='word_1_252' title='bbox 762 3571 1054 3626; x_wconf 86' lang='lat' dir='ltr'>speratum,</span> <span class='ocrx_word' id='word_1_253' title='bbox 1080 3570 1164 3610; x_wconf 82' lang='lat' dir='ltr'>est</span> <span class='ocrx_word' id='word_1_254' title='bbox 1185 3576 1392 3613; x_wconf 90' lang='lat' dir='ltr'>merce-</span> 
     </span>
     <span class='ocr_line' id='line_1_47' title="bbox 323 3631 1388 3699; baseline 0.004 -18"><span class='ocrx_word' id='word_1_255' title='bbox 323 3631 576 3695; x_wconf 82' lang='lat' dir='ltr'>narium3</span> <span class='ocrx_word' id='word_1_256' title='bbox 639 3633 859 3698; x_wconf 87' lang='lat' dir='ltr'>diligere</span> <span class='ocrx_word' id='word_1_257' title='bbox 921 3642 1137 3699; x_wconf 88' lang='lat' dir='ltr'>propter</span> <span class='ocrx_word' id='word_1_258' title='bbox 1184 3644 1388 3685; x_wconf 79' lang='lat' dir='ltr'>mutuae</span> 
     </span>
     <span class='ocr_line' id='line_1_48' title="bbox 320 3699 1392 3756; baseline 0.005 -5"><span class='ocrx_word' id='word_1_259' title='bbox 320 3699 702 3754; x_wconf 78' lang='lat' dir='ltr'>familiaritatis</span> <span class='ocrx_word' id='word_1_260' title='bbox 775 3704 1226 3755; x_wconf 63' lang='lat' dir='ltr'>oblectamentum</span> <span class='ocrx_word' id='word_1_261' title='bbox 1309 3716 1392 3756; x_wconf 84' lang='lat' dir='ltr'>est</span> 
     </span>
     <span class='ocr_line' id='line_1_49' title="bbox 320 3773 1387 3840; baseline 0.004 -18"><span class='ocrx_word' id='word_1_262' title='bbox 320 3773 561 3836; x_wconf 84' lang='lat' dir='ltr'>malum3</span> <span class='ocrx_word' id='word_1_263' title='bbox 622 3773 847 3839; x_wconf 89' lang='lat' dir='ltr'>diligere</span> <span class='ocrx_word' id='word_1_264' title='bbox 909 3785 1126 3840; x_wconf 88' lang='lat' dir='ltr'>propter</span> <span class='ocrx_word' id='word_1_265' title='bbox 1191 3777 1387 3839; x_wconf 83' lang='lat' dir='ltr'>peccati</span> 
     </span>
     <span class='ocr_line' id='line_1_50' title="bbox 319 3844 1386 3911; baseline 0.007 -21"><span class='ocrx_word' id='word_1_266' title='bbox 319 3856 644 3893; x_wconf 83' lang='lat' dir='ltr'>consensum</span> <span class='ocrx_word' id='word_1_267' title='bbox 673 3855 752 3894; x_wconf 86' lang='lat' dir='ltr'>est</span> <span class='ocrx_word' id='word_1_268' title='bbox 787 3844 1085 3909; x_wconf 81' lang='lat' dir='ltr'>malignum</span> <span class='ocrx_word' id='word_1_269' title='bbox 1109 3860 1124 3908; x_wconf 89' lang='lat'>;</span> <span class='ocrx_word' id='word_1_270' title='bbox 1162 3845 1386 3911; x_wconf 84' lang='lat' dir='ltr'>diligere</span> 
     </span>
     <span class='ocr_line' id='line_1_51' title="bbox 320 3914 1386 3983; baseline 0.006 -24"><span class='ocrx_word' id='word_1_271' title='bbox 320 3923 537 3975; x_wconf 85' lang='lat' dir='ltr'>propter</span> <span class='ocrx_word' id='word_1_272' title='bbox 558 3928 694 3977; x_wconf 90' lang='lat' dir='ltr'>opus</span> <span class='ocrx_word' id='word_1_273' title='bbox 729 3915 934 3963; x_wconf 90' lang='lat' dir='ltr'>bonum</span> <span class='ocrx_word' id='word_1_274' title='bbox 965 3923 1048 3983; x_wconf 51' lang='lat' dir='ltr'>est¹</span> <span class='ocrx_word' id='word_1_275' title='bbox 1074 3914 1386 3980; x_wconf 85' lang='lat' dir='ltr'>gratuitum.</span> 
     </span>
    </p>
   </div>
   <div class='ocr_carea' id='block_1_5' title="bbox 324 3981 1385 4051">
    <p class='ocr_par' dir='ltr' id='par_1_6' title="bbox 324 3981 1385 4051">
     <span class='ocr_line' id='line_1_52' title="bbox 324 3981 1385 4051; baseline 0.009 -20"><span class='ocrx_word' id='word_1_276' title='bbox 324 3981 430 4041; x_wconf 88' lang='lat' dir='ltr'>Qui</span> <span class='ocrx_word' id='word_1_277' title='bbox 489 3983 637 4034; x_wconf 89' lang='lat' dir='ltr'>enim</span> <span class='ocrx_word' id='word_1_278' title='bbox 682 3985 861 4051; x_wconf 89' lang='lat' dir='ltr'>diligit</span> <span class='ocrx_word' id='word_1_279' title='bbox 911 3986 1240 4050; x_wconf 85' lang='lat' dir='ltr'>proximum,</span> <span class='ocrx_word' id='word_1_280' title='bbox 1291 4000 1385 4041; x_wconf 86' lang='lat' dir='ltr'>aut</span> 
     </span>
    </p>
   </div>
   <div class='ocr_carea' id='block_1_6' title="bbox 1500 562 2597 2985">
    <p class='ocr_par' dir='ltr' id='par_1_7' title="bbox 1500 562 2597 2985">
     <span class='ocr_line' id='line_1_53' title="bbox 1525 562 2593 630; baseline 0.008 -19"><span class='ocrx_word' id='word_1_281' title='bbox 1525 562 1654 628; x_wconf 82' lang='lat' dir='ltr'>quia</span> <span class='ocrx_word' id='word_1_282' title='bbox 1695 563 1933 628; x_wconf 74' lang='lat' dir='ltr'>ejusdem</span> <span class='ocrx_word' id='word_1_283' title='bbox 1962 564 2202 630; x_wconf 90' lang='lat' dir='ltr'>corporis</span> <span class='ocrx_word' id='word_1_284' title='bbox 2234 566 2495 627; x_wconf 87' lang='lat' dir='ltr'>membra,</span> <span class='ocrx_word' id='word_1_285' title='bbox 2536 579 2593 620; x_wconf 85' lang='lat' dir='ltr'>et</span> 
     </span>
     <span class='ocr_line' id='line_1_54' title="bbox 1523 632 2597 697; baseline 0.007 -15"><span class='ocrx_word' id='word_1_286' title='bbox 1523 632 1763 697; x_wconf 76' lang='lat' dir='ltr'>ejusdem</span> <span class='ocrx_word' id='word_1_287' title='bbox 1821 635 1993 686; x_wconf 81' lang='lat' dir='ltr'>Patris</span> <span class='ocrx_word' id='word_1_288' title='bbox 2041 635 2139 686; x_wconf 88' lang='lat' dir='ltr'>filii</span> <span class='ocrx_word' id='word_1_289' title='bbox 2196 651 2409 696; x_wconf 74' lang='lat' dir='ltr'>sumuS,</span> <span class='ocrx_word' id='word_1_290' title='bbox 2469 653 2597 691; x_wconf 89' lang='lat' dir='ltr'>vere.</span> 
     </span>
     <span class='ocr_line' id='line_1_55' title="bbox 1522 704 2591 771; baseline 0.008 -17"><span class='ocrx_word' id='word_1_291' title='bbox 1522 704 1748 771; x_wconf 87' lang='lat' dir='ltr'>diligere</span> <span class='ocrx_word' id='word_1_292' title='bbox 1786 707 2004 759; x_wconf 89' lang='lat' dir='ltr'>dicitur.</span> <span class='ocrx_word' id='word_1_293' title='bbox 2058 708 2208 759; x_wconf 84' lang='lat' dir='ltr'>Talis</span> <span class='ocrx_word' id='word_1_294' title='bbox 2247 708 2396 759; x_wconf 89' lang='lat' dir='ltr'>enim</span> <span class='ocrx_word' id='word_1_295' title='bbox 2438 725 2591 763; x_wconf 85' lang='lat' dir='ltr'>amor</span> 
     </span>
     <span class='ocr_line' id='line_1_56' title="bbox 1522 775 2586 845; baseline 0.006 -19"><span class='ocrx_word' id='word_1_296' title='bbox 1522 775 1819 841; x_wconf 81' lang='lat' dir='ltr'>spiritualis</span> <span class='ocrx_word' id='word_1_297' title='bbox 1845 788 1945 838; x_wconf 89' lang='lat' dir='ltr'>est,</span> <span class='ocrx_word' id='word_1_298' title='bbox 1987 788 2039 828; x_wconf 89' lang='lat' dir='ltr'>et</span> <span class='ocrx_word' id='word_1_299' title='bbox 2083 778 2205 828; x_wconf 89' lang='lat' dir='ltr'>ideo</span> <span class='ocrx_word' id='word_1_300' title='bbox 2243 778 2586 845; x_wconf 86' lang='lat' dir='ltr'>indeficiens;</span> 
     </span>
     <span class='ocr_line' id='line_1_57' title="bbox 1522 847 2591 913; baseline 0.004 -16"><span class='ocrx_word' id='word_1_301' title='bbox 1522 847 1746 898; x_wconf 81' lang='lat' dir='ltr'>carnalis</span> <span class='ocrx_word' id='word_1_302' title='bbox 1766 848 1915 899; x_wconf 90' lang='lat' dir='ltr'>enim</span> <span class='ocrx_word' id='word_1_303' title='bbox 1938 863 2092 899; x_wconf 84' lang='lat' dir='ltr'>amor</span> <span class='ocrx_word' id='word_1_304' title='bbox 2115 848 2226 899; x_wconf 91' lang='lat' dir='ltr'>cito</span> <span class='ocrx_word' id='word_1_305' title='bbox 2249 849 2591 913; x_wconf 83' lang='lat' dir='ltr'>dilabibitur,</span> 
     </span>
     <span class='ocr_line' id='line_1_58' title="bbox 1522 920 2591 989; baseline 0.007 -20"><span class='ocrx_word' id='word_1_306' title='bbox 1522 920 1660 971; x_wconf 86' lang='lat' dir='ltr'>sicut</span> <span class='ocrx_word' id='word_1_307' title='bbox 1702 932 1757 972; x_wconf 89' lang='lat' dir='ltr'>et</span> <span class='ocrx_word' id='word_1_308' title='bbox 1797 922 1916 988; x_wconf 86' lang='lat' dir='ltr'>ipsa</span> <span class='ocrx_word' id='word_1_309' title='bbox 1951 938 2111 986; x_wconf 89' lang='lat' dir='ltr'>car0;</span> <span class='ocrx_word' id='word_1_310' title='bbox 2149 923 2296 989; x_wconf 90' lang='lat' dir='ltr'>quali</span> <span class='ocrx_word' id='word_1_311' title='bbox 2340 924 2591 978; x_wconf 83' lang='lat' dir='ltr'>videlicet</span> 
     </span>
     <span class='ocr_line' id='line_1_59' title="bbox 1521 992 2590 1045; baseline 0.005 -5"><span class='ocrx_word' id='word_1_312' title='bbox 1521 1005 1703 1042; x_wconf 88' lang='lat' dir='ltr'>amore</span> <span class='ocrx_word' id='word_1_313' title='bbox 1746 992 2019 1043; x_wconf 74' lang='lat' dir='ltr'>Publiceni</span> <span class='ocrx_word' id='word_1_314' title='bbox 2061 1003 2114 1044; x_wconf 90' lang='lat' dir='ltr'>et</span> <span class='ocrx_word' id='word_1_315' title='bbox 2140 993 2362 1045; x_wconf 84' lang='lat' dir='ltr'>Ethnici</span> <span class='ocrx_word' id='word_1_316' title='bbox 2406 1009 2465 1045; x_wconf 87' lang='lat' dir='ltr'>se</span> <span class='ocrx_word' id='word_1_317' title='bbox 2510 994 2590 1045; x_wconf 84' lang='lat' dir='ltr'>iu·</span> 
     </span>
     <span class='ocr_line' id='line_1_60' title="bbox 1520 1060 2593 1130; baseline 0.007 -20"><span class='ocrx_word' id='word_1_318' title='bbox 1520 1060 1693 1112; x_wconf 80' lang='lat' dir='ltr'>vicem</span> <span class='ocrx_word' id='word_1_319' title='bbox 1710 1062 1965 1128; x_wconf 84' lang='lat' dir='ltr'>diligunt,</span> <span class='ocrx_word' id='word_1_320' title='bbox 1990 1078 2050 1113; x_wconf 81' lang='lat' dir='ltr'>in</span> <span class='ocrx_word' id='word_1_321' title='bbox 2072 1064 2273 1130; x_wconf 88' lang='lat' dir='ltr'>quibus</span> <span class='ocrx_word' id='word_1_322' title='bbox 2297 1074 2379 1115; x_wconf 90' lang='lat' dir='ltr'>est</span> <span class='ocrx_word' id='word_1_323' title='bbox 2397 1075 2593 1118; x_wconf 79' lang='lat' dir='ltr'>natura</span> 
     </span>
     <span class='ocr_line' id='line_1_61' title="bbox 1520 1132 2589 1201; baseline 0.008 -20"><span class='ocrx_word' id='word_1_324' title='bbox 1520 1132 1638 1185; x_wconf 89' lang='lat' dir='ltr'>sine</span> <span class='ocrx_word' id='word_1_325' title='bbox 1659 1134 1846 1199; x_wconf 85' lang='lat' dir='ltr'>gratia,</span> <span class='ocrx_word' id='word_1_326' title='bbox 1877 1144 1933 1186; x_wconf 81' lang='lat' dir='ltr'>et</span> <span class='ocrx_word' id='word_1_327' title='bbox 1973 1144 2186 1186; x_wconf 89' lang='lat' dir='ltr'>tantum</span> <span class='ocrx_word' id='word_1_328' title='bbox 2216 1136 2502 1201; x_wconf 50' lang='lat' dir='ltr'>diligentes</span> <span class='ocrx_word' id='word_1_329' title='bbox 2528 1152 2589 1190; x_wconf 83' lang='lat' dir='ltr'>se</span> 
     </span>
     <span class='ocr_line' id='line_1_62' title="bbox 1519 1203 2593 1270; baseline 0.006 -18"><span class='ocrx_word' id='word_1_330' title='bbox 1519 1203 1788 1270; x_wconf 82' lang='lat' dir='ltr'>diligunt;</span> <span class='ocrx_word' id='word_1_331' title='bbox 1818 1205 2001 1257; x_wconf 70' lang='lat' dir='ltr'>statim</span> <span class='ocrx_word' id='word_1_332' title='bbox 2028 1206 2178 1256; x_wconf 89' lang='lat' dir='ltr'>enim</span> <span class='ocrx_word' id='word_1_333' title='bbox 2201 1216 2263 1257; x_wconf 91' lang='lat' dir='ltr'>ut</span> <span class='ocrx_word' id='word_1_334' title='bbox 2288 1222 2348 1258; x_wconf 84' lang='lat' dir='ltr'>se</span> <span class='ocrx_word' id='word_1_335' title='bbox 2365 1207 2434 1257; x_wconf 89' lang='lat' dir='ltr'>ab</span> <span class='ocrx_word' id='word_1_336' title='bbox 2463 1207 2593 1259; x_wconf 80' lang='lat' dir='ltr'>aliis</span> 
     </span>
     <span class='ocr_line' id='line_1_63' title="bbox 1521 1276 2586 1344; baseline 0.006 -21"><span class='ocrx_word' id='word_1_337' title='bbox 1521 1289 1632 1325; x_wconf 86' lang='lat' dir='ltr'>non</span> <span class='ocrx_word' id='word_1_338' title='bbox 1667 1276 1822 1341; x_wconf 88' lang='lat' dir='ltr'>diligi</span> <span class='ocrx_word' id='word_1_339' title='bbox 1851 1276 2173 1344; x_wconf 85' lang='lat' dir='ltr'>intelligunt,</span> <span class='ocrx_word' id='word_1_340' title='bbox 2216 1276 2320 1343; x_wconf 85' lang='lat' dir='ltr'>ipsi</span> <span class='ocrx_word' id='word_1_341' title='bbox 2365 1293 2586 1344; x_wconf 88' lang='lat' dir='ltr'>quoque</span> 
     </span>
     <span class='ocr_line' id='line_1_64' title="bbox 1517 1343 2583 1413; baseline 0.006 -19"><span class='ocrx_word' id='word_1_342' title='bbox 1517 1343 1652 1396; x_wconf 88' lang='lat' dir='ltr'>alios</span> <span class='ocrx_word' id='word_1_343' title='bbox 1678 1362 1790 1397; x_wconf 85' lang='lat' dir='ltr'>non</span> <span class='ocrx_word' id='word_1_344' title='bbox 1815 1346 2070 1412; x_wconf 84' lang='lat' dir='ltr'>diligunt.</span> <span class='ocrx_word' id='word_1_345' title='bbox 2104 1348 2216 1397; x_wconf 81' lang='lat' dir='ltr'>Nos</span> <span class='ocrx_word' id='word_1_346' title='bbox 2239 1363 2367 1413; x_wconf 89' lang='lat' dir='ltr'>ergo</span> <span class='ocrx_word' id='word_1_347' title='bbox 2390 1365 2583 1401; x_wconf 67' lang='lat' dir='ltr'>omnes</span> 
     </span>
     <span class='ocr_line' id='line_1_65' title="bbox 1516 1415 2589 1486; baseline 0.007 -22"><span class='ocrx_word' id='word_1_348' title='bbox 1516 1415 1758 1482; x_wconf 88' lang='lat' dir='ltr'>diligere,</span> <span class='ocrx_word' id='word_1_349' title='bbox 1785 1418 2037 1469; x_wconf 87' lang='lat' dir='ltr'>omnium</span> <span class='ocrx_word' id='word_1_350' title='bbox 2066 1419 2293 1471; x_wconf 78' lang='lat' dir='ltr'>salutem</span> <span class='ocrx_word' id='word_1_351' title='bbox 2320 1435 2589 1486; x_wconf 79' lang='lat' dir='ltr'>quaerere,</span> 
     </span>
     <span class='ocr_line' id='line_1_66' title="bbox 1516 1490 2584 1552; baseline 0.006 -14"><span class='ocrx_word' id='word_1_352' title='bbox 1516 1490 1772 1542; x_wconf 86' lang='lat' dir='ltr'>omnibus</span> <span class='ocrx_word' id='word_1_353' title='bbox 1824 1490 2147 1552; x_wconf 84' lang='lat' dir='ltr'>benefacere,</span> <span class='ocrx_word' id='word_1_354' title='bbox 2202 1503 2257 1543; x_wconf 90' lang='lat' dir='ltr'>et</span> <span class='ocrx_word' id='word_1_355' title='bbox 2302 1493 2584 1545; x_wconf 78' lang='lat' dir='ltr'>charitatis</span> 
     </span>
     <span class='ocr_line' id='line_1_67' title="bbox 1514 1561 2581 1625; baseline 0.006 -13"><span class='ocrx_word' id='word_1_356' title='bbox 1514 1561 1761 1613; x_wconf 86' lang='lat' dir='ltr'>affectum</span> <span class='ocrx_word' id='word_1_357' title='bbox 1813 1564 2088 1615; x_wconf 77' lang='lat' dir='ltr'>ostendere</span> <span class='ocrx_word' id='word_1_358' title='bbox 2139 1565 2419 1625; x_wconf 87' lang='lat' dir='ltr'>debemus,</span> <span class='ocrx_word' id='word_1_359' title='bbox 2470 1582 2581 1618; x_wconf 90' lang='lat' dir='ltr'>non</span> 
     </span>
     <span class='ocr_line' id='line_1_68' title="bbox 1514 1635 2581 1703; baseline 0.003 -18"><span class='ocrx_word' id='word_1_360' title='bbox 1514 1645 1814 1699; x_wconf 87' lang='lat' dir='ltr'>quaerentes</span> <span class='ocrx_word' id='word_1_361' title='bbox 1851 1635 1959 1695; x_wconf 90' lang='lat' dir='ltr'>cui,</span> <span class='ocrx_word' id='word_1_362' title='bbox 2000 1636 2094 1686; x_wconf 83' lang='lat' dir='ltr'>sed</span> <span class='ocrx_word' id='word_1_363' title='bbox 2140 1652 2308 1703; x_wconf 87' lang='lat' dir='ltr'>quare</span> <span class='ocrx_word' id='word_1_364' title='bbox 2355 1637 2460 1688; x_wconf 86' lang='lat' dir='ltr'>ista</span> <span class='ocrx_word' id='word_1_365' title='bbox 2497 1637 2581 1689; x_wconf 86' lang='lat' dir='ltr'>fa·-</span> 
     </span>
     <span class='ocr_line' id='line_1_69' title="bbox 1514 1705 2582 1774; baseline 0.003 -18"><span class='ocrx_word' id='word_1_366' title='bbox 1514 1705 1736 1757; x_wconf 87' lang='lat' dir='ltr'>ciamus.</span> <span class='ocrx_word' id='word_1_367' title='bbox 1769 1707 1860 1758; x_wconf 90' lang='lat' dir='ltr'>Sic</span> <span class='ocrx_word' id='word_1_368' title='bbox 1889 1707 2037 1757; x_wconf 87' lang='lat' dir='ltr'>enim</span> <span class='ocrx_word' id='word_1_369' title='bbox 2069 1717 2296 1774; x_wconf 85' lang='lat' dir='ltr'>augetur</span> <span class='ocrx_word' id='word_1_370' title='bbox 2333 1723 2490 1759; x_wconf 88' lang='lat' dir='ltr'>amor</span> <span class='ocrx_word' id='word_1_371' title='bbox 2528 1720 2582 1759; x_wconf 84' lang='lat' dir='ltr'>et</span> 
     </span>
     <span class='ocr_line' id='line_1_70' title="bbox 1512 1777 2581 1845; baseline 0.003 -18"><span class='ocrx_word' id='word_1_372' title='bbox 1512 1777 1798 1829; x_wconf 83' lang='lat' dir='ltr'>concordia</span> <span class='ocrx_word' id='word_1_373' title='bbox 1820 1777 2023 1829; x_wconf 85' lang='lat' dir='ltr'>crescit.</span> <span class='ocrx_word' id='word_1_374' title='bbox 2049 1779 2154 1829; x_wconf 81' lang='lat' dir='ltr'>Ista</span> <span class='ocrx_word' id='word_1_375' title='bbox 2182 1779 2360 1845; x_wconf 89' lang='lat' dir='ltr'>itaque</span> <span class='ocrx_word' id='word_1_376' title='bbox 2379 1780 2581 1830; x_wconf 91' lang='lat' dir='ltr'>debent</span> 
     </span>
     <span class='ocr_line' id='line_1_71' title="bbox 1512 1847 2580 1915; baseline 0.004 -17"><span class='ocrx_word' id='word_1_377' title='bbox 1512 1847 1647 1908; x_wconf 88' lang='lat' dir='ltr'>fieri,</span> <span class='ocrx_word' id='word_1_378' title='bbox 1689 1864 1799 1899; x_wconf 87' lang='lat' dir='ltr'>non</span> <span class='ocrx_word' id='word_1_379' title='bbox 1841 1849 1899 1899; x_wconf 90' lang='lat' dir='ltr'>in</span> <span class='ocrx_word' id='word_1_380' title='bbox 1941 1865 2038 1915; x_wconf 84' lang='lat' dir='ltr'>spe</span> <span class='ocrx_word' id='word_1_381' title='bbox 2070 1849 2450 1901; x_wconf 83' lang='lat' dir='ltr'>retributionis</span> <span class='ocrx_word' id='word_1_382' title='bbox 2484 1851 2580 1902; x_wconf 87' lang='lat' dir='ltr'>hu·</span> 
     </span>
     <span class='ocr_line' id='line_1_72' title="bbox 1512 1920 2577 1980; baseline 0.004 -10"><span class='ocrx_word' id='word_1_383' title='bbox 1512 1935 1702 1980; x_wconf 85' lang='lat' dir='ltr'>manae,</span> <span class='ocrx_word' id='word_1_384' title='bbox 1723 1920 1817 1971; x_wconf 86' lang='lat' dir='ltr'>sed</span> <span class='ocrx_word' id='word_1_385' title='bbox 1844 1920 2057 1972; x_wconf 82' lang='lat' dir='ltr'>divinae.</span> <span class='ocrx_word' id='word_1_386' title='bbox 2085 1921 2236 1972; x_wconf 90' lang='lat' dir='ltr'>Sicut</span> <span class='ocrx_word' id='word_1_387' title='bbox 2258 1920 2408 1971; x_wconf 90' lang='lat' dir='ltr'>enim</span> <span class='ocrx_word' id='word_1_388' title='bbox 2430 1922 2577 1974; x_wconf 78' lang='lat' dir='ltr'>Deus</span> 
     </span>
     <span class='ocr_line' id='line_1_73' title="bbox 1510 1991 2585 2056; baseline 0.003 -15"><span class='ocrx_word' id='word_1_389' title='bbox 1510 2001 1591 2041; x_wconf 89' lang='lat' dir='ltr'>est</span> <span class='ocrx_word' id='word_1_390' title='bbox 1612 1991 1794 2041; x_wconf 86' lang='lat' dir='ltr'>omnis</span> <span class='ocrx_word' id='word_1_391' title='bbox 1817 1991 1945 2041; x_wconf 90' lang='lat' dir='ltr'>boni</span> <span class='ocrx_word' id='word_1_392' title='bbox 1976 1991 2326 2056; x_wconf 88' lang='lat' dir='ltr'>principium,</span> <span class='ocrx_word' id='word_1_393' title='bbox 2356 1992 2438 2042; x_wconf 84' lang='lat' dir='ltr'>sic</span> <span class='ocrx_word' id='word_1_394' title='bbox 2464 1994 2585 2045; x_wconf 83' lang='lat' dir='ltr'>vult</span> 
     </span>
     <span class='ocr_line' id='line_1_74' title="bbox 1510 2059 2580 2128; baseline 0 -16"><span class='ocrx_word' id='word_1_395' title='bbox 1510 2076 1627 2112; x_wconf 86' lang='lat' dir='ltr'>esse</span> <span class='ocrx_word' id='word_1_396' title='bbox 1655 2070 1712 2111; x_wconf 89' lang='lat' dir='ltr'>et</span> <span class='ocrx_word' id='word_1_397' title='bbox 1751 2059 1897 2112; x_wconf 86' lang='lat' dir='ltr'>finis.</span> <span class='ocrx_word' id='word_1_398' title='bbox 1933 2062 2064 2127; x_wconf 82' lang='lat' dir='ltr'>Ego</span> <span class='ocrx_word' id='word_1_399' title='bbox 2091 2074 2226 2123; x_wconf 83' lang='lat' dir='ltr'>sum,</span> <span class='ocrx_word' id='word_1_400' title='bbox 2258 2062 2459 2128; x_wconf 86' lang='lat' dir='ltr'>inquit,</span> <span class='ocrx_word' id='word_1_401' title='bbox 2486 2062 2580 2112; x_wconf 84' lang='lat' dir='ltr'>al-</span> 
     </span>
     <span class='ocr_line' id='line_1_75' title="bbox 1500 2133 2569 2200; baseline 0 -16"><span class='ocrx_word' id='word_1_402' title='bbox 1500 2134 1615 2199; x_wconf 80' lang='lat' dir='ltr'>pha</span> <span class='ocrx_word' id='word_1_403' title='bbox 1652 2139 1708 2184; x_wconf 81' lang='lat' dir='ltr'>et</span> <span class='ocrx_word' id='word_1_404' title='bbox 1747 2147 1956 2200; x_wconf 80' lang='lat' dir='ltr'>omega,</span> <span class='ocrx_word' id='word_1_405' title='bbox 1986 2133 2312 2199; x_wconf 78' lang='lat' dir='ltr'>principium</span> <span class='ocrx_word' id='word_1_406' title='bbox 2341 2139 2394 2183; x_wconf 84' lang='lat' dir='ltr'>et</span> <span class='ocrx_word' id='word_1_407' title='bbox 2405 2134 2569 2200; x_wconf 73' lang='lat' dir='ltr'>finiS.</span> 
     </span>
     <span class='ocr_line' id='line_1_76' title="bbox 1513 2206 2573 2273; baseline -0.001 -15"><span class='ocrx_word' id='word_1_408' title='bbox 1513 2206 1666 2258; x_wconf 88' lang='lat' dir='ltr'>Unde</span> <span class='ocrx_word' id='word_1_409' title='bbox 1695 2206 2076 2273; x_wconf 80' lang='lat' dir='ltr'>Augustinus:</span> <span class='ocrx_word' id='word_1_410' title='bbox 2118 2224 2148 2254; x_wconf 69' lang='grc' dir='ltr'>α</span> <span class='ocrx_word' id='word_1_411' title='bbox 2185 2206 2294 2266; x_wconf 90' lang='lat' dir='ltr'>Qui</span> <span class='ocrx_word' id='word_1_412' title='bbox 2336 2206 2573 2258; x_wconf 86' lang='lat' dir='ltr'>amicum</span> 
     </span>
     <span class='ocr_line' id='line_1_77' title="bbox 1509 2278 2573 2344; baseline 0.001 -16"><span class='ocrx_word' id='word_1_413' title='bbox 1509 2288 1724 2344; x_wconf 92' lang='lat' dir='ltr'>propter</span> <span class='ocrx_word' id='word_1_414' title='bbox 1746 2279 2090 2328; x_wconf 89' lang='lat' dir='ltr'>commodum</span> <span class='ocrx_word' id='word_1_415' title='bbox 2112 2278 2391 2343; x_wconf 87' lang='lat' dir='ltr'>quodlibet</span> <span class='ocrx_word' id='word_1_416' title='bbox 2412 2289 2573 2338; x_wconf 85' lang='lat' dir='ltr'>amat,</span> 
     </span>
     <span class='ocr_line' id='line_1_78' title="bbox 1509 2349 2577 2408; baseline 0.001 -9"><span class='ocrx_word' id='word_1_417' title='bbox 1509 2364 1620 2399; x_wconf 89' lang='lat' dir='ltr'>non</span> <span class='ocrx_word' id='word_1_418' title='bbox 1669 2349 1906 2399; x_wconf 88' lang='lat' dir='ltr'>amicum</span> <span class='ocrx_word' id='word_1_419' title='bbox 1961 2349 2302 2399; x_wconf 88' lang='lat' dir='ltr'>convincitur</span> <span class='ocrx_word' id='word_1_420' title='bbox 2355 2365 2536 2400; x_wconf 87' lang='lat' dir='ltr'>amare</span> <span class='ocrx_word' id='word_1_421' title='bbox 2555 2387 2577 2408; x_wconf 75' lang='lat'>,</span> 
     </span>
     <span class='ocr_line' id='line_1_79' title="bbox 1508 2420 2570 2487; baseline 0.002 -17"><span class='ocrx_word' id='word_1_422' title='bbox 1508 2420 1600 2470; x_wconf 87' lang='lat' dir='ltr'>sed</span> <span class='ocrx_word' id='word_1_423' title='bbox 1620 2420 1986 2471; x_wconf 88' lang='lat' dir='ltr'>commodum.</span> <span class='ocrx_word' id='word_1_424' title='bbox 2016 2420 2089 2471; x_wconf 91' lang='lat' dir='ltr'>Et</span> <span class='ocrx_word' id='word_1_425' title='bbox 2117 2420 2237 2470; x_wconf 92' lang='lat' dir='ltr'>ideo</span> <span class='ocrx_word' id='word_1_426' title='bbox 2265 2421 2430 2482; x_wconf 86' lang='lat' dir='ltr'>Deus,</span> <span class='ocrx_word' id='word_1_427' title='bbox 2460 2436 2570 2487; x_wconf 92' lang='lat' dir='ltr'>quo</span> 
     </span>
     <span class='ocr_line' id='line_1_80' title="bbox 1508 2491 2573 2558; baseline 0.002 -18"><span class='ocrx_word' id='word_1_428' title='bbox 1508 2492 1649 2541; x_wconf 85' lang='lat' dir='ltr'>nihil</span> <span class='ocrx_word' id='word_1_429' title='bbox 1669 2503 1750 2542; x_wconf 86' lang='lat' dir='ltr'>est</span> <span class='ocrx_word' id='word_1_430' title='bbox 1779 2494 1952 2557; x_wconf 78' lang='lat' dir='ltr'>majus</span> <span class='ocrx_word' id='word_1_431' title='bbox 1978 2502 2071 2542; x_wconf 89' lang='lat' dir='ltr'>aut</span> <span class='ocrx_word' id='word_1_432' title='bbox 2100 2491 2314 2552; x_wconf 82' lang='lat' dir='ltr'>melius,</span> <span class='ocrx_word' id='word_1_433' title='bbox 2356 2502 2573 2558; x_wconf 86' lang='lat' dir='ltr'>propter</span> 
     </span>
     <span class='ocr_line' id='line_1_81' title="bbox 1507 2563 2577 2630; baseline 0.001 -17"><span class='ocrx_word' id='word_1_434' title='bbox 1507 2563 1653 2630; x_wconf 90' lang='lat' dir='ltr'>quod</span> <span class='ocrx_word' id='word_1_435' title='bbox 1688 2563 1961 2629; x_wconf 86' lang='lat' dir='ltr'>diligatur,</span> <span class='ocrx_word' id='word_1_436' title='bbox 2017 2573 2234 2628; x_wconf 83' lang='lat' dir='ltr'>propter</span> <span class='ocrx_word' id='word_1_437' title='bbox 2280 2578 2339 2614; x_wconf 83' lang='lat' dir='ltr'>se</span> <span class='ocrx_word' id='word_1_438' title='bbox 2390 2564 2577 2630; x_wconf 81' lang='lat' dir='ltr'>ipsum</span> 
     </span>
     <span class='ocr_line' id='line_1_82' title="bbox 1507 2634 2571 2700; baseline 0.001 -15"><span class='ocrx_word' id='word_1_439' title='bbox 1507 2634 1738 2699; x_wconf 87' lang='lat' dir='ltr'>perfecte</span> <span class='ocrx_word' id='word_1_440' title='bbox 1787 2634 2053 2700; x_wconf 86' lang='lat' dir='ltr'>diligitur.</span> <span class='ocrx_word' id='word_1_441' title='bbox 2106 2635 2161 2684; x_wconf 85' lang='lat' dir='ltr'>Si</span> <span class='ocrx_word' id='word_1_442' title='bbox 2212 2651 2340 2686; x_wconf 86' lang='lat' dir='ltr'>vero</span> <span class='ocrx_word' id='word_1_443' title='bbox 2381 2637 2571 2686; x_wconf 84' lang='lat' dir='ltr'>saltem</span> 
     </span>
     <span class='ocr_line' id='line_1_83' title="bbox 1506 2704 2571 2770; baseline 0 -14"><span class='ocrx_word' id='word_1_444' title='bbox 1506 2714 1722 2770; x_wconf 84' lang='lat' dir='ltr'>propter</span> <span class='ocrx_word' id='word_1_445' title='bbox 1769 2704 1860 2756; x_wconf 89' lang='lat' dir='ltr'>illa</span> <span class='ocrx_word' id='word_1_446' title='bbox 1898 2720 2020 2770; x_wconf 86' lang='lat' dir='ltr'>quae</span> <span class='ocrx_word' id='word_1_447' title='bbox 2067 2714 2301 2770; x_wconf 84' lang='lat' dir='ltr'>praestat,</span> <span class='ocrx_word' id='word_1_448' title='bbox 2339 2716 2571 2764; x_wconf 86' lang='lat' dir='ltr'>amatur,</span> 
     </span>
     <span class='ocr_line' id='line_1_84' title="bbox 1506 2774 2570 2842; baseline 0.002 -18"><span class='ocrx_word' id='word_1_449' title='bbox 1506 2791 1616 2825; x_wconf 90' lang='lat' dir='ltr'>non</span> <span class='ocrx_word' id='word_1_450' title='bbox 1639 2774 1830 2841; x_wconf 86' lang='lat' dir='ltr'>utique</span> <span class='ocrx_word' id='word_1_451' title='bbox 1861 2775 2024 2840; x_wconf 84' lang='lat' dir='ltr'>gratis</span> <span class='ocrx_word' id='word_1_452' title='bbox 2048 2786 2275 2834; x_wconf 85' lang='lat' dir='ltr'>amatur,</span> <span class='ocrx_word' id='word_1_453' title='bbox 2310 2776 2443 2842; x_wconf 84' lang='lat' dir='ltr'>quia</span> <span class='ocrx_word' id='word_1_454' title='bbox 2464 2777 2570 2841; x_wconf 80' lang='lat' dir='ltr'>jam</span> 
     </span>
     <span class='ocr_line' id='line_1_85' title="bbox 1505 2849 2569 2915; baseline 0.003 -18"><span class='ocrx_word' id='word_1_455' title='bbox 1505 2849 1639 2899; x_wconf 89' lang='lat' dir='ltr'>illud</span> <span class='ocrx_word' id='word_1_456' title='bbox 1662 2858 1876 2914; x_wconf 88' lang='lat' dir='ltr'>propter</span> <span class='ocrx_word' id='word_1_457' title='bbox 1899 2850 2044 2914; x_wconf 89' lang='lat' dir='ltr'>quod</span> <span class='ocrx_word' id='word_1_458' title='bbox 2063 2849 2312 2914; x_wconf 87' lang='lat' dir='ltr'>diligitur</span> <span class='ocrx_word' id='word_1_459' title='bbox 2332 2850 2402 2909; x_wconf 87' lang='lat' dir='ltr'>ei,</span> <span class='ocrx_word' id='word_1_460' title='bbox 2421 2849 2569 2915; x_wconf 86' lang='lat' dir='ltr'>quod</span> 
     </span>
     <span class='ocr_line' id='line_1_86' title="bbox 1503 2918 2565 2985; baseline -0.002 -17"><span class='ocrx_word' id='word_1_461' title='bbox 1503 2918 1648 2969; x_wconf 83' lang='lat' dir='ltr'>dictu</span> <span class='ocrx_word' id='word_1_462' title='bbox 1666 2934 1884 2985; x_wconf 90' lang='lat' dir='ltr'>quoque</span> <span class='ocrx_word' id='word_1_463' title='bbox 1912 2918 2062 2969; x_wconf 87' lang='lat' dir='ltr'>nefas</span> <span class='ocrx_word' id='word_1_464' title='bbox 2081 2929 2181 2978; x_wconf 84' lang='lat' dir='ltr'>est,</span> <span class='ocrx_word' id='word_1_465' title='bbox 2204 2919 2516 2970; x_wconf 83' lang='lat' dir='ltr'>antefertur.</span> <span class='ocrx_word' id='word_1_466' title='bbox 2538 2940 2565 2966; x_wconf 72' lang='grc' dir='ltr'><strong>υ</strong></span> 
     </span>
    </p>
   </div>
   <div class='ocr_carea' id='block_1_7' title="bbox 1460 2990 2565 3047">
    <p class='ocr_par' dir='ltr' id='par_1_8' title="bbox 1460 2990 2565 3047">
     <span class='ocr_line' id='line_1_87' title="bbox 1460 2990 2565 3047; baseline -0.001 -7"><span class='ocrx_word' id='word_1_467' title='bbox 1460 3024 1461 3027; x_wconf 55' lang='lat'><em>=</em></span> <span class='ocrx_word' id='word_1_468' title='bbox 1505 2991 1571 3040; x_wconf 91' lang='lat' dir='ltr'>Et</span> <span class='ocrx_word' id='word_1_469' title='bbox 1600 2990 1836 3041; x_wconf 86' lang='lat' dir='ltr'>iterum:</span> <span class='ocrx_word' id='word_1_470' title='bbox 1875 3010 1904 3037; x_wconf 78' lang='grc' dir='ltr'>α</span> <span class='ocrx_word' id='word_1_471' title='bbox 1940 2991 2124 3041; x_wconf 88' lang='lat' dir='ltr'>Gratis</span> <span class='ocrx_word' id='word_1_472' title='bbox 2158 2992 2302 3040; x_wconf 84' lang='lat' dir='ltr'>Deus</span> <span class='ocrx_word' id='word_1_473' title='bbox 2339 3001 2565 3047; x_wconf 88' lang='lat' dir='ltr'>ametur,</span> 
     </span>
    </p>
   </div>
   <div class='ocr_carea' id='block_1_8' title="bbox 1497 3061 2573 3698">
    <p class='ocr_par' dir='ltr' id='par_1_9' title="bbox 1497 3061 2573 3698">
     <span class='ocr_line' id='line_1_88' title="bbox 1502 3061 2567 3129; baseline 0.002 -17"><span class='ocrx_word' id='word_1_474' title='bbox 1502 3072 1562 3112; x_wconf 92' lang='lat' dir='ltr'>ut</span> <span class='ocrx_word' id='word_1_475' title='bbox 1588 3062 1767 3128; x_wconf 86' lang='lat' dir='ltr'>operis</span> <span class='ocrx_word' id='word_1_476' title='bbox 1806 3078 1918 3128; x_wconf 88' lang='lat' dir='ltr'>quo</span> <span class='ocrx_word' id='word_1_477' title='bbox 1951 3062 2030 3113; x_wconf 87' lang='lat' dir='ltr'>illi</span> <span class='ocrx_word' id='word_1_478' title='bbox 2054 3061 2412 3122; x_wconf 86' lang='lat' dir='ltr'>ministratur,</span> <span class='ocrx_word' id='word_1_479' title='bbox 2443 3078 2567 3129; x_wconf 86' lang='lat' dir='ltr'>pre-</span> 
     </span>
     <span class='ocr_line' id='line_1_89' title="bbox 1501 3134 2567 3187; baseline 0.001 -2"><span class='ocrx_word' id='word_1_480' title='bbox 1501 3135 1640 3185; x_wconf 87' lang='lat' dir='ltr'>tium</span> <span class='ocrx_word' id='word_1_481' title='bbox 1675 3135 1747 3185; x_wconf 87' lang='lat' dir='ltr'>sit</span> <span class='ocrx_word' id='word_1_482' title='bbox 1781 3151 1897 3187; x_wconf 67' lang='lat' dir='ltr'>oese</span> <span class='ocrx_word' id='word_1_483' title='bbox 1924 3151 2048 3186; x_wconf 91' lang='lat' dir='ltr'>cum</span> <span class='ocrx_word' id='word_1_484' title='bbox 2085 3134 2199 3185; x_wconf 82' lang='lat' dir='ltr'>illo.</span> <span class='ocrx_word' id='word_1_485' title='bbox 2225 3134 2379 3186; x_wconf 88' lang='lat' dir='ltr'>Nihil</span> <span class='ocrx_word' id='word_1_486' title='bbox 2417 3135 2567 3187; x_wconf 86' lang='lat' dir='ltr'>enim</span> 
     </span>
     <span class='ocr_line' id='line_1_90' title="bbox 1500 3205 2563 3271; baseline 0 -16"><span class='ocrx_word' id='word_1_487' title='bbox 1500 3206 1758 3255; x_wconf 85' lang='lat' dir='ltr'>debemus</span> <span class='ocrx_word' id='word_1_488' title='bbox 1805 3221 1902 3271; x_wconf 88' lang='lat' dir='ltr'>pro</span> <span class='ocrx_word' id='word_1_489' title='bbox 1934 3220 2119 3256; x_wconf 89' lang='lat' dir='ltr'>amore</span> <span class='ocrx_word' id='word_1_490' title='bbox 2142 3205 2267 3255; x_wconf 85' lang='lat' dir='ltr'>Jesu</span> <span class='ocrx_word' id='word_1_491' title='bbox 2307 3220 2563 3270; x_wconf 84' lang='lat' dir='ltr'>quaerere,</span> 
     </span>
     <span class='ocr_line' id='line_1_91' title="bbox 1501 3274 2564 3340; baseline -0.003 -16"><span class='ocrx_word' id='word_1_492' title='bbox 1501 3274 1608 3325; x_wconf 83' lang='lat' dir='ltr'>nisi</span> <span class='ocrx_word' id='word_1_493' title='bbox 1664 3275 1779 3339; x_wconf 81' lang='lat' dir='ltr'>ejus</span> <span class='ocrx_word' id='word_1_494' title='bbox 1820 3289 2041 3325; x_wconf 82' lang='lat' dir='ltr'>suavem</span> <span class='ocrx_word' id='word_1_495' title='bbox 2096 3274 2440 3340; x_wconf 79' lang='lat' dir='ltr'>praesentiam</span> <span class='ocrx_word' id='word_1_496' title='bbox 2476 3292 2491 3324; x_wconf 72' lang='grc' dir='ltr'>ι</span> <span class='ocrx_word' id='word_1_497' title='bbox 2537 3294 2564 3321; x_wconf 69' lang='grc' dir='ltr'>ι</span> 
     </span>
     <span class='ocr_line' id='line_1_92' title="bbox 1500 3345 2573 3413; baseline -0.001 -17"><span class='ocrx_word' id='word_1_498' title='bbox 1500 3346 1615 3396; x_wconf 79' lang='lat' dir='ltr'>haec</span> <span class='ocrx_word' id='word_1_499' title='bbox 1635 3347 1998 3413; x_wconf 74' lang='lat' dir='ltr'>Augustinus·</span> <span class='ocrx_word' id='word_1_500' title='bbox 2023 3345 2179 3396; x_wconf 88' lang='lat' dir='ltr'>Unde</span> <span class='ocrx_word' id='word_1_501' title='bbox 2210 3346 2529 3396; x_wconf 70' lang='lat' dir='ltr'>Ber-nardus</span> <span class='ocrx_word' id='word_1_502' title='bbox 2547 3362 2573 3395; x_wconf 65' lang='lat'>‚0</span> 
     </span>
     <span class='ocr_line' id='line_1_93' title="bbox 1500 3415 2562 3482; baseline 0.004 -20"><span class='ocrx_word' id='word_1_503' title='bbox 1500 3434 1526 3462; x_wconf 88' lang='lat'>«</span> <span class='ocrx_word' id='word_1_504' title='bbox 1558 3417 1681 3466; x_wconf 88' lang='lat' dir='ltr'>Non</span> <span class='ocrx_word' id='word_1_505' title='bbox 1722 3416 1839 3467; x_wconf 87' lang='lat' dir='ltr'>sine</span> <span class='ocrx_word' id='word_1_506' title='bbox 1870 3416 2096 3482; x_wconf 80' lang='lat' dir='ltr'>praemio</span> <span class='ocrx_word' id='word_1_507' title='bbox 2126 3415 2374 3481; x_wconf 85' lang='lat' dir='ltr'>diligitur</span> <span class='ocrx_word' id='word_1_508' title='bbox 2399 3415 2562 3472; x_wconf 87' lang='lat' dir='ltr'>Deus,</span> 
     </span>
     <span class='ocr_line' id='line_1_94' title="bbox 1497 3486 2571 3554; baseline -0.003 -16"><span class='ocrx_word' id='word_1_509' title='bbox 1497 3488 1596 3539; x_wconf 85' lang='lat' dir='ltr'>etsi</span> <span class='ocrx_word' id='word_1_510' title='bbox 1621 3488 1826 3554; x_wconf 78' lang='lat' dir='ltr'>absque</span> <span class='ocrx_word' id='word_1_511' title='bbox 1862 3487 2069 3553; x_wconf 69' lang='lat' dir='ltr'>praemii</span> <span class='ocrx_word' id='word_1_512' title='bbox 2093 3486 2295 3537; x_wconf 89' lang='lat' dir='ltr'>intuitu</span> <span class='ocrx_word' id='word_1_513' title='bbox 2334 3487 2406 3538; x_wconf 85' lang='lat' dir='ltr'>sit</span> <span class='ocrx_word' id='word_1_514' title='bbox 2447 3486 2571 3536; x_wconf 82' lang='lat' dir='ltr'>dili·</span> 
     </span>
     <span class='ocr_line' id='line_1_95' title="bbox 1497 3555 2560 3623; baseline -0.004 -15"><span class='ocrx_word' id='word_1_515' title='bbox 1497 3558 1700 3623; x_wconf 84' lang='lat' dir='ltr'>gendus</span> <span class='ocrx_word' id='word_1_516' title='bbox 1719 3572 1734 3621; x_wconf 93' lang='lat'>;</span> <span class='ocrx_word' id='word_1_517' title='bbox 1759 3572 1918 3608; x_wconf 86' lang='lat' dir='ltr'>verus</span> <span class='ocrx_word' id='word_1_518' title='bbox 1929 3566 2138 3607; x_wconf 88' lang='lat' dir='ltr'>amator</span> <span class='ocrx_word' id='word_1_519' title='bbox 2148 3555 2438 3621; x_wconf 79' lang='lat' dir='ltr'>praemium</span> <span class='ocrx_word' id='word_1_520' title='bbox 2453 3571 2560 3606; x_wconf 90' lang='lat' dir='ltr'>non</span> 
     </span>
     <span class='ocr_line' id='line_1_96' title="bbox 1497 3629 2560 3698; baseline -0.004 -16"><span class='ocrx_word' id='word_1_521' title='bbox 1497 3632 1706 3698; x_wconf 83' lang='lat' dir='ltr'>quaerit,</span> <span class='ocrx_word' id='word_1_522' title='bbox 1748 3631 1841 3682; x_wconf 81' lang='lat' dir='ltr'>sed</span> <span class='ocrx_word' id='word_1_523' title='bbox 1889 3640 2125 3681; x_wconf 84' lang='lat' dir='ltr'>meretur</span> <span class='ocrx_word' id='word_1_524' title='bbox 2158 3646 2172 3680; x_wconf 74' lang='grc' dir='ltr'><strong>ι</strong></span> <span class='ocrx_word' id='word_1_525' title='bbox 2209 3649 2235 3677; x_wconf 75' lang='lat' dir='ltr'>n</span> <span class='ocrx_word' id='word_1_526' title='bbox 2269 3629 2385 3680; x_wconf 76' lang='lat' dir='ltr'>haec</span> <span class='ocrx_word' id='word_1_527' title='bbox 2420 3630 2560 3680; x_wconf 86' lang='lat' dir='ltr'>Ber-</span> 
     </span>
    </p>
   </div>
   <div class='ocr_carea' id='block_1_9' title="bbox 1498 3703 2554 3831">
    <p class='ocr_par' dir='ltr' id='par_1_10' title="bbox 1498 3703 2554 3831">
     <span class='ocr_line' id='line_1_97' title="bbox 1498 3703 1721 3754; baseline -0.009 -1"><span class='ocrx_word' id='word_1_528' title='bbox 1498 3703 1721 3754; x_wconf 79' lang='lat' dir='ltr'>nardus,</span> 
     </span>
     <span class='ocr_line' id='line_1_98' title="bbox 1564 3771 2554 3831; baseline -0.009 -6"><span class='ocrx_word' id='word_1_529' title='bbox 1564 3771 1624 3826; x_wconf 86' lang='lat'>13</span> <span class='ocrx_word' id='word_1_530' title='bbox 1670 3773 2022 3824; x_wconf 65' lang='lat' dir='ltr'>Exaonrxno</span> <span class='ocrx_word' id='word_1_531' title='bbox 2082 3787 2151 3820; x_wconf 67' lang='lat' dir='ltr'>Ax&gt;</span> <span class='ocrx_word' id='word_1_532' title='bbox 2177 3781 2554 3831; x_wconf 20' lang='lat' dir='ltr'>,canan-neu.</span> 
     </span>
    </p>
   </div>
   <div class='ocr_carea' id='block_1_10' title="bbox 1492 3842 2563 3969">
    <p class='ocr_par' dir='ltr' id='par_1_11' title="bbox 1492 3842 2563 3969">
     <span class='ocr_line' id='line_1_99' title="bbox 1492 3842 2556 3909; baseline -0.008 -10"><span class='ocrx_word' id='word_1_533' title='bbox 1492 3876 1557 3885; x_wconf 89' lang='lat'>—</span> <span class='ocrx_word' id='word_1_534' title='bbox 1586 3849 1848 3898; x_wconf 87' lang='lat' dir='ltr'>Amemus</span> <span class='ocrx_word' id='word_1_535' title='bbox 1894 3860 2023 3909; x_wconf 85' lang='lat' dir='ltr'>ergo</span> <span class='ocrx_word' id='word_1_536' title='bbox 2074 3842 2413 3894; x_wconf 84' lang='lat' dir='ltr'>adversarios</span> <span class='ocrx_word' id='word_1_537' title='bbox 2455 3856 2556 3891; x_wconf 88' lang='lat' dir='ltr'>no-</span> 
     </span>
     <span class='ocr_line' id='line_1_100' title="bbox 1493 3910 2563 3969; baseline -0.007 0"><span class='ocrx_word' id='word_1_538' title='bbox 1493 3927 1634 3969; x_wconf 87' lang='lat' dir='ltr'>stros</span> <span class='ocrx_word' id='word_1_539' title='bbox 1681 3927 1734 3967; x_wconf 90' lang='lat' dir='ltr'>et</span> <span class='ocrx_word' id='word_1_540' title='bbox 1759 3914 2122 3966; x_wconf 86' lang='lat' dir='ltr'>nihilominus</span> <span class='ocrx_word' id='word_1_541' title='bbox 2144 3929 2201 3964; x_wconf 87' lang='lat' dir='ltr'>se</span> <span class='ocrx_word' id='word_1_542' title='bbox 2229 3913 2279 3963; x_wconf 91' lang='lat' dir='ltr'>ei</span> <span class='ocrx_word' id='word_1_543' title='bbox 2304 3910 2563 3963; x_wconf 86' lang='lat' dir='ltr'>beneficia</span> 
     </span>
    </p>
   </div>
   <div class='ocr_carea' id='block_1_11' title="bbox 1493 3984 2564 4055">
    <p class='ocr_par' dir='ltr' id='par_1_12' title="bbox 1493 3984 2564 4055">
     <span class='ocr_line' id='line_1_101' title="bbox 1493 3984 2564 4055; baseline -0.011 -15"><span class='ocrx_word' id='word_1_544' title='bbox 1493 4000 1827 4055; x_wconf 79' lang='lat' dir='ltr'>praestemuS,</span> <span class='ocrx_word' id='word_1_545' title='bbox 1868 3996 1930 4037; x_wconf 90' lang='lat' dir='ltr'>ut</span> <span class='ocrx_word' id='word_1_546' title='bbox 1980 3985 2155 4035; x_wconf 86' lang='lat' dir='ltr'>simus</span> <span class='ocrx_word' id='word_1_547' title='bbox 2175 3984 2427 4050; x_wconf 74' lang='lat' dir='ltr'>perfecti,</span> <span class='ocrx_word' id='word_1_548' title='bbox 2460 3995 2564 4049; x_wconf 81' lang='lat' dir='ltr'>pro</span> 
     </span>
    </p>
   </div>
   <div class='ocr_carea' id='block_1_12' title="bbox 1854 4078 1917 4095">
    <p class='ocr_par' dir='ltr' id='par_1_13' title="bbox 1854 4078 1917 4095">
     <span class='ocr_line' id='line_1_102' title="bbox 1854 4078 1917 4095; baseline 0 -14"><span class='ocrx_word' id='word_1_549' title='bbox 1854 4078 1917 4095; x_wconf 30' lang='grc' dir='ltr'>,κῃ</span> 
     </span>
    </p>
   </div>
  </div>
 </body>
</html>
