2784 4452
290 279 463 330 DOM.
498 277 896 329 EXCITATUS
923 277 975 327 A
991 274 1248 341 §OMNO
1282 275 1600 327 IMPERAT
1626 275 1886 326 VENTIS
1919 277 2011 327 ET
2043 277 2237 329 MARI.
2300 278 2407 343 435

163 398 289 448 ideo
318 395 618 462 significata
646 405 728 446 est
753 411 850 460 per
883 406 1064 445 arcam
1099 394 1231 454 Noe,

165 470 298 536 quia
331 469 411 519 illi
443 468 541 535 qui
571 483 692 519 eam
719 469 1074 518 ascenderunt
1111 466 1234 517 fue-

162 549 294 591 runt
328 538 543 602 salvati3
584 539 682 604 qui
723 553 849 589 vero
896 553 1007 587 non
1046 551 1236 586 ascen-

163 612 355 660 derunt
374 647 389 669 ,
449 607 671 658 fuerunt
729 606 1019 658 submersi.
1078 607 1233 656 Tunc

164 693 346 733 autem
382 682 537 732 Jesus
559 681 862 732 naviculam
887 679 1027 730 hanc
1047 693 1238 729 ascen-

165 753 264 815 dit,
294 753 512 818 quando
539 751 666 817 quis
696 750 885 801 salutis
907 765 1021 799 suae
1044 749 1236 799 avidus

168 821 540 889 poenitentiam
577 820 821 880 assumit,
849 829 902 870 et
937 834 1079 885 saepe
1117 834 1240 869 con-

165 894 333 961 tingit
366 894 512 960 quod
553 894 771 959 quando
810 893 935 959 quis
964 891 1237 958 'poeniten-

167 967 303 1017 tiam
351 965 586 1025 inchoat,
632 965 808 1031 gravis
845 964 1067 1014 tentatio
1112 979 1236 1014 eum

170 1039 368 1104 pulsat,
390 1052 487 1087 nec
515 1037 658 1087 Deus
691 1036 871 1101 ipsum
898 1035 1107 1098 liberat,
1144 1034 1238 1084 sed

169 1107 436 1159 auxilium
485 1107 770 1167 subtrahit,
816 1106 936 1156 ideo
969 1119 1240 1156 remi-rere

171 1180 330 1230 debet
371 1178 440 1228 ad
475 1194 602 1229 eum
650 1193 743 1243 per
783 1176 1076 1227 ferventem
1111 1190 1240 1225 ora-

169 1252 395 1311 tionem,
409 1259 463 1300 et
476 1260 586 1300 tam
603 1259 1001 1315 perseveranter
1020 1248 1239 1308 instare,

180 1324 354 1372 donec
393 1322 644 1387 impetret
682 1320 780 1371 Dei
818 1320 1238 1370 miserationem.

175 1391 351 1441 Tanta
375 1400 555 1441 autem
585 1389 753 1455 gratia
777 1405 917 1456 saepe
950 1404 1076 1440 eum
1103 1404 1240 1439 con-

172 1461 437 1528 sequitur,
463 1461 610 1527 quod
625 1461 742 1525 ipse
764 1460 925 1510 etiam
942 1462 1000 1509 in
1019 1459 1243 1509 admira-

175 1533 380 1582 tionem
425 1531 702 1581 excitatur.
731 1531 904 1589 Unde,
944 1530 1242 1580 secundum

177 1603 400 1665 Bedam,
434 1617 560 1651 cum
597 1601 755 1667 signo
781 1600 1078 1651 Dominicae
1109 1615 1243 1650 cru-

172 1674 255 1727 cis
281 1673 478 1724 imbuti
511 1674 752 1725 seculum
784 1672 1087 1739 relinquere
1124 1672 1243 1723 dis-

180 1746 471 1813 ponimus,
531 1761 722 1796 navem
777 1761 902 1796 cum
942 1746 1069 1796 Jesu
1101 1761 1245 1795 con-

175 1816 507 1876 scendimus,
537 1832 686 1866 mare
709 1816 939 1866 transire
965 1832 1244 1868 conamur.

180 1887 287 1947 Qui
322 1886 474 1937 enim
507 1887 783 1951 abnegans
820 1886 1152 1952 impietatem
1191 1896 1248 1937 et

173 1957 437 2008 secularia
477 1957 739 2007 desideria
773 1956 1041 2022 crucifigit
1068 1973 1248 2007 mem-

179 2032 277 2081 bra
307 2044 404 2079 sua
431 2044 559 2078 cum
589 2028 741 2080 vitiis
769 2039 827 2079 et
860 2029 1248 2097 concupiscen-

182 2104 295 2164 tiis,
326 2112 381 2153 et
405 2103 492 2152 cui
519 2101 808 2153 crucifixus
827 2112 907 2153 est
932 2104 1167 2152 mundus
1198 2111 1251 2152 et

179 2175 298 2242 ipse
345 2175 584 2235 mund0,
636 2174 791 2241 quasi
841 2190 964 2225 cum
1016 2174 1251 2225 Domino

178 2262 372 2298 navem
391 2247 703 2307 ascendens,
728 2261 876 2296 mare
904 2246 1069 2311 hujus
1082 2245 1252 2296 seculi

179 2318 410 2369 transire
440 2317 736 2381 desiderat;
765 2318 861 2368 sed
899 2317 1060 2368 nobis
1098 2316 1254 2368 navi-

178 2388 438 2459 gantibus
481 2388 637 2454 quasi
685 2388 824 2438 inter
867 2387 1102 2456 aequoris
1145 2388 1256 2438 fre-

185 2462 359 2513 mitus
398 2462 674 2512 obdormit
710 2460 1000 2524 Dominus,
1037 2460 1257 2527 quando

178 2536 518 2586 crebescente
555 2534 640 2584 vel
688 2533 1098 2583 immundorum
1139 2532 1258 2598 spi-

185 2607 394 2657 rituum
415 2644 430 2670 ,
473 2607 561 2656 vel
601 2605 896 2656 hominum
939 2620 1259 2671 pravorum,

186 2681 272 2731 vel
333 2689 638 2729 nostrarum
697 2679 1088 2746 cogitationum
1147 2678 1261 2728 im-

186 2760 337 2816 petu,
365 2749 496 2799 fidei
537 2751 793 2815 splendor
836 2749 1260 2808 obtenebrescit,

187 2820 308 2887 spei
362 2820 621 2871 celsitudo
669 2820 1013 2881 contabescit,
1059 2820 1265 2871 amoris

190 2890 412 2941 flamma
462 2890 802 2956 refrigescit3
870 2891 965 2941 sed
1019 2899 1150 2941 tunc
1195 2889 1265 2940 ad

192 2964 494 3014 Dominum
563 2979 899 3014 recurramus
925 3001 940 3027 ,
1001 2973 1266 3029 quatenus

192 3043 570 3099 tempestatem
605 3042 923 3099 compescat,
954 3031 1268 3098 tranquilli·
1303 3091 1310 3098 .

192 3114 362 3155 tatem
397 3104 661 3166 refundat,
712 3115 766 3155 et
810 3113 1029 3170 portum
1073 3102 1268 3155 salutis

197 3177 493 3242 indulgeat.
977 3229 981 3234 ,

263 3264 297 3314 7
346 3248 669 3298 Monam-mn
718 3261 887 3298 Trrus
937 3261 1040 3298 nst·
1090 3261 1270 3296 aarum

194 3342 423 3378 muzus.
454 3354 514 3363 —
546 3326 724 3375 Potest
769 3325 932 3376 etiam
965 3323 1120 3375 aliter
1155 3333 1271 3374 tro-

193 3399 448 3467 pologice
483 3414 577 3449 seu
617 3398 892 3449 moraliter
933 3397 1167 3465 exponi,
1210 3406 1273 3447 ut

195 3484 297 3536 per
324 3469 617 3519 naviculam
658 3469 985 3535 intelligatur
1017 3468 1274 3535 quaelibet

194 3540 375 3592 fidelis
416 3541 599 3591 anima

199 3611 487 3677 exponitur
506 3650 519 3672 ,
571 3611 702 3677 quia
749 3613 958 3677 corpori
1003 3612 1270 3673 sociatur3

195 3699 324 3736 vere
373 3686 522 3735 enim
575 3700 771 3751 corpus
834 3695 1076 3736 nostrum
1125 3699 1274 3735 mare

197 3763 305 3816 est,
328 3754 456 3822 quia
476 3756 660 3806 omnia
694 3770 855 3823 oper-a
883 3756 1002 3820 ejus
1025 3754 1274 3805 amaritu-

201 3823 389 3875 dinem
438 3826 640 3876 habent
687 3839 968 3876 annexam.
1018 3825 1083 3876 In
1138 3824 1275 3875 hanc

202 3895 509 3947 naviculam
547 3896 801 3948 Christus
843 3896 1104 3961 ascendit,
1149 3909 1275 3947 cum

635 3558 654 3591 τ
696 3541 812 3592 haec
849 3542 1100 3592 navicula
1135 3539 1273 3590 mari
1315 3596 1319 3599 Α

1343 409 1467 444 eam
1492 410 1587 460 per
1608 393 1836 459 gratiam
1864 394 2151 447 inhabitat.
2180 397 2416 464 Sequun-

1344 472 1434 516 tur
1494 476 1677 516 autem
1730 480 1850 516 eum
1902 467 2176 532 discipuli,
2231 469 2285 518 id
2334 481 2417 521 est

1341 537 1571 589 virtutes
1599 549 1707 589 tres
1738 538 2070 605 theologicae,
2100 550 2153 590 et
2184 552 2415 607 quatuor

1342 609 1655 669 cardinales,
1682 618 1737 659 et
1764 619 1970 674 septem
2003 610 2145 659 dona
2176 612 2413 677 Spiritus

1343 680 1543 730 Sancti.
1588 681 1719 730 Ecce
1761 696 1923 746 quam
1950 681 2177 745 pulchra
2202 683 2409 744 Christi

1342 751 1612 811 comitiva,
1640 766 1764 818 quae
1791 766 1916 800 eum
1957 766 2172 816 semper
2198 753 2413 805 comita·

1344 822 1501 871 batur
1531 831 1583 872 et
1616 821 1874 887 quotidie,
1916 837 2043 872 cum
2080 823 2140 872 in
2172 823 2411 878 animam

1342 895 1556 946 fidelem
1606 895 1919 954 ascenderit,
1963 896 2265 948 comitatur.
2307 899 2413 950 Sed

1344 976 1395 1017 et
1422 967 1561 1017 hanc
1584 967 1882 1016 naviculam
1905 978 2249 1018 commovent
2273 985 2411 1020 ven-

1344 1039 1385 1088 ti
1429 1038 1817 1098 tentationum,
1886 1039 1938 1088 id
1990 1049 2072 1089 est
2123 1040 2413 1092 exteriores

1344 1109 1656 1159 daemonum
1705 1107 2094 1173 impulsiones,
2147 1120 2201 1161 et
2250 1111 2412 1163 undae

1347 1194 1443 1229 seu
1478 1179 1724 1244 procellae
1756 1179 2093 1243 passionum,
2132 1180 2185 1230 id
2222 1191 2303 1231 est
2334 1181 2414 1232 in·

1347 1251 1572 1301 teriores
1619 1251 1928 1302 vexationes
1977 1254 2219 1303 carnales
2239 1293 2251 1313 ‚
2294 1269 2415 1319 quae

1346 1322 1651 1387 frequenter
1680 1321 1969 1386 insurgunt
1991 1322 2077 1387 pie
2107 1323 2162 1371 in
2197 1323 2416 1374 Christo

1346 1391 1691 1454 viventibus;
1756 1401 1809 1441 et
1878 1407 2269 1458 nonnunquam
2336 1404 2419 1445 est

1348 1473 1529 1514 tantus
1566 1463 1924 1514 tentationum
1960 1463 2199 1529 impetus
2219 1505 2232 1525 ,
2271 1467 2421 1532 quod

1349 1534 1533 1586 anima
1588 1534 1745 1601 quasi
1798 1535 2080 1601 operiatur
2123 1536 2417 1602 fluctibus,

1350 1620 1417 1654 ex
1456 1605 1663 1670 quibus
1705 1604 2011 1655 timendum
2060 1616 2142 1655 est
2195 1606 2422 1657 virtutes

1352 1685 1406 1725 et
1468 1676 1612 1726 dona
1670 1674 1956 1741 periclitari
2026 1675 2084 1724 in
2142 1690 2205 1725 ea
2234 1691 2250 1740 3
2326 1676 2421 1726 sed

1351 1746 1608 1796 Christus
1651 1745 1711 1796 in
1751 1761 1817 1796 ea
1860 1745 2061 1795 dormit
2102 1762 2240 1805 ‚cum
2292 1746 2422 1797 talia

1354 1818 1645 1884 permittit,
1688 1833 1757 1869 eo
1800 1819 1951 1885 quod
1993 1834 2187 1868 somno
2238 1828 2421 1869 nostro

1352 1890 1695 1956 consopiatur
1718 1890 1778 1940 in
1802 1890 1982 1948 nobis,
2009 1889 2084 1940 ita
2113 1890 2258 1955 quod
2277 1889 2423 1940 vide-

1354 1971 1445 2010 tur
1489 1975 1602 2011 non
1636 1960 2008 2025 dereliquisse,
2048 1961 2145 2009 sed
2183 1976 2295 2009 non
2340 1968 2424 2010 est

1357 2031 1468 2092 ita,
1517 2030 1630 2081 imo
1685 2029 1805 2096 ipse
1867 2030 2136 2096 promisit,
2189 2030 2380 2080 dicens
2408 2045 2428 2079 ι

1357 2105 1495 2155 Cim
1528 2103 1647 2169 ipso
1679 2118 1798 2154 sum
1834 2104 1892 2154 in
1918 2103 2289 2165 tribulatione,
2328 2112 2429 2153 etc.

1361 2175 1428 2225 Et
1448 2174 1595 2235 ideO,
1629 2174 1884 2224 redeunte
1904 2173 2083 2224 anima
2110 2173 2175 2222 ad
2207 2188 2281 2232 se,
2313 2170 2431 2222 vir·-

1360 2257 1504 2296 tutes
1536 2255 1594 2296 et
1634 2245 1779 2296 dona
1818 2244 2051 2295 excitant
2088 2243 2387 2293 Dominum
2408 2279 2426 2303 ,

1361 2318 1719 2369 exclamantes
1750 2331 1883 2367 voce
1916 2316 2124 2382 gxandi,
2163 2325 2216 2365 et
2251 2315 2435 2364 dicen·

1363 2401 1444 2441 tes
1468 2407 1488 2441 2
1513 2389 1759 2453 Domine,
1802 2389 1962 2439 salva
2009 2403 2123 2450 nos,
2159 2387 2435 2454 per-imum

1364 2474 1497 2513 tunc
1519 2460 1770 2513 Christus
1796 2476 2021 2511 omnem
2048 2457 2436 2509 turbulentiam

1361 2536 1535 2596 sedat,
1570 2534 1866 2585 exteriores
1901 2542 2090 2584 ventos
2125 2533 2441 2582 daemonum

1363 2606 1696 2672 compescit,
1767 2604 1963 2654 fluctus
2010 2603 2192 2654 carnis
2254 2612 2441 2652 contra

1363 2678 1610 2728 animam
1641 2691 1698 2727 se
1727 2675 1984 2741 erigentis
2012 2673 2252 2739 mitigat,
2285 2683 2337 2722 et
2360 2672 2444 2723 sic

1356 2749 1435 2814 fit
1481 2761 1690 2813 magna
1738 2745 2110 2810 tranquillitas
2158 2742 2395 2794 exterius
2420 2779 2440 2803 ,

1371 2834 1496 2869 cum
1516 2815 1797 2869 tribulatio
1820 2826 1878 2866 et
1900 2814 2123 2865 tentatio
2150 2823 2336 2873 cessat,
2357 2812 2446 2862 vel

1371 2889 1604 2941 interius
1625 2926 1641 2951 ,
1694 2903 1823 2938 cum
1870 2885 2188 2954 patientiam
2245 2885 2443 2934 bonam

1375 2972 1623 3029 praestat3
1658 2971 1716 3012 et
1740 2961 1855 3011 haec
1877 2958 2241 3025 tranquillitas
2267 2956 2444 3006 virtu-

1376 3036 1450 3086 tis
1498 3034 1694 3084 melior
1738 3043 1824 3085 est
1875 3047 2041 3098 quam
2092 3027 2448 3094 tranquillitas

1378 3106 1692 3174 corporalis,
1722 3105 1866 3156 sicut
1888 3104 2094 3154 dictum
2116 3101 2220 3151 fuit
2242 3100 2404 3149 Paulo
2420 3113 2444 3148 ε

1375 3180 1592 3249 Sufficit
1640 3179 1738 3229 tibi
1793 3178 1985 3244 gratia
2035 3189 2150 3225 mea
2164 3189 2186 3234 ς
2232 3181 2448 3237 propter

1374 3254 1525 3320 quod
1589 3250 1876 3316 subjunxit
1918 3267 1936 3300 .·
1977 3247 2225 3298 libenter
2270 3243 2449 3309 igitur

1376 3323 1663 3391 gloriabor
1688 3323 1747 3372 in
1773 3316 2176 3389 infirmitatibus
2198 3314 2348 3374 meir,
2391 3318 2451 3362 ut

1380 3397 1640 3448 inhabitet
1662 3395 1717 3445 in
1739 3408 1827 3445 me
1846 3392 2017 3444 virtus
2048 3386 2274 3438 Christi.
2311 3385 2450 3435 Tam

1377 3481 1583 3534 magna
1631 3474 1810 3516 autem
1825 3462 1902 3529 fit
1940 3457 2326 3525 tranquillitas,
2377 3454 2453 3504 ita

1377 3549 1442 3590 ut
1466 3539 1585 3606 ipse
1608 3545 1757 3587 totus
1782 3534 1951 3584 homo
1994 3531 2239 3587 miretur,
2276 3536 2329 3576 et
2362 3524 2452 3575 di-

1377 3618 1466 3660 cat
1512 3625 1529 3659 z
1580 3607 1780 3669 Qualis
1835 3608 1919 3653 est
1965 3600 2084 3662 hic,
2146 3595 2454 3647 misericor.-

1377 3680 1640 3732 dissimus
1664 3716 1682 3740 ,
1757 3672 2165 3744 potentissimus
2234 3677 2290 3717 et
2360 3680 2452 3715 sa·-

1379 3751 1754 3818 pientissimus
1798 3744 2092 3805 Dominus3
2137 3739 2263 3806 quia
2302 3739 2453 3785 niam

1377 3828 1434 3873 et
1492 3821 1634 3873 venti
1698 3816 2059 3868 tentationum
2120 3821 2175 3861 et
2242 3821 2454 3886 passio-—

1381 3908 1518 3945 num
1544 3889 1796 3944 obediunt
1829 3886 1898 3951 ei,
1939 3885 2006 3936 ad
2048 3880 2276 3934 nutum?
2303 3876 2452 3937 Quid
