2784 4452
468 277 573 342 466
1275 272 1489 325 moex
1519 271 1855 325 mni-um.

595 522 831 574 CAPUT
862 518 1078 571 xxxv.
1107 548 1169 558 -
1193 480 1476 570 smmis
1507 518 1561 569 tn
1592 525 1765 568 monte
1796 520 2120 572 contemtio
2161 522 2290 576 :oe
2315 523 2593 588 pacatam·

976 615 1030 660 et
1058 608 1317 674 largitate
1344 607 1492 659 circa
1513 606 1829 673 proximum
1857 609 2174 660 exhibenda.

512 798 529 830 1
563 781 672 831 Lex
699 780 914 831 talionis
933 778 1076 845 apud
1102 777 1334 829 Judaeos.
1432 775 1533 827 332
1703 779 2000 829 mex-udatur.
2612 783 2736 835 338

508 866 536 898 2
570 852 693 913 Quo
748 866 914 901 sensu
949 849 1164 899 maxilla
1215 849 1379 899 altera
1670 867 1707 918 9
1733 851 1852 900 Non
1881 848 2082 901 sufficit
2116 850 2331 902 dilectio
2355 853 2554 916 cordiS,

535 920 850 986 percutienti
881 917 1191 985 praebenda?
1433 917 1532 968 333
1703 921 1997 973 necessaria
2038 933 2119 973 est
2170 922 2389 990 insuper
2416 942 2557 992 ope·

507 992 533 1043 3
577 994 696 1052 Quo
726 993 885 1043 etiam
917 1007 1079 1042 sensu
1099 1008 1216 1042 non
1247 1007 1383 1040 con·
1700 996 1777 1045 ris
1799 993 2083 1046 exhibitio,
2602 1000 2733 1069 339

529 1065 865 1115 tendendum
910 1064 998 1127 sit,
1024 1064 1117 1114 sed
1154 1063 1380 1131 pallium
1650 1082 1711 1116 10
1760 1066 2089 1131 Exemplum
2135 1067 2459 1118 sumendum
2517 1084 2559 1119 a

532 1137 805 1189 dandum?
1433 1136 1538 1202 334
1708 1138 1857 1188 Patre
1897 1135 2095 1187 coelesti
2140 1139 2356 1203 pluente
2395 1156 2560 1206 super

504 1223 539 1272 4
592 1206 736 1267 Quid
784 1207 855 1256 sit
887 1205 1119 1272 angaria.
1169 1216 1226 1259 et
1269 1223 1383 1276 quo
1701 1209 1874 1275 justos
1895 1218 1950 1259 et
1971 1220 2218 1273 :mustos
2606 1210 2732 1277 340

533 1295 693 1331 sensu
717 1278 1029 1330 subeunda?
1428 1279 1534 1331 335
1652 1295 1669 1328 1
1686 1294 1706 1329 1
1741 1277 2081 1329 Christiani
2069 1296 2125 1328 m
2152 1280 2437 1330 dilectione
2457 1295 2557 1345 pu-

507 1352 533 1402 5
558 1351 769 1416 Iniuriae
789 1350 1154 1401 condonandae
1171 1350 1380 1401 nullum
1706 1348 1934 1399 blicanis
1958 1359 2013 1401 et
2049 1350 2284 1401 ethnicis
2308 1362 2559 1416 praestaxe

532 1438 702 1489 genus
744 1422 802 1473 in
845 1422 1133 1488 Evangelio
1176 1438 1384 1493 praeggs·
1702 1421 1918 1470 debent.
2088 1464 2091 1467 .
2596 1421 2714 1488 34¹

531 1495 781 1545 missum.
1331 1542 1338 1549 ,
1431 1491 1535 1545 336
1652 1508 1712 1543 12
1763 1491 2073 1543 Differentia
2124 1492 2266 1544 inter
2310 1493 2556 1544 amofflem

503 1565 535 1615 6
560 1565 804 1632 Largitas
832 1564 1035 1630 petenti
1057 1564 1377 1621 exhibenda.
1426 1565 1533 1617 336
1706 1563 1802 1631 qui
1866 1565 2102 1629 procedit
2147 1580 2176 1614 a
2231 1574 2445 1625 natura,
2502 1575 2558 1616 et

504 1653 534 1702 7
592 1638 953 1702 Mutuumque
1007 1650 1118 1686 non
1172 1650 1376 1701 negm-
1696 1651 1943 1688 morem
1969 1637 2064 1704 qui
2086 1637 2328 1689 nascitur
2353 1653 2420 1688 ex
2444 1654 2560 1705 gra·

531 1706 679 1757 dum.
1424 1706 1531 1774 337
1590 1640 1600 1827 Ι
1706 1708 1797 1758 tia.
2604 1709 2727 1774 342

502 1775 533 1825 8
575 1775 804 1826 Dilectio
843 1774 1190 1826 inimicorum
1221 1791 1379 1827 ‚com-
1652 1778 1710 1830 13
1738 1778 2057 1830 Exhortatio
2077 1779 2143 1829 ad
2165 1777 2456 1830 caritaoem.
2604 1778 2729 1844 342

635 1997 871 2049 CAPUT
898 1999 1139 2050 xxxvl.
1171 2025 1236 2039 --
1263 1999 1553 2053 Sermonis
1582 2003 1638 2052 in
1665 2008 1841 2053 monte
1866 2001 2198 2052 εωιέῑηιιατίο
2218 2017 2244 2051 .-
2271 2001 2357 2051 De
2380 2000 2548 2051 lande

956 2086 1195 2138 humana
1228 2088 1288 2139 in
1319 2088 1475 2140 bouis
1502 2091 1752 2157 operibus
1781 2105 1885 2142 non
1912 2090 2221 2157 quaerenda.

509 2282 528 2315 1
583 2265 787 2315 Merces
833 2264 1104 2315 bonorum
1159 2279 1381 2332 operum
1679 2286 1716 2334 4
1741 2269 1822 2319 De
1846 2267 2087 2319 oratione
2106 2278 2157 2318 et
2180 2267 2369 2319 orandi
2389 2268 2575 2320 modo.
2613 2266 2725 2333 345

531 2336 678 2386 unde
708 2334 963 2400 petenda?
1433 2334 1532 2401 343
1680 2340 1707 2390 5
1734 2342 1810 2390 De
1829 2339 2028 2405 jejunio
2052 2350 2104 2389 et
2124 2339 2398 2406 quomodo
2423 2339 2566 2389 chri-

507 2422 536 2455 2
566 2405 827 2470 Triplicis·
842 2404 1050 2472 generis
1077 2415 1205 2456 sunt
1226 2421 1385 2472 opera
1708 2410 1881 2462 stiane
1907 2410 2246 2475 jejunandum
2266 2419 2366 2459 est.
2614 2410 2729 2477 347

532 2478 691 2528 bona.
1416 2477 1540 2544 '344
1576 2489 1579 2492 ·
1675 2479 1713 2529 6
1760 2481 1905 2531 Laus
1962 2482 2201 2531 hnmana
2270 2480 2562 2547 inanisque

509 2550 536 2599 3
568 2551 644 2600 De
668 2551 1006 2616 eleemosyna
1030 2560 1090 2601 et
1109 2551 1385 2618 quomodo
1710 2554 1887 2620 gloria
1909 2554 1974 2605 in
1994 2553 2255 2604 omnibus
2277 2553 2527 2604 vitandae.
2618 2553 2730 2621 349

534 2621 786 2673 facienda.
896 2654 902 2661 ·
1427 2622 1539 2688 344
1583 2658 1588 2662 -

785 2843 1024 2895 CAPUT
1052 2845 1322 2896 XXXVII.
1354 2872 1415 2882 -—-
1438 2843 1724 2896 Ser-manis
1751 2845 1812 2894 in
1840 2851 2014 2896 monte
2038 2843 2365 2896 continuatio
2382 2861 2404 2894 .-

1233 2934 1328 2984 .De
1349 2932 1600 2984 ‹nr-atione
1625 2931 1930 2985 Don'inica.

511 3128 529 3161 1
567 3110 842 3162 Orationis
875 3109 1173 3164 Dominicae
1201 3115 1375 3166 excel-
1683 3131 1715 3181 7
1753 3113 1951 3172 Quarta
1974 3109 2186 3192 petitio.
2616 3108 2735 3175 354

529 3185 717 3238 lentia.
1433 3187 1538 3240 350
1679 3186 1712 3235 8
1744 3183 1945 3243 Quinta
1974 3181 2178 3246 petitio.
2616 3178 2730 3231 355

505 3272 535 3306 2
561 3257 695 3321 Ejus
721 3255 980 3322 praefati0‚
1028 3274 1135 3323 qua
1161 3258 1384 3311 benevo·
1677 3270 1712 3322 9
1742 3257 1902 3304 Sexta
1918 3250 2134 3318 petitio.
2612 3250 2733 3303 356

532 3328 752 3379 lentiam
799 3328 896 3378 Dei
954 3339 1228 3394 captamus
1255 3348 1382 3383 eum
1655 3341 1716 3375 10
1750 3323 1989 3390 Septima
2007 3321 2219 3388 petitio.
2612 3319 2731 3388 357

532 3399 866 3450 nominando
899 3400 1127 3449 Patrem.
1430 3400 1532 3454 351
1653 3414 1708 3449 11
1742 3396 2032 3449 Conclusio
2070 3391 2329 3445 orationis
2364 3393 2565 3445 Domi-

508 3467 535 3519 3
587 3471 713 3530 Quo
752 3486 915 3521 sensu
964 3469 1230 3523 audienda
1267 3470 1389 3525 haec
1708 3486 1840 3521 mcae
1864 3485 1957 3536 per
1977 3470 2203 3521 verbum
2225 3471 2414 3519 Amen.
2610 3468 2728 3519 358
2776 3473 2784 3514 ε

533 3557 677 3593 vox:
712 3541 824 3603 Qut·
854 3557 912 3593 es
942 3541 993 3591 ”n
1022 3540 1223 3593 coelis‘?
1433 3542 1539 3598 352
1656 3558 1717 3593 12
1755 3540 2047 3592 petitiones
2072 3556 2109 3591 a
2138 3541 2283 3591 Luca
2304 3539 2542 3591 omissae.
2616 3538 2730 3593 358

503 3627 541 3677 4
586 3611 770 3664 Prima
802 3624 916 3665 orat
975 3614 1060 3665 nis
1085 3614 1387 3670 Dominicae
1655 3612 1714 3666 13
1750 3611 2150 3663 Advertendum
2179 3610 2364 3677 quod
2351 3627 2408 3660 in
2446 3626 2567 3661 ora-

531 3683 739 3749 petitio.
1437 3687 1539 3740 352
1707 3682 1853 3734 tione
1876 3697 1972 3734 sua
1995 3681 2306 3750 ignoscendi
2335 3683 2567 3734 necessi·

509 3751 540 3803 5
570 3753 819 3804 Secunda
842 3754 1045 3820 petitio.
1432 3757 1539 3809 353
1709 3763 1871 3804 tatem
1950 3753 2247 3821 praesertim
2314 3754 2568 3844 ostendet

500 3821 537 3872 6
558 3822 740 3875 Tertia
757 3825 968 3890 petitio.
1430 3828 1540 3893 354
1701 3828 1995 3881 'Dominus-
2616 3826 2736 3896 359
