2784 4452
422 334 536 386 338-

416 460 662 502 tenemur
685 446 838 496 omni
869 444 1069 511 petenti
1097 442 1274 509 egenti
1297 441 1485 492 subve-

420 522 551 585 nire‚
573 520 735 571 etiam
775 516 1018 577 inimic0,
1043 515 1090 565 si
1128 512 1345 580 perfecti
1388 527 1484 561 su-

416 607 579 655 mus;
628 590 675 640 si
725 586 1052 654 imperfecti,
1101 601 1211 635 non
1267 583 1370 632 nisi
1424 582 1482 631 in

414 676 628 713 summa
664 657 977 709 necessitate
1014 670 1130 706 esse
1165 653 1479 704 viderimus,

415 732 571 784 Unde
616 730 1037 796 Chrysostomus
1062 742 1081 775 .·
1107 743 1135 771 ιι
1164 723 1222 773 Si
1262 721 1484 772 miseri-

412 802 648 854 cordiam
699 798 1067 866 postulamur,
1096 793 1242 861 quod
1282 808 1480 859 possu-

413 887 554 938 mus,
604 871 914 937 largiamur,
950 876 1012 918 ut
1042 866 1145 932 ipsi
1184 866 1238 914 id
1274 864 1420 930 quod
1451 879 1480 913 a

412 945 524 996 Deo
573 941 834 1009 petimus,
883 937 1209 1004 praecedente
1255 934 1478 995 merite,

411 1016 622 1069 facilius
646 1015 932 1079 impetrare
962 1009 1252 1078 possimus.
1274 1009 1479 1058 Verum

412 1088 460 1139 si
491 1102 584 1138 eos
614 1085 709 1152 qui
748 1098 849 1133 nos
878 1092 1068 1149 petunt
1099 1078 1477 1146 despiciamuS,

412 1173 519 1225 qua
541 1155 736 1206 fiducia
762 1155 935 1204 Deum
964 1152 1140 1212 nobis,
1161 1150 1308 1218 quod
1338 1149 1479 1214 peti-

411 1245 553 1288 mus,
593 1235 841 1293 praestare
882 1222 1188 1275 credimus?
1219 1222 1481 1273 Jubemur

412 1301 561 1350 enim
590 1313 684 1364 per
712 1296 914 1356 omnia,
946 1294 1264 1361 religionem
1305 1292 1480 1359 pieta-

408 1374 536 1425 tatis
556 1388 615 1424 ac
646 1371 770 1422 fidei
803 1369 1090 1429 custodire,
1113 1378 1174 1419 ut
1201 1367 1481 1419 necessita·

409 1455 522 1498 tem
584 1441 951 1495 tribulationis
1006 1440 1228 1491 alterius
1247 1478 1262 1502 ,
1323 1438 1478 1505 quasi

406 1514 702 1586 propriam,
739 1521 1147 1579 computemus;
1182 1526 1278 1561 nec
1307 1509 1480 1576 pluris

409 1587 733 1645 facultatem,
756 1599 919 1652 quam
948 1582 1167 1633 fratrem
1200 1581 1478 1641 faciamuS,

407 1664 770 1723 exspectantes
788 1654 1088 1704 mercedem
1108 1652 1482 1703 retributionis

407 1739 617 1780 aeternae
659 1744 672 1777 z
713 1747 740 1774 n
779 1726 895 1777 haec
932 1725 1372 1794 chrysostomus
1407 1724 1480 1773 Et

410 1814 520 1849 non
544 1798 720 1847 solum
741 1797 807 1846 de
827 1795 1181 1861 eleemosynis
1205 1794 1308 1844 hoc
1331 1794 1482 1845 intel-

406 1869 685 1936 ligendum
736 1876 841 1927 est,
883 1867 976 1917 sed
1021 1876 1076 1916 et
1106 1865 1329 1932 pecunia
1358 1882 1480 1931 quae

407 1955 688 2007 nunquam
717 1938 916 1999 deficit,
942 1937 996 1988 id
1021 1946 1102 1988 est
1128 1937 1195 1987 de
1216 1936 1481 2002 sapientia

410 2022 462 2064 et
507 2011 784 2071 doctrina,
823 2024 945 2076 quae
996 2025 1107 2059 non
1151 2017 1234 2058 est
1278 2008 1478 2075 petenti

409 2082 749 2148 deneganda;
780 2079 1041 2147 quoniam
1072 2093 1291 2129 avarum
1322 2079 1480 2128 dedi-

409 2162 604 2220 gnatur
666 2165 1030 2218 possessorem
1055 2187 1069 2209 ,
1113 2159 1167 2200 et
1225 2149 1285 2199 in
1343 2148 1480 2199 alios

411 2222 671 2274 translata
703 2219 909 2280 crescit,
928 2229 981 2270 et
1015 2219 1191 2287 magis
1221 2220 1363 2271 ditat
1384 2237 1483 2271 au-

406 2306 626 2346 ctorem.
655 2293 802 2360 Ergo
842 2291 1042 2360 petenti
1073 2306 1213 2353 earn,
1236 2307 1335 2358 pro
1366 2292 1479 2342 Deo

404 2365 722 2425 distribuas,
761 2371 815 2413 et
843 2361 1044 2413 volenti
1088 2378 1206 2413 earn
1242 2362 1477 2412 mutuari

406 2452 436 2488 a
467 2445 534 2496 te,
557 2445 615 2486 ut
656 2435 791 2485 alios
828 2434 1030 2499 doceat,
1072 2448 1142 2485 ne
1186 2434 1474 2499 avertaris3

406 2509 534 2575 quia
560 2509 705 2575 quod
734 2507 870 2558 alios
910 2517 1104 2573 praeter
1146 2516 1199 2558 te
1243 2509 1474 2572 docebit,

403 2578 502 2630 tibi
556 2579 806 2630 reddetur
859 2592 892 2629 a
941 2578 1055 2628 Deo
1101 2593 1222 2628 cum
1272 2578 1477 2630 foenore

407 2652 599 2702 multo,
632 2652 870 2717 Utraque
894 2666 1028 2719 ergo
1060 2652 1303 2717 pecunia,
1331 2652 1477 2702 scili-

405 2732 485 2772 cet
547 2722 836 2787 corporalis
910 2732 965 2772 et
1023 2721 1341 2787 spiritualiS‚
1395 2733 1476 2773 est

406 2794 822 2855 commodanda,
872 2793 966 2843 sed
1021 2792 1315 2843 materialis
1355 2793 1476 2845 sine

403 2880 587 2924 usura,
609 2863 905 2931 spiritualis
929 2880 1053 2914 cum
1071 2880 1253 2915 usura.
1268 2865 1476 2917 Deinde

405 2935 683 3002 sequitur:
708 2936 785 2985 Et
802 2936 895 3002 qui
915 2935 1103 3002 aufert
1118 2935 1215 2987 tibi
1238 2949 1357 3004 quae
1380 2943 1474 2988 tua

405 3013 544 3079 sunt,
567 3007 679 3058 sive
708 3008 1009 3073 pecuniam,
1029 3007 1140 3059 sive
1159 3024 1273 3060 rem
1291 3010 1473 3073 aliam,

405 3095 471 3132 ne
514 3087 743 3148 repetas,
784 3080 985 3132 scilicet
1033 3081 1093 3132 in
1139 3083 1368 3151 judicio,
1415 3100 1476 3135 ac

402 3169 527 3205 cum
560 3152 655 3203 lite
691 3162 746 3204 et
783 3154 1144 3206 contentione.
1167 3155 1290 3207 Non
1324 3157 1473 3209 enim

402 3224 531 3276 licet
557 3223 714 3274 alicui
749 3239 862 3273 rem
899 3223 956 3274 in
985 3225 1184 3289 judicio
1216 3236 1472 3293 repetere,

403 3296 618 3347 turbato
650 3295 853 3354 anime,
881 3304 934 3346 et
955 3311 1020 3347 ex
1042 3297 1121 3348 ira
1147 3306 1201 3350 et
1225 3315 1476 3353 commo-

406 3368 572 3431 tione,
598 3383 657 3418 ac
690 3383 784 3434 per
814 3367 1180 3421 inordinatum
1221 3371 1473 3425 affectum

404 3439 652 3491 vindicta:
689 3439 871 3506 potius
906 3455 1068 3506 quam
1106 3443 1171 3491 ad
1213 3445 1473 3497 emenda-

404 3509 612 3561 tionem
656 3510 1055 3577 delinquentis3
1085 3514 1169 3564 vel
1200 3530 1265 3567 ex
1292 3516 1471 3567 avari-

403 3580 494 3640 tia,
517 3595 622 3646 qua
648 3580 821 3648 magis
839 3581 955 3633 vult
982 3597 1103 3634 cum
1127 3583 1325 3650 jactura
1349 3602 1472 3652 pro-

400 3649 535 3701 ximi
569 3650 702 3701 bene
733 3666 789 3701 se
819 3652 1032 3703 habere.

465 3718 499 3770 8
530 3719 786 3774 Duum-10
816 3738 1130 3776 immcontm
1156 3739 1467 3779 coum-,mu-

401 3804 528 3841 τοι.
569 3819 630 3828 -
674 3792 739 3842 Et
790 3794 917 3859 quia
973 3795 1155 3845 docuit
1198 3797 1468 3851 Dominus

403 3861 656 3926 injuriam
694 3863 1046 3920 inferentibus
1087 3886 1195 3919 non
1230 3886 1344 3922 esse
1377 3889 1466 3926 re-

402 3930 722 3995 sistendum,
740 3938 829 3987 sed
852 3940 1002 4004 plura
1022 3941 1331 4006 perferenda
1349 3961 1465 3998 esse

1029 329 1271 379 PRIMAE
1305 325 1557 377 PARTIS
1588 325 1825 380 CAPUT
1853 331 2063 381 XXXV.

1588 453 1861 509 paratum,
1891 456 2280 512 consequenter
2321 448 2477 498 docet
2510 447 2647 513 inju-

1586 514 1722 564 riam
1788 515 2173 576 inferentibuS,
2231 517 2648 583 impendendum

1586 600 1703 635 esse
1727 586 2004 637 charitatis
2033 587 2279 637 affectum
2313 588 2477 638 simul
2498 598 2552 638 et
2571 588 2649 638 ef-

1586 654 1803 706 fectum.
1857 656 1996 717 Quia
2041 657 2189 706 enim
2233 672 2394 722 opera
2434 658 2647 723 justitiae

1586 727 1917 779 infructuosa
1940 739 2069 779 sunt
2091 729 2209 780 sine
2235 730 2512 796 charitate,
2534 731 2647 781 ideo

1584 801 1733 850 addit
1766 802 1833 852 de
1870 802 2144 852 charitatis
2202 803 2563 869 perfectione,
2599 815 2648 854 et

1585 871 1678 920 dat
1700 871 2028 923 intellectum
2058 874 2305 940 praecepti
2330 874 2398 922 de
2418 874 2648 925 dilectio-

1583 959 1653 993 ne
1676 945 1929 1011 proximi,
1956 946 2015 996 in
2047 962 2156 1014 quo
2181 947 2434 997 errabant
2460 947 2645 998 Judaei.

1582 1014 1666 1064 Ex
1704 1014 1808 1066 hoc
1844 1017 1990 1067 enim
2033 1018 2180 1083 quod
2220 1027 2546 1083 praeceptum
2573 1029 2648 1069 est

1583 1087 1639 1136 in
1674 1087 1847 1155 Lege,
1890 1089 2084 1156 diliges
2137 1090 2447 1156 proximum
2495 1099 2647 1141 tuum

1582 1158 1721 1209 sicut
1758 1159 2019 1225 teipsum;
2050 1170 2106 1210 et
2139 1161 2283 1227 quod
2312 1160 2512 1210 iterum
2541 1160 2645 1211 ibi-

1582 1230 1704 1280 dem
1734 1229 1932 1280 dicitur
1955 1230 2209 1297 :Diliges
2229 1231 2457 1282 amicum
2485 1237 2644 1295 tuum,

1570 1302 1878 1368 arguebant
1903 1316 1934 1350 a
1961 1301 2231 1353 contrario
2281 1317 2465 1365 sensu,
2504 1303 2646 1367 quod

1582 1372 1849 1422 debebant
1885 1371 2036 1422 odire
2062 1372 2383 1434 inimicum;
2418 1373 2513 1422 sed
2549 1373 2649 1423 hoc

1583 1452 1667 1494 πῖ
1699 1441 1894 1492 falsum
1916 1480 1930 1502 ,
1973 1442 2102 1507 quia
2152 1442 2333 1492 omnis
2381 1442 2552 1492 homo
2586 1458 2645 1493 ex

1584 1513 1842 1564 charitate
1858 1511 2165 1578 diligendus
2191 1522 2289 1572 est,
2312 1512 2365 1562 in
2384 1522 2646 1578 quantum

1583 1586 1650 1637 ad
1709 1583 2001 1650 imaginem
2063 1584 2162 1634 Dei
2212 1593 2326 1646 est,
2373 1594 2428 1633 et
2489 1600 2646 1650 capax

1584 1655 1775 1722 ipsius,
1797 1670 1891 1722 per
1913 1654 2280 1720 cognitionem
2308 1663 2362 1704 et
2388 1669 2643 1704 amorem.

1583 1727 1727 1778 Dicit
1772 1742 1900 1791 ergo
1930 1743 1945 1776 ε
1981 1726 2232 1777 Audistis
2277 1727 2406 1792 quia
2455 1726 2645 1776 dictum

1585 1806 1667 1851 est
1720 1799 1775 1852 in
1822 1799 1974 1868 Lege
2014 1816 2033 1850 .·
2077 1799 2297 1865 Diliges
2336 1799 2645 1864 proximum

1585 1876 1748 1934 tuum,
1785 1880 1839 1921 et
1866 1869 2057 1920 affectu
2085 1869 2162 1919 sic
2193 1869 2329 1934 ligat
2350 1884 2566 1930 omnes,
2598 1878 2645 1919 et

1584 1940 1770 1991 effectu
1794 1936 1873 1991 sic
1892 1940 2026 2007 ligat
2053 1939 2311 2006 perfectos
2340 1955 2440 2005 pro
2464 1941 2584 1991 loco
2599 1950 2645 1991 et

1582 2022 1822 2080 tempore
1851 2027 1868 2061 z
1898 2017 1949 2062 et
1977 2010 2100 2060 odio
2128 2009 2346 2060 habebis
2383 2010 2646 2061 inimicum

1584 2090 1760 2147 tuum,·
1785 2083 1889 2133 hoc
1921 2090 2100 2132 autem
2137 2080 2395 2131 ultimum
2427 2096 2539 2131 non
2573 2091 2646 2133 est

1581 2154 1845 2220 scriptum
1885 2151 1944 2203 in
1987 2153 2145 2218 Lege,
2184 2152 2276 2202 sed
2312 2160 2396 2202 est
2432 2152 2646 2202 traditio

1583 2225 1911 2284 Scribarum,
1942 2223 2037 2289 qui
2066 2222 2170 2273 hoc
2201 2222 2486 2284 addebant,
2507 2233 2563 2273 et
2586 2239 2646 2274 ex

1580 2296 1702 2346 aliis
1735 2294 1949 2361 scriptis
1979 2294 2200 2353 ibidem,
2222 2302 2285 2343 ut
2315 2293 2526 2344 dictum
2551 2303 2643 2353 est,

1580 2366 1915 2432 colligebant.
1940 2365 2042 2416 Vel
2073 2365 2118 2414 si
2154 2364 2351 2415 alicubi
2384 2364 2644 2429 scriptum

1578 2440 1810 2504 dicatur,
1849 2448 1994 2503 tunc,
2037 2437 2337 2488 secundum
2376 2438 2646 2502 Augusti-

1581 2526 1721 2574 num,
1754 2526 1866 2560 non
1903 2525 2007 2560 vox
2041 2508 2277 2574 jubentis
2313 2508 2459 2572 justo
2508 2507 2645 2558 acci-

1580 2582 1777 2649 pienda
1796 2592 1894 2645 est,
1907 2581 1998 2631 sed
2019 2578 2382 2647 permittentis
2406 2577 2644 2629 infirmo.

1578 2654 1710 2720 Ego
1749 2660 1926 2703 autem
1972 2652 2093 2703 dico
2146 2651 2297 2701 vobis
2340 2668 2358 2700 .-
2392 2650 2644 2715 Diligite,

1556 2725 1780 2775 scilicet
1804 2724 2012 2784 affectu,
2034 2723 2276 2774 inimicos
2298 2729 2528 2786 vestr-ox,
2556 2723 2646 2772 ho-

1578 2796 1757 2846 mines
1791 2795 2013 2854 scilicet,
2041 2810 2152 2845 non
2183 2793 2339 2858 vitia3
2376 2802 2645 2852 naturam,

1580 2883 1691 2918 non
1713 2868 1944 2934 culpam.
1966 2866 2123 2926 Quia,
2139 2866 2439 2916 secundum
2457 2867 2648 2931 Augu·

1576 2940 1793 3001 stiuam,
1813 2937 1893 2988 sic
1913 2936 2173 3003 diligendi
2204 2946 2331 2987 sunt
2371 2936 2646 2995 homineS,

1575 3019 1640 3061 ut
1684 3024 1872 3061 eorum
1923 3023 2033 3058 non
2077 3007 2368 3074 diligantur
2418 3022 2647 3057 errores.

1576 3080 1813 3149 Diligere
1856 3078 2117 3129 debemus
2173 3076 2458 3141 inimicos,
2507 3079 2650 3128 bona

1577 3154 1763 3223 gratiae
1779 3162 1836 3204 et
1854 3151 2040 3221 gloriae
2064 3150 2145 3201 eis
2167 3149 2423 3216 optando,
2445 3150 2651 3216 quibus

1578 3229 1745 3280 homo
1769 3243 1881 3279 non
1904 3234 2082 3295 potest
2104 3225 2185 3275 uti
2206 3224 2375 3287 male3
2397 3224 2504 3275 alia
2522 3238 2650 3274 veno

1578 3301 1737 3366 bona,
1777 3299 1981 3350 scilicet
2026 3306 2249 3359 naturae,
2278 3297 2361 3346 vel
2388 3295 2649 3359 fortunae,

1577 3387 1687 3423 non
1718 3378 1847 3422 sunt
1877 3368 1955 3420 eis
1991 3369 2243 3434 optanda,
2269 3366 2376 3417 nisi
2409 3368 2648 3433 quadam

1575 3442 1939 3513 generalitate,
1962 3441 2021 3492 in
2051 3449 2316 3508 quantum
2359 3440 2546 3490 valent
2582 3439 2647 3489 ad

1573 3515 1803 3566 salutem
1840 3526 2046 3571 eorum,
2088 3511 2234 3577 quod
2269 3510 2371 3560 soli
2410 3510 2527 3561 Deo
2567 3519 2648 3562 est

1577 3594 1803 3650 notum3
1833 3583 1963 3653 quia
2014 3581 2211 3632 talibus
2257 3580 2419 3631 bonis
2465 3590 2647 3648 potest

1572 3660 1740 3711 homo
1783 3658 1923 3710 bene
1962 3656 2044 3708 uti
2083 3657 2167 3708 vel
2209 3656 2374 3718 male,
2418 3665 2475 3705 et
2520 3656 2643 3706 ideo

1570 3731 1710 3783 circa
1732 3730 1847 3781 haec
1871 3745 1984 3781 non
2011 3737 2095 3780 est
2120 3726 2326 3794 aliquid
2346 3727 2642 3793 petendum

1568 3802 1935 3856 determinate.
1977 3802 2043 3853 Et
2075 3810 2202 3851 nota
2237 3801 2384 3867 quod
2414 3799 2645 3867 diligere

1568 3876 1802 3930 amicum
1835 3885 1916 3926 est
1955 3873 2127 3940 magis
2156 3873 2420 3937 debitum,
2450 3883 2503 3923 et
2530 3888 2640 3924 non

1570 3945 1802 4001 excludit
1827 3945 2095 3998 Dominus
2121 3958 2153 3995 a
2179 3943 2471 3996 dilectione
2493 3943 2637 3995 ami-
