2784 4452
480 345 484 370 1
527 303 621 353 DE
655 299 1278 371 PRAESENTATIONE
1311 297 1569 352 DOMINI
1603 297 1674 349 IN
1710 297 2075 348 TEMPLUM.
2327 300 2421 349 123

174 425 341 476 Anna
365 420 741 487 prophetissa,
781 434 889 469 non
920 432 955 469 a
981 432 1125 477 casu,
1152 416 1253 468 *vel

177 511 246 548 ex
273 492 637 559 dispositione
675 493 944 552 humana,
992 490 1088 540 sed
1121 489 1250 555 Spi-

175 568 319 619 ritus
358 564 538 617 Sancti
589 564 942 624 revelatione,
985 562 1124 630 sicut
1160 562 1250 613 di·-

176 650 328 692 ctum
366 647 446 688 est
482 638 550 687 de
596 636 850 686 Simeone
878 652 892 685 ε
920 645 974 686 et
1017 636 1248 685 adorans

175 726 328 773 eum,
374 708 723 775 confitebatur
753 706 1006 770 Domino,
1031 704 1250 756 confes-

173 782 335 834 sione
376 779 554 830 laudis
584 788 639 829 et
661 778 957 845 gratiarum
997 776 1247 834 actioniS‚

172 852 409 904 laudans
441 851 617 900 Deum
658 851 724 900 de
777 848 942 900 tantis
976 846 1251 899 beneficiis

173 921 491 988 adimpletis
510 959 527 982 ,
573 930 626 971 et
670 920 729 970 in
774 918 1149 970 Incarnatione
1195 927 1249 968 et

174 991 472 1044 Nativitate
513 989 803 1054 exhibitis;
847 988 1250 1057 perhibensque

173 1062 559 1116 testimonium
604 1062 671 1112 de
695 1061 853 1122 Filio,
891 1070 944 1111 et
970 1058 1249 1111 instruens

172 1138 463 1204 populum,
490 1136 800 1203 loquebatur
826 1136 896 1186 de
923 1133 1037 1196 illo,
1076 1133 1249 1185 omni-

175 1209 274 1259 bus
306 1208 403 1274 qui
435 1205 793 1274 expectabant
830 1204 1248 1269 redemptionem

173 1280 493 1340 Jerusalem,
516 1289 569 1330 et
597 1280 792 1342 Israel,
814 1277 1145 1329 annuntians
1169 1276 1250 1328 eis

176 1361 367 1403 natum
413 1366 533 1401 esse
575 1350 1020 1415 Redemptorem,
1052 1358 1107 1399 et
1153 1348 1250 1399 hu-

175 1421 325 1473 mani
374 1420 591 1487 generis
627 1420 983 1483 Salvatorem;
1013 1429 1068 1470 et
1101 1420 1247 1487 quod

175 1496 266 1547 ille
296 1495 397 1545 diu
440 1494 771 1545 desideratus
815 1504 956 1546 esset
977 1532 991 1554 ,
1025 1494 1121 1561 qui
1156 1508 1251 1544 eos

175 1568 444 1620 redimere
465 1577 516 1618 et
537 1567 765 1618 liberare
787 1567 1023 1618 deberet.
1048 1567 1248 1617 Omni-

175 1643 278 1693 bus
332 1640 586 1691 fidelibus
608 1679 623 1702 ,
683 1640 778 1707 qui
826 1641 955 1706 jugo
1016 1639 1250 1690 Herodis

172 1713 495 1779 alienigenae
560 1713 802 1779 gravati,
870 1712 1246 1764 liberationem

172 1786 408 1837 civitatis
457 1795 513 1835 et
546 1786 754 1852 populi,
792 1800 853 1837 ac
877 1784 1042 1836 etiam
1081 1784 1250 1852 spiri-

172 1852 391 1908 tualem‘
410 1857 786 1923 expectabant,
823 1872 919 1922 per
957 1857 1247 1908 adventum

172 1926 382 1980 Christi
406 1926 463 1977 in
488 1927 737 1992 proximo
769 1923 886 1977 fieri
927 1926 1247 1992 redemptio-

172 2013 298 2049 nem
337 2013 368 2049 a
391 1998 678 2064 tyrannide
701 1997 930 2048 Herodis
952 2007 1006 2049 et
1034 1997 1246 2048 daemo-

170 2069 261 2119 nis
293 2069 660 2134 promittebat.
701 2070 829 2119 Haec
865 2069 1066 2120 mulier
1092 2084 1248 2119 vene-

171 2139 394 2200 rabilis,
447 2140 604 2205 cujus
647 2139 905 2190 nobilitas
946 2139 1245 2200 extollitur,

170 2212 510 2264 continentia
528 2213 794 2273 laudatur,
813 2221 943 2265 aetas
973 2229 1247 2265 commen—

169 2286 361 2345 datur,
413 2285 604 2351 religio
653 2285 1008 2351 praedicatur,
1058 2285 1248 2336 idonea

169 2364 222 2407 et
240 2355 401 2406 valde
446 2354 609 2420 digna
646 2364 776 2416 erat,
813 2371 935 2422 quae
967 2356 1068 2407 Dei
1103 2355 1248 2409 Filio

168 2428 454 2479 incarnato
500 2428 878 2478 testimonium
916 2429 1242 2495 perhiberet.

169 2499 330 2551 Unde
354 2509 409 2549 et
433 2499 773 2565 prophetissa
809 2500 1149 2562 describitur,
1187 2511 1249 2552 ut

169 2574 287 2638 ejus
360 2574 741 2625 testimonium
810 2575 1243 2637 authentizetur,

168 2645 304 2711 quia
341 2645 641 2711 prophetiae
672 2645 956 2712 inspiratio
983 2647 1071 2697 vel
1106 2662 1248 2698 reve-

169 2716 301 2771 latio
331 2715 519 2766 divina
544 2731 662 2766 esse
699 2716 1031 2781 perhibetur.
1089 2718 1247 2769 Unde

171 2786 444 2853 Origenes
485 2805 503 2838 ε
534 2805 562 2833 «
588 2789 739 2838 Juste
804 2798 988 2842 sancta
1048 2789 1246 2842 mulier

169 2858 427 2924 spiritum
462 2860 819 2926 prophetandi
856 2861 1075 2922 meruit,
1115 2863 1245 2929 quia

169 2930 335 2995 longa
366 2930 641 2994 castitate,
687 2931 865 2999 longis
895 2932 1058 2984 etiam
1107 2936 1245 2999 jeju—

172 3000 298 3060 niis,
351 3001 420 3051 ad
457 3002 564 3052 hoc
602 3003 818 3053 culmen
862 3005 1190 3057 ascenderat.
1214 3026 1243 3054 1>

170 3072 318 3133 Quia
331 3088 461 3138 ergo
481 3089 702 3124 omnem
728 3090 937 3141 sexum,
950 3086 1002 3128 et
1023 3093 1245 3130 omnem

169 3153 402 3203 aetatem,
433 3153 487 3193 et
513 3145 758 3210 gradum,
784 3157 838 3197 et
873 3163 1095 3200 omnem
1129 3167 1247 3217 pro-

168 3212 464 3265 fessionem
493 3216 765 3268 Dominus
801 3219 1065 3271 redimere
1086 3237 1243 3273 vene-

170 3296 266 3347 rat,
292 3287 526 3353 dignum
555 3298 668 3338 erat
695 3299 757 3340 ut
793 3305 1003 3351 omneS,
1042 3292 1100 3343 in
1129 3295 1244 3358 ejus

168 3359 480 3419 nativitate,
552 3360 930 3412 testimonium
1000 3365 1245 3429 perhibe-

168 3440 307 3481 rent.
379 3432 516 3481 Sunt
567 3431 715 3481 enirn
763 3433 865 3484 tria
913 3448 1139 3499 genera,
1185 3437 1242 3487 in

169 3510 403 3567 utroque
424 3517 557 3552 sexu
581 3504 954 3555 commendata
980 3521 994 3555 ε
1026 3516 1155 3571 puta
1177 3507 1245 3557 de

166 3572 495 3639 virginibus,
550 3574 749 3625 scilicet
777 3575 945 3626 Maria
983 3587 1038 3627 et
1078 3578 1244 3629 Chri-

166 3653 313 3708 stus3
345 3659 406 3695 ac
437 3646 504 3694 de
539 3645 738 3707 viduiS,
769 3647 972 3698 scilicet
1006 3650 1166 3701 Anna
1192 3660 1245 3700 et

166 3713 411 3773 Simeon,
434 3715 590 3780 cujus
620 3725 748 3767 aetas
769 3730 1112 3784 comparatur
1137 3722 1244 3771 An-

170 3800 288 3848 nae;
321 3794 377 3836 et
413 3786 578 3836 etiam
612 3787 833 3838 tertium
871 3805 1059 3856 genuS‚
1086 3807 1245 3842 nem-

169 3870 236 3920 pe
295 3856 361 3906 de
410 3856 739 3922 conjugatis,
804 3859 1003 3910 scilicet
1066 3862 1244 3913 Eliza-

170 3925 303 3976 beth
367 3937 421 3978 et
481 3928 786 3981 Zacharias.
860 3931 1055 3982 Nullus
1118 3948 1243 3999 ergo

1359 413 1560 481 gradus
1656 411 2091 462 Christianorum
2176 410 2420 464 fidelium

1356 485 1753 552 praetermIssus
1790 493 1903 547 est,
1938 484 2005 533 de
2036 498 2146 549 quo
2192 500 2300 534 non
2322 485 2426 536 ha-

1357 556 1508 607 beret
1554 554 1928 606 testimonium
1968 554 2116 604 salus
2159 555 2423 606 omnium.

1357 644 1387 673 α
1409 625 1533 676 Ideo
1559 635 1759 686 autem,
1785 623 1918 675 dicit
1943 623 2251 687 AnselmuS,
2282 626 2424 676 obla—

1355 708 1445 751 tus
1472 709 1554 749 est
1575 699 1636 749 in
1664 698 1886 765 temp10,
1909 707 1962 748 et
1992 714 2026 749 a
2054 708 2236 749 sancta
2265 698 2426 750 vidua

1354 782 1667 839 susceptus,
1702 782 1765 823 ut
1799 771 1988 823 fideles
2031 788 2160 823 suos
2203 773 2425 822 domum

1354 844 1455 896 Dei
1478 843 1834 911 frequentare,
1863 854 1915 894 et
1939 853 2000 895 ut
2030 860 2158 895 eum
2190 858 2427 894 merean-

1353 925 1446 966 tur
1467 916 1757 982 suscipere,
1783 914 1964 965 studio
1999 914 2297 966 sanctitatis
2327 914 2420 964 in-

1355 989 1576 1054 tendere
1614 997 1892 1051 moneret3
1924 1003 1957 1038 a
1991 989 2246 1039 Simeone
2294 1003 2424 1038 sene

1355 1068 1637 1126 susceptus
1655 1099 1668 1119 ,
1713 1069 1876 1131 atque
1916 1059 2164 1110 laudatus
2202 1069 2318 1119 est,
2365 1070 2428 1109 ut

1354 1133 1479 1184 vitae
1512 1131 1858 1197 gravitatem,
1896 1142 1948 1184 et
1975 1148 2192 1182 morum
2240 1141 2423 1182 matu-

1355 1205 1603 1267 ritatem,
1671 1220 1730 1257 se
1795 1204 2021 1271 diligere
2091 1203 2422 1270 patefaceret.

1356 1279 1583 1330 Exsulta
1607 1294 1738 1345 ergo
1767 1288 1820 1329 et
1846 1288 1906 1329 tu
1930 1294 2055 1328 cum
2079 1277 2172 1328 illo
2197 1292 2328 1328 sene
2343 1276 2424 1328 Si-

1356 1367 1555 1403 meone
1600 1362 1654 1403 et
1692 1353 1852 1402 Anna
1880 1351 2151 1417 longaeva!
2199 1351 2427 1401 Procede

1354 1426 1416 1475 in
1470 1440 1757 1475 occursum
1820 1424 2009 1475 Matris
2066 1433 2119 1473 et
2178 1422 2423 1474 Parvuli!

1355 1497 1552 1549 Vincat
1580 1497 1960 1549 verecundiam
2000 1495 2182 1548 amor!
2228 1496 2425 1546 Timo-

1356 1584 1471 1619 rem
1523 1570 1755 1635 expellat
1788 1567 2037 1618 affectus!
2093 1567 2337 1632 Accipias
2374 1576 2428 1616 et

1356 1638 1623 1690 Infantem
1669 1639 1730 1690 in
1771 1640 1960 1699 ulnas,
2003 1639 2258 1704 dicasque
2298 1654 2423 1688 cum

1355 1726 1560 1777 sponsa
1585 1728 1604 1762 z
1644 1711 1819 1762 Tenui
1838 1725 1974 1773 eum,
1996 1724 2091 1761 nec
2115 1709 2425 1761 dimittam!

1355 1785 1622 1851 Tripudia
1640 1801 1765 1836 curn
1795 1784 1891 1836 illo
1913 1784 2255 1835 sanctissimo
2275 1799 2422 1844 sene,

1352 1866 1410 1907 et
1448 1856 1717 1910 concine:
1747 1857 1914 1909 Nunc
1951 1856 2179 1907 dimittis
2214 1870 2426 1907 servum

1356 1935 1523 1992 tuum,
1566 1929 1833 1991 Domine,
1880 1929 2167 1981 secundum
2211 1929 2424 1979 verbum

1354 2006 1518 2062 tumn,
1551 2000 1605 2051 in
1622 2001 1803 2067 pace!
1825 2020 1852 2048 >2
1878 2000 1994 2052 haec
2015 1998 2320 2051 AnselmuS.

1425 2070 1488 2121 18
1521 2073 1723 2121 SENsus
1766 2086 1993 2121 iromus
2025 2085 2189 2120 trusus
2227 2085 2416 2119 ms'ro-

1350 2157 1480 2194 nm.
1509 2172 1570 2182 —
1604 2142 1879 2194 Moraliter
1912 2152 2072 2203 nota,
2124 2142 2272 2208 quod
2328 2141 2421 2190 in-

1353 2212 1613 2280 opinatus
1641 2229 1936 2264 concursus
1992 2212 2219 2263 istarum
2247 2228 2422 2278 perso·

1353 2302 1596 2348 narum,
1617 2286 1686 2337 de
1732 2286 1938 2353 quibus
1976 2285 2066 2336 hic
2093 2284 2156 2335 fit
2177 2285 2416 2344 menti0‚

1354 2372 1469 2408 non
1499 2356 1621 2408 sine
1650 2356 1909 2423 mysterio
1938 2355 2202 2407 instinctu
2236 2355 2421 2407 divino

1352 2428 1526 2480 factus
1565 2437 1664 2480 est.
1702 2429 1859 2480 Unde
1895 2444 1996 2479 nos
2040 2428 2424 2495 spiritualiter,

1352 2500 1413 2552 in
1465 2509 1648 2551 mente
1704 2500 1964 2551 debemus
2012 2499 2237 2550 istarum
2283 2514 2424 2566 qua-

1352 2583 1478 2624 tuor
1501 2588 1855 2639 personarum
1892 2573 2291 2640 processionem
2334 2588 2424 2624 ce-

1352 2644 1559 2696 lebrare
1588 2661 1603 2696 ι
1633 2660 1731 2711 per
1759 2645 2091 2705 Simeonem,
2115 2645 2211 2711 qui
2251 2644 2422 2695 inter.-

1353 2725 1593 2782 pretatur
1631 2716 1877 2779 audienS,
1909 2715 2004 2782 qui
2033 2722 2085 2766 et
2105 2731 2420 2782 responsum

1349 2794 1633 2855 acceperat
1657 2802 1693 2838 a
1734 2787 1952 2854 Spiritu
1991 2788 2212 2850 Sancto,
2257 2802 2418 2836 men-

1352 2859 1446 2910 tali
1477 2859 1679 2911 scilicet
1711 2860 2052 2921 revelatione,
2089 2858 2421 2925 significatur

1352 2931 1503 2983 verbi
1524 2931 1623 2983 Dei
1651 2932 1894 2983 studiosa
1922 2932 2159 2994 auditio;
2178 2947 2277 2997 per
2302 2932 2422 2981 An-

1352 3017 1511 3065 nam,
1556 3018 1677 3068 quae
1725 3002 2107 3068 interpretatur
2132 3000 2340 3069 gratia,
2370 3012 2424 3052 et

1350 3090 1474 3142 quae
1516 3091 1628 3124 non
1666 3074 1971 3127 discedebat
2012 3074 2078 3126 de
2105 3076 2327 3140 templo,
2354 3075 2420 3125 si-

1351 3143 1636 3211 gnificatur
1654 3145 1835 3195 crebra
1857 3144 2057 3209 orati03
2088 3160 2183 3210 per
2204 3145 2423 3210 Joseph,

1350 3215 1448 3282 qui
1507 3214 1890 3281 interpretatur
1950 3217 2219 3284 appositio
2240 3255 2260 3279 ‚
2339 3217 2421 3266 vel

1351 3292 1726 3353 augmentum,
1774 3287 1868 3354 qui
1899 3297 1954 3338 et
1996 3288 2284 3338 sollicitam
2310 3302 2409 3336 cu-

1348 3373 1467 3411 ram
1493 3356 1687 3408 habuit
1720 3357 1788 3407 de
1811 3373 1978 3424 puero
2008 3357 2244 3416 Christe,
2271 3356 2421 3407 intel-

1350 3427 1540 3495 ligitur
1574 3428 1844 3479 bonorum
1891 3444 2117 3495 operum
2166 3427 2420 3477 continua

1350 3499 1650 3566 appositi0;
1697 3517 1791 3567 per
1830 3501 2058 3551 Mariam
2086 3515 2244 3559 vem,
2299 3513 2419 3564 quae

1351 3571 1733 3637 interpretatur
1774 3571 2118 3632 illuminata,
2189 3584 2311 3636 quae
2368 3579 2421 3618 et

1352 3642 1634 3694 Christum
1677 3644 1910 3710 portavit
1938 3644 1997 3693 in
2031 3653 2203 3702 utem,
2237 3641 2415 3706 signi-

1349 3714 1540 3767 ficatur
1595 3715 1792 3768 divinae
1847 3714 2240 3767 conformitatis
2295 3729 2420 3780 per-

1350 3788 1645 3841 fectissima
1687 3790 1837 3841 unio,
1889 3789 1984 3839 Hae
2034 3797 2213 3838 autem
2279 3801 2418 3852 qua-

1352 3875 1477 3916 tuor
1505 3881 1748 3931 personae
1785 3864 2070 3915 Christum
2093 3862 2376 3914 offerentes
2400 3902 2413 3921 ,

1354 3936 1412 3985 in
1461 3945 1641 3987 mente
1687 3935 1884 3986 debent
1931 3945 2140 4000 portare
2186 3945 2418 4000 quatuor
