2784 4452
297 325 405 392 454
1074 309 1082 315 ’
1109 324 1325 375 mnssx
1352 325 1683 376 CAP1TUM.

330 460 367 508 4
388 441 627 494 Simonis
664 442 800 492 Petri
845 440 1126 492 admiratio
1152 450 1203 491 et
1501 456 1532 505 7
1561 439 1742 491 Tertia
1774 439 1981 491 vocatio
2015 441 2151 492 Petri
2176 451 2228 492 et
2249 443 2368 492 An·-

362 516 662 567 humilitas.
1252 511 1352 563 283
1529 512 1684 562 dreae.

339 586 365 637 5
400 586 660 652 Discipuli
686 595 987 649 sequuntur
1011 585 1206 636 Domi-
1502 580 1534 631 8
1564 583 1695 631 Item
1724 580 1901 631 Jacobi
1927 591 1980 632 et
1998 583 2238 634 Joannis.

362 674 515 709 num.
1254 652 1361 717 284
1502 668 1535 719 9
1565 652 1693 702 Tria
1721 653 2068 718 relinquenda
2091 652 2370 704 Christum

336 727 369 778 6
401 727 547 788 Quid
573 727 682 776 sint
712 741 856 776 mare
881 725 1204 785 TiberiadiS,
1533 726 1683 791 sequi
1712 725 2033 776 volentibuS.

367 801 598 851 Genezar
619 809 671 849 et
695 798 979 849 Jordanis?
1257 797 1362 861 284
1480 811 1543 846 10
1571 796 1971 862 Discipulorum
1995 797 2317 850 obedientia.

569 1020 802 1072 CAPUT
833 1021 996 1070 XXX.
1028 1049 1088 1058 —
1111 1021 1195 1071 De
1221 1021 1463 1087 Epilogo
1494 1020 1828 1071 vocationum
1857 1021 2260 1087 discipulorum,

787 1115 841 1159 et
870 1109 937 1159 de
963 1109 1244 1176 diligentia
1275 1109 1482 1160 Christi
1508 1109 1582 1158 ad
1602 1109 2028 1187 praedicandum.

345 1296 363 1328 1
402 1277 783 1343 Recapitulatio
806 1277 1032 1343 triplicis
1059 1293 1209 1328 voca·
1499 1275 1532 1326 6
1579 1277 1785 1327 Circuit
1821 1277 2069 1327 Christus
2097 1278 2371 1328 Galilaeam

367 1351 533 1401 tionis
556 1350 967 1415 discipulorum.
1254 1349 1358 1400 288
1531 1348 1820 1414 praedicans
1846 1357 1899 1397 et
1921 1363 2134 1400 sanans·

337 1439 366 1472 2
396 1423 617 1473 Affectio
641 1422 844 1473 Christi
879 1423 933 1473 in
964 1421 1207 1486 discipu-
1502 1434 1533 1483 7
1559 1417 1723 1466 Fama
1749 1417 2127 1467 miraculorum
2150 1418 2372 1482 Christi,

367 1496 448 1545 los
472 1495 807 1561 istorumque
828 1492 1149 1545 obedientia.
1256 1491 1359 1542 288
1531 1500 1581 1539 et
1608 1488 1836 1554 Abagari
1861 1490 2001 1555 regis
2027 1489 2268 1556 epistola.

336 1565 364 1615 3
399 1566 573 1625 Quam
609 1565 873 1631 sapienter
909 1563 1060 1615 electi
1098 1563 1207 1613 Ec-
1502 1559 1535 1610 8
1605 1559 1934 1609 Intentiones
2031 1562 2373 1627 sequentium

364 1637 535 1687 clesiie
558 1636 883 1687 fundatores,
1257 1633 1362 1700 289
1532 1630 1808 1680 Christum
1855 1646 1948 1695 per
1985 1632 2228 1698 quinque
2262 1635 2377 1682 loca

309 1724 346 1772 4
370 1708 636 1773 Exemplo
656 1722 755 1757 suo
776 1707 937 1772 primi
956 1705 1206 1770 discipuli
1532 1700 1856 1767 significatae.

365 1779 657 1828 monachos
721 1778 787 1827 ad
850 1776 1208 1826 imitationem
1502 1787 1536 1838 9
1565 1772 1896 1822 Accedamus
1921 1781 1972 1822 et
1993 1788 2091 1822 nos
2132 1773 2197 1822 ad
2227 1773 2378 1823 Chri-

365 1847 566 1898 Christi
597 1847 842 1897 invitant.
1259 1861 1363 1912 290
1535 1852 1697 1902 stum,
1750 1852 1809 1891 ut
1859 1843 1996 1893 bona
2030 1859 2126 1909 pro
2150 1844 2375 1908 peccatis

336 1918 364 1969 5
395 1920 636 1979 Quatuor
650 1916 1074 1984 primidiscipuli
1088 1930 1211 1982 qua·
1538 1913 1694 1962 nobis
1715 1912 1968 1964 conferat.

363 1990 527 2056 drigae
548 1989 866 2058 comparati..
1261 2002 1364 2054 290

547 2222 779 2275 CAPUT
808 2221 998 2272 XXXI.
1023 2250 1083 2259 —
1116 2220 1199 2271 De
1229 2220 1502 2271 vocatione
1533 2216 1788 2271 Matthaei
1811 2226 1862 2270 et
1888 2219 2003 2286 ejus
2032 2216 2286 2271 convivio.

343 2442 359 2475 1
416 2426 635 2477 Vocatio
675 2424 912 2475 Matthaei
966 2425 1031 2474 ad
1073 2424 1211 2474 telo-
1396 2475 1399 2480 ,
1498 2424 1769 2493 9Vocatio
1790 2423 2027 2473 Matthaei
2048 2425 2103 2474 in
2128 2440 2289 2474 sensu
2318 2422 2379 2473 fi-

364 2498 518 2547 nium
548 2496 797 2547 sedentiS.
1258 2511 1364 2563 294
1531 2507 1736 2560 gurat0.

339 2585 367 2617 2
404 2567 726 2618 Convivium
754 2567 986 2618 Matthaei
1028 2567 1212 2634 hujus·
1477 2585 1537 2619 ro
1559 2570 1831 2633 Jejunium
1857 2571 2267 2621 Pharisaeorum.

366 2657 471 2708 que
497 2642 715 2692 moralis
736 2641 1071 2708 significatio.
1259 2657 1365 2709 294
1475 2656 1492 2689 1
1512 2656 1529 2689 1
1562 2640 1811 2692 Christus
1847 2642 2138 2707 discipulos
2164 2655 2273 2688 non
2302 2639 2379 2703 je-

337 2711 365 2760 3
398 2711 551 2761 Multi
584 2711 853 2777 publicani
884 2728 1006 2762 cum
1043 2711 1207 2761 Chri-
1529 2710 1774 2774 junantes
1823 2721 2036 2762 excusat
2081 2711 2250 2776 prima
2299 2708 2378 2758 si·-

365 2790 448 2832 sto
481 2780 849 2833 discumbunt.
1257 2781 1358 2848 295
1533 2784 1835 2836 militudine
1857 2788 1922 2835 de
1946 2785 2071 2835 filiis
2095 2784 2298 2849 sponsi.

332 2871 369 2919 4
397 2855 749 2905 Murmuratio
780 2855 1189 2905 Pharisaeorum.
1259 2855 1361 2922 296
1478 2870 1539 2903 12
1565 2855 1922 2913 Quandonam
1956 2858 2194 2921 Sponsus
2218 2852 2382 2903 aufer-

340 2924 367 2974 5
399 2924 649 2974 Christus
678 2924 950 2991 respondit
984 2926 1061 2975 eis
1094 2924 1209 2990 pri-
1533 2935 1636 2975 tur.
2304 2977 2307 2980 ,

367 3012 458 3045 mo
483 3011 575 3062 per
601 2996 883 3047 rationem.
1260 2995 1363 3063 296
1480 2995 1537 3045 13
1572 2999 1814 3061 Sponsus
1840 3005 1890 3047 et
1913 3010 2107 3063 sponsa
2132 2994 2185 3044 in
2220 3008 2379 3044 sensu

338 3063 372 3114 6
408 3065 701 3132 Respondit
750 3066 826 3115 eis
860 3068 1090 3117 secundo
1115 3082 1209 3132 per
1532 3066 1815 3132 spirituali.
2094 3066 2100 3076 “

366 3138 726 3189 auctoritatem
753 3136 902 3189 Oseae
923 3139 1211 3205 prophetae.
1255 3138 1359 3207 296
1478 3153 1543 3202 14
1564 3137 1811 3187 Christus
1830 3136 1981 3202 ponit
2003 3135 2289 3186 secundam
2314 3133 2381 3183 si·

338 3227 369 3276 7
407 3211 663 3277 Proponit
684 3211 762 3261 eis
787 3226 946 3260 suum
964 3213 1030 3263 de
1054 3212 1208 3262 mise-
1534 3210 1915 3274 militudinem,
1940 3210 2006 3259 de
2029 3208 2379 3259 commissura

369 3281 595 3331 ricordia
624 3282 948 3347 exemplum.
1257 3299 1360 3349 297
1532 3283 1856 3333 vestimenti.

338 3352 370 3402 8
401 3353 670 3404 Publicani
700 3353 794 3421 qui
818 3354 1208 3419 nuncupaban-
1481 3353 1539 3403 15
1572 3353 1728 3403 Ponit
1773 3352 1983 3403 tertiam
2034 3351 2098 3401 de
2148 3350 2276 3401 vino
2327 3357 2380 3400 et

366 3433 470 3475 tur.
827 3444 837 3455 ·
1257 3441 1361 3492 297
1535 3426 1762 3476 utribuS.

529 3632 535 3636 ¹
574 3646 809 3698 CAPUT
840 3615 1055 3698 XXXII.
1085 3676 1143 3685 —-
1172 3647 1256 3697 De
1283 3648 1536 3701 electione
1567 3648 1842 3700 duodecim
1870 3647 2268 3714 Apostolorum.

351 3831 368 3863 1
406 3813 655 3865 Christus
691 3827 961 3881 pernoctat
987 3819 1044 3869 in
1083 3835 1209 3871 ora-
1535 3820 1733 3869 doceat.

371 3886 535 3949 tione,
564 3898 623 3939 ut
646 3904 742 3939 nos
770 3891 992 3940 modum
1021 3893 1205 3944 orandi
1507 3905 1538 3938 2
1569 3891 1724 3939 Mane
1746 3888 1882 3939 facto
1905 3886 2191 3939 duodocim
2228 3884 2378 3951 eligit

2419 515 2529 566 285

2419 583 2530 635 285

2420 726 2536 778 286

2423 798 2536 866 287

2426 1366 2539 1418 290

2426 1508 2531 1559 291

2427 1719 2539 1771 292

2426 1931 2537 1982 292

2428 2494 2539 2561 298

2429 2567 2539 2635 298

2429 2797 2537 2851 299

2430 2937 2536 2989 299

2429 3060 2537 3111 300

2430 3278 2528 3328 301

2434 3420 2532 3471 301

2430 3812 2531 3865 302
