2784 4452
374 354 486 405 330

363 468 551 520 docuit
573 469 840 539 Dominus
871 485 983 520 non
1025 486 1141 521 esse
1185 469 1439 535 injuriam

367 540 615 607 proximo
667 540 1001 592 inferendam
1029 581 1042 602 ,
1096 541 1439 608 prohibendo

366 613 503 662 iram
518 623 570 661 et
584 613 1088 678 concupiscentiam,
1108 628 1441 678 consequen-

367 695 449 735 ter
461 685 693 734 docetab
709 685 905 750 injuria
921 685 1015 735 Dei
1036 685 1437 746 abstinendum,

365 756 706 821 prohibendo
734 756 1029 822 perjurium
1070 766 1122 807 et
1165 757 1440 822 juramen-

363 836 513 889 tum3
564 836 618 876 et
643 826 733 876 dat
775 827 1103 877 intellectum
1159 827 1439 890 cujusdam

365 896 633 962 praecepti,
658 913 767 963 quo
796 897 1117 963 prohibetur
1143 898 1438 963 perjurium

365 968 428 1019 in
463 970 601 1035 Lege
624 970 822 1020 Veteri.
846 971 996 1021 Circa
1016 972 1161 1037 quod
1197 971 1441 1021 errabant

363 1039 558 1100 judaei,
588 1040 861 1092 credentes
900 1042 1050 1107 quod-
1087 1042 1262 1091 solum
1296 1041 1441 1106 jura—

368 1120 615 1161 mentum
644 1112 870 1162 mendax
919 1123 1058 1163 esset
1080 1113 1437 1179 prohibitum,

368 1194 422 1234 et
449 1184 592 1249 quod
620 1185 977 1249 juramentum
1009 1186 1260 1237 illicitum
1302 1194 1441 1236 esset

349 1256 722 1319 .servandum;
762 1266 815 1305 et
853 1256 1103 1308 similiter
1125 1257 1270 1323 quod
1302 1257 1443 1323 jura-

369 1335 617 1374 mentum
666 1325 956 1388 incautum,
1008 1329 1154 1393 quod
1196 1328 1313 1377 sine
1342 1342 1440 1377 ne-

373 1397 613 1448 cessitate
653 1398 733 1461 fit,
779 1411 918 1452 esset
954 1402 1179 1452 licitum.
1223 1403 1442 1467 Propter

369 1473 513 1538 quod
540 1474 783 1524 Salvator
808 1476 937 1525 dicit
981 1493 1090 1526 non
1120 1492 1234 1526 esse
1262 1476 1442 1541 juran-

361 1543 499 1592 dum
537 1545 783 1605 omnin0‚
813 1545 867 1595 id
897 1556 977 1596 est
1007 1561 1071 1596 ex
1120 1562 1459 1614 quacunque·

370 1629 545 1674 causa,
597 1615 690 1665 ubi
743 1633 851 1666 non
908 1618 1207 1668 excluditur
1248 1618 1440 1682 juratio

369 1686 665 1736 necessaria
687 1726 699 1746 ,
758 1690 850 1738 sed
921 1689 1149 1740 incauta.
1224 1689 1442 1741 Justitia

369 1771 497 1821 ergo
545 1756 940 1808 Pharisaeorum
991 1771 1071 1809 est
1114 1777 1222 1810 non
1258 1762 1441 1826 perju-

365 1840 502 1876 rare.
543 1827 693 1877 Hanc
721 1827 999 1880 confirmat
1037 1831 1322 1888 Dominus,
1347 1845 1442 1881 ve-

369 1907 491 1946 tans
524 1897 716 1962 jurare,
751 1900 896 1964 quod
941 1901 1172 1967 pertinet
1202 1902 1268 1951 ad
1297 1901 1443 1966 justi-

369 1969 501 2019 tiam
555 1985 740 2020 eorum
813 1972 908 2038 qui
993 1974 1238 2024 intraturi
1312 1986 1441 2025 sunt

365 2055 593 2106 regnum
610 2043 887 2095 coelorum.
908 2045 1057 2094 Sicut
1071 2045 1213 2096 enim
1243 2045 1439 2096 falsum

366 2111 518 2178 loqui
543 2128 650 2162 non
682 2124 873 2179 potest,
905 2117 999 2180 qui
1030 2132 1137 2165 non
1164 2117 1438 2183 loquitur3

374 2184 452 2236 sic
494 2186 762 2252 perjurare
801 2204 911 2239 non
960 2199 1151 2256 potest,
1194 2190 1289 2257 qui
1329 2207 1439 2241 non

369 2259 531 2324 jurat.
572 2260 637 2308 Et
683 2260 821 2310 sicut
866 2261 918 2310 in
960 2262 1293 2328 multiloquio
1338 2278 1441 2313 non

371 2329 545 2379 deerst
576 2338 872 2396 peccatum,
904 2332 982 2382 sic
1010 2348 1106 2383 nec
1153 2334 1209 2383 in
1248 2333 1440 2383 multi-

365 2402 529 2466 juri0,
567 2404 880 2468 perjurium.
913 2406 1063 2454 Sicut
1090 2416 1268 2456 autem
1298 2407 1442 2457 Deus

372 2473 622 2539 praecepit
651 2474 754 2523 sibi
787 2475 1033 2525 victimas
1056 2476 1251 2541 legales
1279 2477 1442 2527 offer-

370 2544 438 2604 ri,
469 2560 578 2593 non
622 2543 752 2608 quia
809 2545 857 2594 ei
902 2547 1199 2612 placerent,
1242 2547 1333 2597 sed
1377 2564 1442 2598 ne

372 2628 477 2673 eaS,
520 2623 681 2678 prout
716 2627 1114 2676 consuevetant,
1144 2616 1303 2667 idolis
1333 2618 1441 2667 im-

369 2683 665 2748 molarent;
751 2686 829 2735 sic
897 2686 1129 2737 infirmis
1184 2688 1444 2739 concessit

368 2755 543 2818 jurare
599 2770 693 2819 per
735 2755 928 2817 Deum,
961 2773 1071 2806 non
1128 2758 1273 2818 quod
1329 2759 1442 2808 Deo

370 2825 540 2891 placet
596 2825 699 2875 hoc
739 2825 874 2888 fieri,
922 2828 1014 2877 sed
1055 2829 1201 2893 quod
1259 2828 1443 2879 minus

369 2899 575 2947 malum
605 2908 683 2948 est
730 2901 832 2950 hoc
872 2901 1010 2960 De0‚
1042 2917 1205 2967 quam
1247 2912 1445 2953 creatu-

371 2970 448 3021 ris
472 2970 735 3022 exhiberi.
774 2974 945 3033 Unde,
974 2976 1269 3023 secundum
1302 2975 1443 3025 Hie-

367 3056 673 3107 ronymum,
718 3042 774 3092 in
819 3044 958 3109 Lege
1008 3055 1327 3112 praeceptum
1363 3055 1444 3096 est

372 3130 481 3163 non
518 3114 712 3179 jurare,
743 3114 848 3164 nisi
892 3133 985 3182 per
1036 3118 1211 3167 Deum
1260 3134 1274 3167 :
1330 3135 1441 3167 non

370 3185 520 3251 quod
557 3184 761 3235 bonum
788 3186 877 3246 sit,
913 3188 1003 3237 sed
1034 3204 1101 3238 ne
1128 3188 1296 3238 Judaei
1326 3204 1445 3254 pes-

371 3256 512 3305 sima
585 3256 973 3307 consuetudine
1053 3259 1288 3324 jurantes
1348 3275 1443 3325 per

363 3336 651 3390 creaturaS‚
678 3327 948 3378 crederent
983 3344 1071 3379 eas
1093 3332 1439 3380 venerandas·

371 3396 724 3461 Evangelium
763 3406 939 3447 autern
984 3414 1094 3447 non
1136 3399 1323 3464 recipit
1351 3401 1440 3465 ju-

370 3475 695 3531 ramentum,
728 3484 850 3517 cum
890 3468 1070 3517 omnis
1095 3483 1272 3518 sermo
1302 3469 1441 3521 fide-

367 3538 439 3588 lis
477 3555 573 3604 pro
614 3540 951 3605 jurejurando
996 3539 1083 3590 sit.
1124 3540 1227 3590 Ubi
1266 3541 1442 3610 Chry·

368 3618 635 3662 sostomus
655 3631 671 3663 :
693 3632 719 3660 α
736 3613 891 3663 Unde
907 3614 1080 3678 jurare
1101 3629 1203 3663 nos
1220 3630 1442 3679 prorsus

363 3697 479 3730 ‘non
519 3683 785 3733 convenit.
836 3683 978 3743 Quid
1017 3684 1164 3733 enim
1218 3684 1441 3735 unicui-

359 3767 477 3817 que
534 3763 779 3804 nostrum
828 3756 1001 3820 jurare
1072 3770 1285 3806 necesse
1338 3766 1437 3820 est,

371 3839 497 3872 cum
552 3825 709 3875 nobis
768 3828 983 3877 mentiri
1050 3827 1271 3878 omnino
1327 3845 1436 3878 non

369 3891 560 3944 liceat?
589 3895 834 3954 Quorum
857 3898 1019 3948 verba
1045 3898 1121 3948 ita
1141 3913 1264 3948 vera
1291 3914 1437 3948 sem-

369 3975 484 4024 per,
549 3964 622 4014 ita
669 3966 869 4017 debent
908 3982 1024 4018 esse
1082 3968 1436 4031 fidelissima,

989 355 1229 407 PRIMAE
1264 354 1512 405 PARTIS
1544 354 1780 405 CAPUT
1809 354 2044 405 XXXIV.

1548 478 1609 519 ut
1656 484 1753 535 pro
1798 470 2096 534 juramento
2159 468 2502 520 habeantur?
2557 468 2622 519 Et

1548 539 1746 589 idcirco
1788 540 2073 600 Dominus,
2129 556 2239 590 non
2283 541 2461 589 solum
2490 553 2617 603 per—

1546 613 1737 677 jurare,
1767 612 1860 662 sed
1890 611 2049 662 etiam
2070 613 2244 677 jurare
2282 627 2382 661 nos
2426 611 2620 676 prohi—

1550 686 1661 748 bet,
1747 700 1817 735 ne
1875 696 2000 735 tunc
2071 693 2283 735 tanturn
2339 684 2620 735 videamur

1545 771 1732 807 verum
1774 758 1948 807 dicere
1998 774 2120 807 cum
2177 758 2435 822 juramus,
2464 767 2520 807 et
2552 772 2620 807 ne

1545 843 1683 892 quos
1711 842 1921 877 veraces
1950 827 2006 877 in
2037 829 2188 877 omni
2226 842 2477 877 sermone
2504 841 2620 877 esse

1546 896 1845 958 constituit,
1869 907 2181 963 putaremus
2209 898 2326 948 sine
2356 899 2621 963 juramen-

1546 979 1600 1019 to
1630 969 1836 1020 licitum
1870 985 1988 1020 esse
2038 970 2276 1020 mentiri.
2320 969 2618 1019 juramenti

1545 1040 1691 1089 enim
1739 1041 1851 1090 haec
1901 1055 2057 1090 causa
2104 1049 2211 1100 est,
2265 1040 2394 1105 quia
2435 1038 2620 1089 omnis

1546 1110 1640 1176 qui
1669 1111 1823 1176 jurat,
1854 1119 1932 1173 ut,
1968 1112 2112 1176 quod
2142 1127 2330 1161 verum
2371 1121 2468 1174 est,
2500 1111 2620 1160 elo-

1546 1191 1757 1247 quatur.
1796 1182 1862 1231 Et
1891 1182 2161 1231 Dominus
2191 1182 2329 1232 inter
2356 1182 2621 1246 juramen·

1546 1262 1663 1301 tum
1715 1261 1767 1302 et
1809 1253 2077 1317 loquelam
2129 1263 2366 1301 nostram
2411 1252 2619 1301 nullam

1545 1325 1659 1373 vult
1686 1337 1801 1374 esse
1823 1323 2151 1373 distantiam.
2189 1323 2346 1382 Quia,
2390 1323 2535 1376 sicut
2561 1321 2619 1371 in

1546 1394 1845 1458 juramento
1896 1394 2101 1443 nullam
2184 1393 2434 1443 convenit
2503 1407 2621 1443 esse

1547 1462 1843 1529 perfidiam,
1919 1463 1992 1513 ita
2047 1479 2264 1529 quoque
2333 1464 2391 1512 in
2440 1463 2620 1514 verbis

1547 1534 1748 1583 nostris
1791 1534 2003 1584 nullum
2041 1535 2196 1584 debet
2239 1549 2355 1585 esse
2389 1534 2620 1583 menda.-

1547 1605 1710 1654 cium.
1742 1605 1899 1664 Quod
1924 1614 2214 1670 utrumque
2242 1615 2295 1655 et
2322 1604 2619 1670 perjurium

1546 1688 1599 1728 et
1643 1678 1983 1728 mendacium
2029 1677 2199 1727 divini
2238 1678 2422 1743 judicii
2466 1692 2621 1743 poena

1545 1751 1846 1799 damnatur.
1902 1749 2164 1815 Quisquis
2209 1765 2335 1815 ergo
2371 1759 2620 1801 nostrum

1546 1822 1804 1887 loquitur,
1837 1821 1992 1886 jurat,
2024 1821 2153 1886 quia
2200 1820 2467 1885 scriptum
2495 1831 2613 1871 est:

1556 1893 1737 1943 Testis
1759 1892 1950 1959 fidelis
1991 1908 2092 1942 non
2138 1892 2436 1942 mentietur.
2467 1892 2619 1943 Unde

1549 1980 1659 2013 non
1725 1962 2001 2012 immerito
2061 1977 2171 2011 non
2245 1962 2421 2026 jurare
2477 1976 2617 2028 soepe

1546 2037 1821 2102 Scriptura
1844 2036 2026 2086 divina
2053 2045 2461 2095 commemorat,
2492 2034 2616 2101 quia

1547 2110 1678 2168 De0,
1703 2107 1799 2173 qui
1827 2121 1985 2156 verax
2025 2116 2122 2166 est,
2161 2115 2213 2155 et
2240 2105 2416 2155 noscit
2450 2105 2614 2171 qnid-

1547 2182 1682 2249 quid
1726 2180 1938 2241 dicitur,
1988 2195 2084 2246 pro
2121 2180 2423 2245 juramento
2449 2178 2614 2229 haber-

1546 2269 1663 2320 tur;
1695 2255 1825 2323 'quia
1846 2272 2033 2306 verum
2067 2266 2147 2305 est
2179 2271 2343 2305 omne
2368 2256 2521 2319 quod
2545 2254 2614 2304 lo-

1546 2329 1733 2394 quitur
1758 2345 1775 2378 :
1803 2348 1832 2375 u
1862 2328 1973 2378 haec
2002 2328 2443 2394 Chrysostomm.
2462 2326 2611 2377 Unde

1547 2414 1601 2453 et
1627 2404 1871 2454 Seneca.-
1901 2421 1928 2448 α
1946 2402 2093 2452 Nihil
2139 2402 2352 2451 intersit
2379 2417 2446 2451 an
2476 2396 2612 2451 affir-

1548 2490 1679 2537 mes»,
1709 2490 1774 2524 an
1817 2475 1979 2539 jures,
2022 2474 2100 2521 De
2129 2472 2386 2538 religione
2428 2482 2485 2522 et
2514 2470 2611 2522 fide

1547 2545 1681 2594 scias
1722 2545 1807 2610 agi
1830 2583 1845 2605 ,
1900 2543 2211 2608 ubicunque
2274 2543 2340 2592 de
2395 2543 2610 2592 veritate

1546 2627 1864 2667 tractatur.»
1891 2616 2196 2666 Secundum
2227 2615 2607 2681 Augustinum,

1546 2688 1806 2753 quoniam
1843 2687 1935 2736 ille
1960 2687 2098 2752 jurat
2146 2686 2242 2751 qui
2278 2686 2503 2735 adhibet
2532 2696 2610 2735 te—

1548 2769 1687 2807 stem
1732 2758 1924 2817 Deum,
1959 2757 2248 2806 ridiculum
2276 2766 2355 2805 est
2396 2765 2607 2836 ‚putat-e,

1547 2839 1608 2878 ut
1657 2844 1770 2877 non
1820 2827 2071 2893 juraverit
2114 2828 2271 2893 quis,
2314 2827 2447 2891 quia
2504 2842 2609 2877 non

1545 2902 1683 2952 dixit
1702 2918 1795 2968 per
1821 2902 2013 2958 Deum,
2040 2902 2132 2950 sed
2160 2901 2313 2960 dixit,
2343 2900 2499 2950 testis
2534 2906 2611 2950 est

1546 2973 1675 3022 mihi
1699 2972 1863 3035 Deua,
1883 2972 1964 3022 vel
1983 2985 2103 3021 ecce
2133 2985 2314 3021 coram
2328 2970 2463 3032 Dm,
2485 2971 2607 3036 quia

1548 3058 1649 3094 non
1668 3043 1910 3105 mentior,
1941 3042 2049 3101 vel,
2069 3043 2217 3092 Deus
2237 3042 2337 3091 scit
2360 3042 2489 3107 quia
2510 3056 2606 3092 non

1546 3115 1789 3164 mentior.
1814 3113 2066 3179 Praecepit
2082 3128 2207 3179 ergo
2219 3113 2491 3163 Dominus
2503 3122 2606 3163 non

1545 3186 1721 3251 jurare
1741 3185 1980 3248 omnino,
2022 3184 2075 3234 id
2099 3195 2180 3234 est
2207 3185 2380 3249 jurare
2410 3201 2529 3234 non
2556 3184 2607 3235 in

1508 3256 1697 3318 ,omni
1721 3256 1902 3319 modu,
1941 3266 1994 3305 et
2021 3257 2078 3305 in
2104 3256 2256 3305 omni
2285 3270 2412 3306 casu
2445 3273 2460 3306 ε
2487 3255 2608 3323 quia

1547 3330 1660 3379 haec
1685 3338 1766 3378 est
1792 3328 2001 3378 incauta
2028 3328 2244 3393 juratior
2267 3329 2364 3378 Per
2396 3328 2505 3378 hoc
2528 3339 2608 3379 tn·

1547 3417 1668 3450 men
1700 3416 1807 3449 non
1836 3400 2138 3450 excluditur
2192 3400 2386 3466 juratio
2427 3400 2489 3449 in
2514 3414 2607 3450 ne·

1545 3471 1790 3521 cessitate
1819 3488 1833 3520 z
1863 3471 1990 3536 quia
2020 3472 2232 3537 negatio
2278 3471 2354 3520 ibi
2402 3486 2609 3538 praepo·

1546 3543 1695 3592 nitur
1744 3541 1899 3607 signo
1939 3542 2226 3592 universali
2276 3540 2607 3601 affirmativo,

1545 3613 1691 3679 quod
1719 3612 2027 3678 aequipollet
2052 3628 2153 3662 suo
2174 3613 2607 3676 contradictorio3

1544 3686 1636 3735 sed
1660 3685 1953 3750 postposita
1998 3686 2310 3750 aequipollet
2346 3701 2449 3735 suo
2477 3700 2611 3736 con-

1544 3755 1728 3806 trario,
1767 3755 1867 3804 Hic
1896 3755 2044 3805 enim
2077 3772 2186 3805 non
2217 3756 2415 3806 dicitur
2439 3756 2612 3806 omni·

1546 3842 1617 3876 no
1659 3842 1769 3876 non
1798 3827 2012 3892 jurare:
2043 3827 2171 3892 quia
2217 3837 2359 3878 esset
2398 3841 2610 3888 sensus,

1544 3900 1690 3964 quod
1720 3898 1777 3948 in
1809 3898 1959 3947 nullo
1979 3912 2101 3947 casu
2132 3908 2269 3948 esset
2301 3900 2611 3964 jurandum,

1543 3969 1691 4035 quod
1708 3979 1788 4020 est
1806 3968 2020 4028 falsum,
2039 3969 2166 4035 quia
2194 3970 2250 4019 in
2277 3970 2463 4036 aliquo
2489 3984 2613 4022 cam
