<?xml version="1.0" encoding="UTF-8"?>
<!DOCTYPE html PUBLIC "-//W3C//DTD XHTML 1.0 Transitional//EN"
    "http://www.w3.org/TR/xhtml1/DTD/xhtml1-transitional.dtd">
<html xmlns="http://www.w3.org/1999/xhtml" xml:lang="en" lang="en">
 <head>
  <title>
</title>
<meta http-equiv="Content-Type" content="text/html;charset=utf-8" />
  <meta name='ocr-system' content='tesseract 3.04.00' />
  <meta name='ocr-capabilities' content='ocr_page ocr_carea ocr_par ocr_line ocrx_word'/>
</head>
<body>
  <div class='ocr_page' id='page_1' title='image "./vitajesuchristi00sachgoog/vitajesuchristi00sachgoog_0264.png"; bbox 0 0 2784 4452; ppageno 0'>
   <div class='ocr_carea' id='block_1_1' title="bbox 348 343 452 409">
    <p class='ocr_par' dir='ltr' id='par_1_1' title="bbox 348 343 452 409">
     <span class='ocr_line' id='line_1_1' title="bbox 348 343 452 409; baseline 0 -15"><span class='ocrx_word' id='word_1_1' title='bbox 348 343 452 409; x_wconf 86' lang='lat'>248</span> 
     </span>
    </p>
   </div>
   <div class='ocr_carea' id='block_1_2' title="bbox 346 458 1420 4020">
    <p class='ocr_par' dir='ltr' id='par_1_2' title="bbox 346 458 1420 3437">
     <span class='ocr_line' id='line_1_2' title="bbox 346 458 1409 526; baseline -0.001 -16"><span class='ocrx_word' id='word_1_2' title='bbox 346 459 473 520; x_wconf 79' lang='lat' dir='ltr'>alie,</span> <span class='ocrx_word' id='word_1_3' title='bbox 512 459 578 509; x_wconf 87' lang='lat' dir='ltr'>ad</span> <span class='ocrx_word' id='word_1_4' title='bbox 610 458 883 509; x_wconf 88' lang='lat' dir='ltr'>vitandam</span> <span class='ocrx_word' id='word_1_5' title='bbox 923 459 1300 526; x_wconf 80' lang='lat' dir='ltr'><strong>arrogantiam.</strong></span> <span class='ocrx_word' id='word_1_6' title='bbox 1336 458 1409 509; x_wconf 91' lang='lat' dir='ltr'>Et</span> 
     </span>
     <span class='ocr_line' id='line_1_3' title="bbox 348 532 1410 598; baseline 0.002 -16"><span class='ocrx_word' id='word_1_7' title='bbox 348 532 640 598; x_wconf 87' lang='lat' dir='ltr'>respiciens</span> <span class='ocrx_word' id='word_1_8' title='bbox 662 532 797 583; x_wconf 90' lang='lat' dir='ltr'>vidit</span> <span class='ocrx_word' id='word_1_9' title='bbox 823 533 1057 584; x_wconf 88' lang='lat' dir='ltr'>Joannes</span> <span class='ocrx_word' id='word_1_10' title='bbox 1083 535 1269 584; x_wconf 82' lang='lat' dir='ltr'>Jesum</span> <span class='ocrx_word' id='word_1_11' title='bbox 1288 548 1410 584; x_wconf 87' lang='lat' dir='ltr'>am-</span> 
     </span>
     <span class='ocr_line' id='line_1_4' title="bbox 349 603 1411 669; baseline 0.001 -16"><span class='ocrx_word' id='word_1_12' title='bbox 349 603 629 665; x_wconf 82' lang='lat' dir='ltr'>bulantem,</span> <span class='ocrx_word' id='word_1_13' title='bbox 660 614 918 669; x_wconf 90' lang='lat' dir='ltr'>tanquam</span> <span class='ocrx_word' id='word_1_14' title='bbox 947 604 1003 654; x_wconf 94' lang='lat' dir='ltr'>in</span> <span class='ocrx_word' id='word_1_15' title='bbox 1031 604 1411 659; x_wconf 82' lang='lat' dir='ltr'>salute.nostra</span> 
     </span>
     <span class='ocr_line' id='line_1_5' title="bbox 346 674 1411 740; baseline 0.001 -16"><span class='ocrx_word' id='word_1_16' title='bbox 346 674 683 740; x_wconf 90' lang='lat' dir='ltr'>procuranda</span> <span class='ocrx_word' id='word_1_17' title='bbox 736 674 1161 740; x_wconf 85' lang='lat' dir='ltr'>proficiscentem</span> <span class='ocrx_word' id='word_1_18' title='bbox 1180 713 1194 735; x_wconf 93' lang='lat'>,</span> <span class='ocrx_word' id='word_1_19' title='bbox 1265 675 1411 740; x_wconf 82' lang='lat' dir='ltr'>juxta</span> 
     </span>
     <span class='ocr_line' id='line_1_6' title="bbox 346 745 1409 812; baseline 0.001 -17"><span class='ocrx_word' id='word_1_20' title='bbox 346 745 652 805; x_wconf 86' lang='lat' dir='ltr'>Jordanem,</span> <span class='ocrx_word' id='word_1_21' title='bbox 685 745 885 796; x_wconf 90' lang='lat' dir='ltr'>scilicet</span> <span class='ocrx_word' id='word_1_22' title='bbox 912 761 1076 812; x_wconf 88' lang='lat' dir='ltr'>prope</span> <span class='ocrx_word' id='word_1_23' title='bbox 1110 748 1288 797; x_wconf 90' lang='lat' dir='ltr'>locum</span> <span class='ocrx_word' id='word_1_24' title='bbox 1313 746 1409 796; x_wconf 89' lang='lat' dir='ltr'>ubi</span> 
     </span>
     <span class='ocr_line' id='line_1_7' title="bbox 347 814 1408 882; baseline 0.001 -18"><span class='ocrx_word' id='word_1_25' title='bbox 347 814 579 865; x_wconf 88' lang='lat' dir='ltr'>Joannes</span> <span class='ocrx_word' id='word_1_26' title='bbox 628 816 829 876; x_wconf 88' lang='lat' dir='ltr'>stabat,</span> <span class='ocrx_word' id='word_1_27' title='bbox 879 818 1008 882; x_wconf 89' lang='lat' dir='ltr'>quia</span> <span class='ocrx_word' id='word_1_28' title='bbox 1051 817 1206 866; x_wconf 90' lang='lat' dir='ltr'>Jesus</span> <span class='ocrx_word' id='word_1_29' title='bbox 1253 825 1408 882; x_wconf 91' lang='lat' dir='ltr'>post-</span> 
     </span>
     <span class='ocr_line' id='line_1_8' title="bbox 350 886 1410 953; baseline 0 -18"><span class='ocrx_word' id='word_1_30' title='bbox 350 900 514 951; x_wconf 88' lang='lat' dir='ltr'><strong>quam</strong></span> <span class='ocrx_word' id='word_1_31' title='bbox 553 901 584 936; x_wconf 89' lang='lat' dir='ltr'>a</span> <span class='ocrx_word' id='word_1_32' title='bbox 626 887 830 936; x_wconf 89' lang='lat' dir='ltr'>Joanne</span> <span class='ocrx_word' id='word_1_33' title='bbox 870 897 949 936; x_wconf 91' lang='lat' dir='ltr'>est</span> <span class='ocrx_word' id='word_1_34' title='bbox 989 887 1300 953; x_wconf 86' lang='lat' dir='ltr'>baptizatus,</span> <span class='ocrx_word' id='word_1_35' title='bbox 1343 886 1410 936; x_wconf 86' lang='lat' dir='ltr'>ad</span> 
     </span>
     <span class='ocr_line' id='line_1_9' title="bbox 348 958 1413 1025; baseline 0.002 -18"><span class='ocrx_word' id='word_1_36' title='bbox 348 968 562 1024; x_wconf 89' lang='lat' dir='ltr'>tempus</span> <span class='ocrx_word' id='word_1_37' title='bbox 591 974 755 1025; x_wconf 89' lang='lat' dir='ltr'>prope</span> <span class='ocrx_word' id='word_1_38' title='bbox 778 960 956 1009; x_wconf 89' lang='lat' dir='ltr'>locum</span> <span class='ocrx_word' id='word_1_39' title='bbox 988 958 1143 1010; x_wconf 88' lang='lat' dir='ltr'>illurn</span> <span class='ocrx_word' id='word_1_40' title='bbox 1174 960 1413 1009; x_wconf 89' lang='lat' dir='ltr'>moraba-</span> 
     </span>
     <span class='ocr_line' id='line_1_10' title="bbox 352 1028 1409 1090; baseline 0.002 -13"><span class='ocrx_word' id='word_1_41' title='bbox 352 1039 458 1087; x_wconf 89' lang='lat' dir='ltr'>tur,</span> <span class='ocrx_word' id='word_1_42' title='bbox 496 1038 549 1078; x_wconf 91' lang='lat' dir='ltr'>et</span> <span class='ocrx_word' id='word_1_43' title='bbox 587 1028 755 1079; x_wconf 90' lang='lat' dir='ltr'>factus</span> <span class='ocrx_word' id='word_1_44' title='bbox 784 1040 865 1080; x_wconf 92' lang='lat' dir='ltr'>est</span> <span class='ocrx_word' id='word_1_45' title='bbox 886 1030 1078 1080; x_wconf 89' lang='lat' dir='ltr'>Joanni</span> <span class='ocrx_word' id='word_1_46' title='bbox 1107 1029 1409 1090; x_wconf 87' lang='lat' dir='ltr'>familiaris,</span> 
     </span>
     <span class='ocr_line' id='line_1_11' title="bbox 351 1099 1411 1168; baseline 0.002 -18"><span class='ocrx_word' id='word_1_47' title='bbox 351 1109 412 1150; x_wconf 90' lang='lat' dir='ltr'>ut</span> <span class='ocrx_word' id='word_1_48' title='bbox 439 1099 516 1149; x_wconf 91' lang='lat' dir='ltr'>sic</span> <span class='ocrx_word' id='word_1_49' title='bbox 550 1101 776 1151; x_wconf 89' lang='lat' dir='ltr'>Joannes</span> <span class='ocrx_word' id='word_1_50' title='bbox 816 1100 1119 1168; x_wconf 86' lang='lat' dir='ltr'>frequenter</span> <span class='ocrx_word' id='word_1_51' title='bbox 1162 1102 1411 1152; x_wconf 89' lang='lat' dir='ltr'>testimo-</span> 
     </span>
     <span class='ocr_line' id='line_1_12' title="bbox 352 1169 1413 1237; baseline 0.002 -19"><span class='ocrx_word' id='word_1_52' title='bbox 352 1169 506 1219; x_wconf 89' lang='lat' dir='ltr'>nium</span> <span class='ocrx_word' id='word_1_53' title='bbox 538 1169 595 1219; x_wconf 88' lang='lat' dir='ltr'>in</span> <span class='ocrx_word' id='word_1_54' title='bbox 651 1171 735 1220; x_wconf 93' lang='lat' dir='ltr'>sui</span> <span class='ocrx_word' id='word_1_55' title='bbox 767 1172 1051 1237; x_wconf 80' lang='lat' dir='ltr'>praesentia</span> <span class='ocrx_word' id='word_1_56' title='bbox 1095 1171 1326 1235; x_wconf 89' lang='lat' dir='ltr'>diceret,</span> <span class='ocrx_word' id='word_1_57' title='bbox 1360 1181 1413 1221; x_wconf 90' lang='lat' dir='ltr'>et</span> 
     </span>
     <span class='ocr_line' id='line_1_13' title="bbox 352 1240 1410 1309; baseline 0.001 -18"><span class='ocrx_word' id='word_1_58' title='bbox 352 1240 429 1291; x_wconf 91' lang='lat' dir='ltr'>sic</span> <span class='ocrx_word' id='word_1_59' title='bbox 454 1240 706 1292; x_wconf 88' lang='lat' dir='ltr'>Christus</span> <span class='ocrx_word' id='word_1_60' title='bbox 737 1244 802 1292; x_wconf 87' lang='lat' dir='ltr'>ab</span> <span class='ocrx_word' id='word_1_61' title='bbox 831 1243 952 1293; x_wconf 90' lang='lat' dir='ltr'>aliis</span> <span class='ocrx_word' id='word_1_62' title='bbox 979 1253 1410 1309; x_wconf 86' lang='lat' dir='ltr'>cognosceretur.</span> 
     </span>
     <span class='ocr_line' id='line_1_14' title="bbox 352 1313 1411 1377; baseline 0.002 -15"><span class='ocrx_word' id='word_1_63' title='bbox 352 1313 412 1362; x_wconf 89' lang='lat' dir='ltr'>In</span> <span class='ocrx_word' id='word_1_64' title='bbox 441 1326 550 1377; x_wconf 92' lang='lat' dir='ltr'>quo</span> <span class='ocrx_word' id='word_1_65' title='bbox 574 1315 978 1364; x_wconf 88' lang='lat' dir='ltr'>commendatur</span> <span class='ocrx_word' id='word_1_66' title='bbox 1005 1313 1230 1364; x_wconf 89' lang='lat' dir='ltr'>Joannis</span> <span class='ocrx_word' id='word_1_67' title='bbox 1276 1329 1411 1363; x_wconf 90' lang='lat' dir='ltr'>con-</span> 
     </span>
     <span class='ocr_line' id='line_1_15' title="bbox 351 1381 1411 1450; baseline 0.001 -18"><span class='ocrx_word' id='word_1_68' title='bbox 351 1381 561 1445; x_wconf 88' lang='lat' dir='ltr'>stantia,</span> <span class='ocrx_word' id='word_1_69' title='bbox 591 1383 719 1450; x_wconf 89' lang='lat' dir='ltr'>quia</span> <span class='ocrx_word' id='word_1_70' title='bbox 743 1400 854 1433; x_wconf 89' lang='lat' dir='ltr'>non</span> <span class='ocrx_word' id='word_1_71' title='bbox 884 1400 992 1435; x_wconf 89' lang='lat' dir='ltr'>una</span> <span class='ocrx_word' id='word_1_72' title='bbox 1039 1384 1125 1434; x_wconf 92' lang='lat' dir='ltr'>die</span> <span class='ocrx_word' id='word_1_73' title='bbox 1146 1422 1159 1443; x_wconf 91' lang='lat'>,</span> <span class='ocrx_word' id='word_1_74' title='bbox 1193 1399 1290 1433; x_wconf 92' lang='lat' dir='ltr'>nec</span> <span class='ocrx_word' id='word_1_75' title='bbox 1322 1398 1411 1433; x_wconf 87' lang='lat' dir='ltr'>se-</span> 
     </span>
     <span class='ocr_line' id='line_1_16' title="bbox 353 1454 1414 1520; baseline 0.003 -18"><span class='ocrx_word' id='word_1_76' title='bbox 353 1454 460 1503; x_wconf 91' lang='lat' dir='ltr'>mel</span> <span class='ocrx_word' id='word_1_77' title='bbox 488 1464 715 1516; x_wconf 90' lang='lat' dir='ltr'>tantum,</span> <span class='ocrx_word' id='word_1_78' title='bbox 738 1455 829 1504; x_wconf 92' lang='lat' dir='ltr'>sed</span> <span class='ocrx_word' id='word_1_79' title='bbox 856 1454 1103 1520; x_wconf 91' lang='lat' dir='ltr'>pluribus</span> <span class='ocrx_word' id='word_1_80' title='bbox 1122 1454 1332 1515; x_wconf 78' lang='lat' dir='ltr'>diebuS,</span> <span class='ocrx_word' id='word_1_81' title='bbox 1362 1464 1414 1504; x_wconf 87' lang='lat' dir='ltr'>et</span> 
     </span>
     <span class='ocr_line' id='line_1_17' title="bbox 351 1527 1417 1594; baseline 0.002 -19"><span class='ocrx_word' id='word_1_82' title='bbox 351 1527 644 1588; x_wconf 90' lang='lat' dir='ltr'>multoties,</span> <span class='ocrx_word' id='word_1_83' title='bbox 672 1529 888 1578; x_wconf 90' lang='lat' dir='ltr'>Christo</span> <span class='ocrx_word' id='word_1_84' title='bbox 920 1529 1231 1594; x_wconf 85' lang='lat' dir='ltr'>perhibebat</span> <span class='ocrx_word' id='word_1_85' title='bbox 1259 1527 1417 1578; x_wconf 90' lang='lat' dir='ltr'>testi-</span> 
     </span>
     <span class='ocr_line' id='line_1_18' title="bbox 353 1597 1417 1665; baseline 0.003 -19"><span class='ocrx_word' id='word_1_86' title='bbox 353 1597 620 1648; x_wconf 90' lang='lat' dir='ltr'>monium.</span> <span class='ocrx_word' id='word_1_87' title='bbox 649 1600 802 1649; x_wconf 87' lang='lat' dir='ltr'>Unde</span> <span class='ocrx_word' id='word_1_88' title='bbox 830 1600 1082 1651; x_wconf 91' lang='lat' dir='ltr'>subditur</span> <span class='ocrx_word' id='word_1_89' title='bbox 1113 1601 1228 1665; x_wconf 88' lang='lat' dir='ltr'>ejus</span> <span class='ocrx_word' id='word_1_90' title='bbox 1257 1598 1417 1649; x_wconf 89' lang='lat' dir='ltr'>testi-</span> 
     </span>
     <span class='ocr_line' id='line_1_19' title="bbox 353 1667 1415 1735; baseline 0.003 -19"><span class='ocrx_word' id='word_1_91' title='bbox 353 1667 601 1717; x_wconf 90' lang='lat' dir='ltr'>monium</span> <span class='ocrx_word' id='word_1_92' title='bbox 633 1667 819 1718; x_wconf 86' lang='lat' dir='ltr'>iterato</span> <span class='ocrx_word' id='word_1_93' title='bbox 862 1669 1087 1730; x_wconf 88' lang='lat' dir='ltr'>factum,</span> <span class='ocrx_word' id='word_1_94' title='bbox 1126 1669 1255 1735; x_wconf 89' lang='lat' dir='ltr'>quia</span> <span class='ocrx_word' id='word_1_95' title='bbox 1288 1685 1415 1719; x_wconf 90' lang='lat' dir='ltr'>cum</span> 
     </span>
     <span class='ocr_line' id='line_1_20' title="bbox 353 1738 1416 1807; baseline 0.002 -19"><span class='ocrx_word' id='word_1_96' title='bbox 353 1738 555 1788; x_wconf 90' lang='lat' dir='ltr'>viderat</span> <span class='ocrx_word' id='word_1_97' title='bbox 578 1740 783 1798; x_wconf 87' lang='lat' dir='ltr'>Jesum,</span> <span class='ocrx_word' id='word_1_98' title='bbox 815 1740 951 1790; x_wconf 83' lang='lat' dir='ltr'>dixit</span> <span class='ocrx_word' id='word_1_99' title='bbox 993 1757 1006 1791; x_wconf 88' lang='lat'>:</span> <span class='ocrx_word' id='word_1_100' title='bbox 1052 1741 1196 1792; x_wconf 86' lang='lat' dir='ltr'>Ecce</span> <span class='ocrx_word' id='word_1_101' title='bbox 1217 1743 1416 1807; x_wconf 82' lang='lat' dir='ltr'>Agnus</span> 
     </span>
     <span class='ocr_line' id='line_1_21' title="bbox 352 1808 1415 1877; baseline 0.005 -20"><span class='ocrx_word' id='word_1_102' title='bbox 352 1808 477 1858; x_wconf 81' lang='lat' dir='ltr'>Dei.</span> <span class='ocrx_word' id='word_1_103' title='bbox 507 1809 637 1859; x_wconf 85' lang='lat' dir='ltr'>Ecce</span> <span class='ocrx_word' id='word_1_104' title='bbox 660 1825 849 1860; x_wconf 85' lang='lat' dir='ltr'>vervex</span> <span class='ocrx_word' id='word_1_105' title='bbox 865 1810 960 1877; x_wconf 92' lang='lat' dir='ltr'>qui</span> <span class='ocrx_word' id='word_1_106' title='bbox 984 1810 1292 1876; x_wconf 91' lang='lat' dir='ltr'>sequendus</span> <span class='ocrx_word' id='word_1_107' title='bbox 1317 1821 1415 1873; x_wconf 89' lang='lat' dir='ltr'>est,</span> 
     </span>
     <span class='ocr_line' id='line_1_22' title="bbox 355 1879 1418 1949; baseline 0.004 -20"><span class='ocrx_word' id='word_1_108' title='bbox 355 1879 495 1930; x_wconf 90' lang='lat' dir='ltr'>sicut</span> <span class='ocrx_word' id='word_1_109' title='bbox 542 1880 650 1929; x_wconf 83' lang='lat' dir='ltr'>dux</span> <span class='ocrx_word' id='word_1_110' title='bbox 687 1881 880 1946; x_wconf 91' lang='lat' dir='ltr'>gregis.</span> <span class='ocrx_word' id='word_1_111' title='bbox 938 1881 1176 1932; x_wconf 87' lang='lat' dir='ltr'>Breviter</span> <span class='ocrx_word' id='word_1_112' title='bbox 1226 1882 1418 1949; x_wconf 92' lang='lat' dir='ltr'>repetit</span> 
     </span>
     <span class='ocr_line' id='line_1_23' title="bbox 356 1952 1420 2019; baseline 0.002 -17"><span class='ocrx_word' id='word_1_113' title='bbox 356 1952 692 2017; x_wconf 84' lang='lat' dir='ltr'>Evangelista</span> <span class='ocrx_word' id='word_1_114' title='bbox 711 1952 1103 2014; x_wconf 89' lang='lat' dir='ltr'>testimonium,</span> <span class='ocrx_word' id='word_1_115' title='bbox 1127 1955 1272 2019; x_wconf 92' lang='lat' dir='ltr'>quod</span> <span class='ocrx_word' id='word_1_116' title='bbox 1297 1954 1420 2004; x_wconf 89' lang='lat' dir='ltr'>fue-</span> 
     </span>
     <span class='ocr_line' id='line_1_24' title="bbox 353 2023 1419 2088; baseline 0.004 -17"><span class='ocrx_word' id='word_1_117' title='bbox 353 2031 435 2072; x_wconf 89' lang='lat' dir='ltr'>rat</span> <span class='ocrx_word' id='word_1_118' title='bbox 473 2023 721 2088; x_wconf 91' lang='lat' dir='ltr'>superius</span> <span class='ocrx_word' id='word_1_119' title='bbox 770 2024 971 2073; x_wconf 87' lang='lat' dir='ltr'>dictum</span> <span class='ocrx_word' id='word_1_120' title='bbox 992 2062 1005 2084; x_wconf 92' lang='lat'>,</span> <span class='ocrx_word' id='word_1_121' title='bbox 1039 2034 1091 2074; x_wconf 90' lang='lat' dir='ltr'>et</span> <span class='ocrx_word' id='word_1_122' title='bbox 1118 2023 1239 2075; x_wconf 90' lang='lat' dir='ltr'>ideo</span> <span class='ocrx_word' id='word_1_123' title='bbox 1265 2025 1419 2075; x_wconf 89' lang='lat' dir='ltr'>omit-</span> 
     </span>
     <span class='ocr_line' id='line_1_25' title="bbox 355 2094 1414 2163; baseline 0.003 -18"><span class='ocrx_word' id='word_1_124' title='bbox 355 2094 421 2145; x_wconf 91' lang='lat' dir='ltr'>tit</span> <span class='ocrx_word' id='word_1_125' title='bbox 478 2095 753 2146; x_wconf 88' lang='lat' dir='ltr'>residuum</span> <span class='ocrx_word' id='word_1_126' title='bbox 807 2097 953 2163; x_wconf 91' lang='lat' dir='ltr'>quod</span> <span class='ocrx_word' id='word_1_127' title='bbox 1002 2112 1163 2162; x_wconf 88' lang='lat' dir='ltr'>supra</span> <span class='ocrx_word' id='word_1_128' title='bbox 1211 2097 1414 2148; x_wconf 89' lang='lat' dir='ltr'>dictum</span> 
     </span>
     <span class='ocr_line' id='line_1_26' title="bbox 356 2168 1417 2237; baseline 0.003 -19"><span class='ocrx_word' id='word_1_129' title='bbox 356 2178 437 2219; x_wconf 90' lang='lat' dir='ltr'>est</span> <span class='ocrx_word' id='word_1_130' title='bbox 461 2207 475 2230; x_wconf 92' lang='lat'>,</span> <span class='ocrx_word' id='word_1_131' title='bbox 528 2168 729 2219; x_wconf 90' lang='lat' dir='ltr'>scilicet</span> <span class='ocrx_word' id='word_1_132' title='bbox 790 2186 804 2219; x_wconf 76' lang='grc' dir='ltr'>ε</span> <span class='ocrx_word' id='word_1_133' title='bbox 856 2169 949 2236; x_wconf 80' lang='lat' dir='ltr'>qui</span> <span class='ocrx_word' id='word_1_134' title='bbox 994 2170 1134 2220; x_wconf 81' lang='lat' dir='ltr'>tollit</span> <span class='ocrx_word' id='word_1_135' title='bbox 1188 2177 1417 2237; x_wconf 80' lang='lat' dir='ltr'>peccata</span> 
     </span>
     <span class='ocr_line' id='line_1_27' title="bbox 354 2241 1416 2308; baseline 0.005 -18"><span class='ocrx_word' id='word_1_136' title='bbox 354 2241 538 2291; x_wconf 67' lang='lat' dir='ltr'>„tundi</span> <span class='ocrx_word' id='word_1_137' title='bbox 552 2280 568 2304; x_wconf 94' lang='lat'>,</span> <span class='ocrx_word' id='word_1_138' title='bbox 632 2242 768 2292; x_wconf 92' lang='lat' dir='ltr'>sicut</span> <span class='ocrx_word' id='word_1_139' title='bbox 809 2258 973 2308; x_wconf 91' lang='lat' dir='ltr'>supra</span> <span class='ocrx_word' id='word_1_140' title='bbox 1022 2253 1100 2293; x_wconf 91' lang='lat' dir='ltr'>est</span> <span class='ocrx_word' id='word_1_141' title='bbox 1150 2244 1416 2295; x_wconf 88' lang='lat' dir='ltr'>habitum.</span> 
     </span>
     <span class='ocr_line' id='line_1_28' title="bbox 355 2312 1418 2381; baseline 0.004 -20"><span class='ocrx_word' id='word_1_142' title='bbox 355 2312 453 2361; x_wconf 90' lang='lat' dir='ltr'>Per</span> <span class='ocrx_word' id='word_1_143' title='bbox 501 2312 758 2362; x_wconf 88' lang='lat' dir='ltr'>Joannem</span> <span class='ocrx_word' id='word_1_144' title='bbox 804 2313 1117 2379; x_wconf 85' lang='lat' dir='ltr'>praedicator</span> <span class='ocrx_word' id='word_1_145' title='bbox 1164 2314 1418 2381; x_wconf 87' lang='lat' dir='ltr'>Evange-</span> 
     </span>
     <span class='ocr_line' id='line_1_29' title="bbox 353 2383 1415 2454; baseline 0.005 -22"><span class='ocrx_word' id='word_1_146' title='bbox 353 2383 413 2433; x_wconf 90' lang='lat' dir='ltr'>lii</span> <span class='ocrx_word' id='word_1_147' title='bbox 463 2383 791 2449; x_wconf 87' lang='lat' dir='ltr'>designatur.</span> <span class='ocrx_word' id='word_1_148' title='bbox 845 2386 914 2434; x_wconf 88' lang='lat' dir='ltr'>Et</span> <span class='ocrx_word' id='word_1_149' title='bbox 964 2401 1057 2451; x_wconf 90' lang='lat' dir='ltr'>per</span> <span class='ocrx_word' id='word_1_150' title='bbox 1119 2386 1223 2437; x_wconf 92' lang='lat' dir='ltr'>hoc</span> <span class='ocrx_word' id='word_1_151' title='bbox 1268 2387 1415 2454; x_wconf 91' lang='lat' dir='ltr'>quod</span> 
     </span>
     <span class='ocr_line' id='line_1_30' title="bbox 353 2454 1415 2520; baseline 0.006 -16"><span class='ocrx_word' id='word_1_152' title='bbox 353 2454 576 2517; x_wconf 89' lang='lat' dir='ltr'>dicitur,</span> <span class='ocrx_word' id='word_1_153' title='bbox 626 2456 715 2506; x_wconf 87' lang='lat' dir='ltr'>hic</span> <span class='ocrx_word' id='word_1_154' title='bbox 768 2458 969 2520; x_wconf 82' lang='lat' dir='ltr'>stabat,</span> <span class='ocrx_word' id='word_1_155' title='bbox 1027 2469 1079 2509; x_wconf 91' lang='lat' dir='ltr'>et</span> <span class='ocrx_word' id='word_1_156' title='bbox 1133 2459 1270 2510; x_wconf 91' lang='lat' dir='ltr'>vidit</span> <span class='ocrx_word' id='word_1_157' title='bbox 1314 2460 1415 2510; x_wconf 87' lang='lat' dir='ltr'>Je-</span> 
     </span>
     <span class='ocr_line' id='line_1_31' title="bbox 354 2528 1418 2591; baseline 0.007 -15"><span class='ocrx_word' id='word_1_158' title='bbox 354 2541 470 2577; x_wconf 81' lang='lat' dir='ltr'>sum</span> <span class='ocrx_word' id='word_1_159' title='bbox 517 2528 887 2591; x_wconf 80' lang='lat' dir='ltr'>ambulantem,</span> <span class='ocrx_word' id='word_1_160' title='bbox 931 2540 983 2581; x_wconf 87' lang='lat' dir='ltr'>et</span> <span class='ocrx_word' id='word_1_161' title='bbox 1023 2531 1173 2582; x_wconf 80' lang='lat' dir='ltr'>dixit</span> <span class='ocrx_word' id='word_1_162' title='bbox 1211 2550 1230 2583; x_wconf 94' lang='lat'>.·</span> <span class='ocrx_word' id='word_1_163' title='bbox 1272 2532 1418 2583; x_wconf 85' lang='lat' dir='ltr'>Ecce</span> 
     </span>
     <span class='ocr_line' id='line_1_32' title="bbox 352 2599 1417 2669; baseline 0.006 -22"><span class='ocrx_word' id='word_1_164' title='bbox 352 2599 548 2663; x_wconf 81' lang='lat' dir='ltr'>Agnus</span> <span class='ocrx_word' id='word_1_165' title='bbox 572 2599 678 2649; x_wconf 89' lang='lat' dir='ltr'>Dei</span> <span class='ocrx_word' id='word_1_166' title='bbox 686 2615 707 2660; x_wconf 91' lang='lat'><em>;</em></span> <span class='ocrx_word' id='word_1_167' title='bbox 750 2599 1081 2665; x_wconf 89' lang='lat' dir='ltr'>significatur</span> <span class='ocrx_word' id='word_1_168' title='bbox 1102 2603 1248 2668; x_wconf 91' lang='lat' dir='ltr'>quod</span> <span class='ocrx_word' id='word_1_169' title='bbox 1278 2619 1417 2669; x_wconf 87' lang='lat' dir='ltr'>prae-</span> 
     </span>
     <span class='ocr_line' id='line_1_33' title="bbox 353 2670 1417 2739; baseline 0.007 -20"><span class='ocrx_word' id='word_1_170' title='bbox 353 2670 556 2720; x_wconf 91' lang='lat' dir='ltr'>dicator</span> <span class='ocrx_word' id='word_1_171' title='bbox 594 2671 874 2739; x_wconf 86' lang='lat' dir='ltr'>Evangelii</span> <span class='ocrx_word' id='word_1_172' title='bbox 924 2674 1081 2725; x_wconf 92' lang='lat' dir='ltr'>debet</span> <span class='ocrx_word' id='word_1_173' title='bbox 1124 2691 1238 2725; x_wconf 85' lang='lat' dir='ltr'>esse</span> <span class='ocrx_word' id='word_1_174' title='bbox 1279 2691 1417 2726; x_wconf 91' lang='lat' dir='ltr'>con-</span> 
     </span>
     <span class='ocr_line' id='line_1_34' title="bbox 356 2741 1419 2808; baseline 0.007 -20"><span class='ocrx_word' id='word_1_175' title='bbox 356 2749 504 2790; x_wconf 90' lang='lat' dir='ltr'>stans</span> <span class='ocrx_word' id='word_1_176' title='bbox 550 2741 608 2791; x_wconf 90' lang='lat' dir='ltr'>in</span> <span class='ocrx_word' id='word_1_177' title='bbox 636 2743 1011 2808; x_wconf 87' lang='lat' dir='ltr'>praedicatione</span> <span class='ocrx_word' id='word_1_178' title='bbox 1037 2745 1184 2795; x_wconf 90' lang='lat' dir='ltr'>verbi</span> <span class='ocrx_word' id='word_1_179' title='bbox 1216 2745 1334 2806; x_wconf 92' lang='lat' dir='ltr'>Dei,</span> <span class='ocrx_word' id='word_1_180' title='bbox 1365 2755 1419 2796; x_wconf 91' lang='lat' dir='ltr'>et</span> 
     </span>
     <span class='ocr_line' id='line_1_35' title="bbox 352 2810 1420 2881; baseline 0.007 -21"><span class='ocrx_word' id='word_1_181' title='bbox 352 2810 638 2876; x_wconf 87' lang='lat' dir='ltr'>diligenter</span> <span class='ocrx_word' id='word_1_182' title='bbox 659 2814 996 2865; x_wconf 89' lang='lat' dir='ltr'>considerare</span> <span class='ocrx_word' id='word_1_183' title='bbox 1022 2831 1271 2881; x_wconf 90' lang='lat' dir='ltr'>processu</span> <span class='ocrx_word' id='word_1_184' title='bbox 1287 2816 1420 2868; x_wconf 89' lang='lat' dir='ltr'>mvi·</span> 
     </span>
     <span class='ocr_line' id='line_1_36' title="bbox 355 2884 1417 2946; baseline 0.007 -14"><span class='ocrx_word' id='word_1_185' title='bbox 355 2894 423 2933; x_wconf 86' lang='lat' dir='ltr'>tae</span> <span class='ocrx_word' id='word_1_186' title='bbox 454 2884 688 2946; x_wconf 90' lang='lat' dir='ltr'>Christi,</span> <span class='ocrx_word' id='word_1_187' title='bbox 731 2896 783 2937; x_wconf 92' lang='lat' dir='ltr'>et</span> <span class='ocrx_word' id='word_1_188' title='bbox 822 2902 929 2937; x_wconf 89' lang='lat' dir='ltr'>non</span> <span class='ocrx_word' id='word_1_189' title='bbox 959 2889 1137 2938; x_wconf 89' lang='lat' dir='ltr'>solum</span> <span class='ocrx_word' id='word_1_190' title='bbox 1167 2888 1417 2939; x_wconf 89' lang='lat' dir='ltr'>conside-</span> 
     </span>
     <span class='ocr_line' id='line_1_37' title="bbox 355 2956 1418 3024; baseline 0.006 -20"><span class='ocrx_word' id='word_1_191' title='bbox 355 2969 501 3014; x_wconf 91' lang='lat' dir='ltr'>rare,</span> <span class='ocrx_word' id='word_1_192' title='bbox 545 2956 636 3005; x_wconf 89' lang='lat' dir='ltr'>sed</span> <span class='ocrx_word' id='word_1_193' title='bbox 670 2956 831 3007; x_wconf 90' lang='lat' dir='ltr'>etiam</span> <span class='ocrx_word' id='word_1_194' title='bbox 868 2957 1206 3024; x_wconf 58' lang='lat' dir='ltr'>praedicarep</span> <span class='ocrx_word' id='word_1_195' title='bbox 1230 2967 1282 3009; x_wconf 90' lang='lat' dir='ltr'>et</span> <span class='ocrx_word' id='word_1_196' title='bbox 1316 2974 1418 3010; x_wconf 90' lang='lat' dir='ltr'>au-</span> 
     </span>
     <span class='ocr_line' id='line_1_38' title="bbox 355 3025 1415 3096; baseline 0.006 -22"><span class='ocrx_word' id='word_1_197' title='bbox 355 3025 563 3076; x_wconf 87' lang='lat' dir='ltr'>dientes</span> <span class='ocrx_word' id='word_1_198' title='bbox 577 3027 770 3079; x_wconf 91' lang='lat' dir='ltr'>debent</span> <span class='ocrx_word' id='word_1_199' title='bbox 788 3030 975 3080; x_wconf 91' lang='lat' dir='ltr'>devote</span> <span class='ocrx_word' id='word_1_200' title='bbox 1005 3030 1237 3096; x_wconf 87' lang='lat' dir='ltr'>recipere</span> <span class='ocrx_word' id='word_1_201' title='bbox 1255 3030 1415 3080; x_wconf 88' lang='lat' dir='ltr'>talem</span> 
     </span>
     <span class='ocr_line' id='line_1_39' title="bbox 355 3097 1418 3163; baseline 0.008 -19"><span class='ocrx_word' id='word_1_202' title='bbox 355 3097 809 3163; x_wconf 82' lang='lat' dir='ltr'>praedicationem3</span> <span class='ocrx_word' id='word_1_203' title='bbox 855 3110 907 3151; x_wconf 91' lang='lat' dir='ltr'>et</span> <span class='ocrx_word' id='word_1_204' title='bbox 956 3101 1221 3151; x_wconf 88' lang='lat' dir='ltr'>Dominus</span> <span class='ocrx_word' id='word_1_205' title='bbox 1263 3103 1418 3152; x_wconf 88' lang='lat' dir='ltr'>Jesus</span> 
     </span>
     <span class='ocr_line' id='line_1_40' title="bbox 355 3168 1416 3238; baseline 0.005 -20"><span class='ocrx_word' id='word_1_206' title='bbox 355 3168 424 3218; x_wconf 90' lang='lat' dir='ltr'>ad</span> <span class='ocrx_word' id='word_1_207' title='bbox 440 3169 571 3219; x_wconf 90' lang='lat' dir='ltr'>tales</span> <span class='ocrx_word' id='word_1_208' title='bbox 595 3171 924 3222; x_wconf 89' lang='lat' dir='ltr'>convertitur</span> <span class='ocrx_word' id='word_1_209' title='bbox 948 3188 1041 3238; x_wconf 89' lang='lat' dir='ltr'>per</span> <span class='ocrx_word' id='word_1_210' title='bbox 1055 3173 1416 3237; x_wconf 81' lang='lat' dir='ltr'>clementiam,</span> 
     </span>
     <span class='ocr_line' id='line_1_41' title="bbox 356 3240 1418 3309; baseline 0.008 -21"><span class='ocrx_word' id='word_1_211' title='bbox 356 3248 409 3288; x_wconf 90' lang='lat' dir='ltr'>et</span> <span class='ocrx_word' id='word_1_212' title='bbox 434 3240 620 3306; x_wconf 89' lang='lat' dir='ltr'>recipit</span> <span class='ocrx_word' id='word_1_213' title='bbox 638 3257 732 3306; x_wconf 91' lang='lat' dir='ltr'>per</span> <span class='ocrx_word' id='word_1_214' title='bbox 750 3243 992 3309; x_wconf 84' lang='lat' dir='ltr'>gratiam,</span> <span class='ocrx_word' id='word_1_215' title='bbox 1013 3255 1064 3293; x_wconf 92' lang='lat' dir='ltr'>et</span> <span class='ocrx_word' id='word_1_216' title='bbox 1085 3260 1178 3295; x_wconf 87' lang='lat' dir='ltr'>eos</span> <span class='ocrx_word' id='word_1_217' title='bbox 1198 3245 1418 3296; x_wconf 87' lang='lat' dir='ltr'>instruit</span> 
     </span>
     <span class='ocr_line' id='line_1_42' title="bbox 355 3310 1150 3365; baseline 0.009 -6"><span class='ocrx_word' id='word_1_218' title='bbox 355 3310 421 3359; x_wconf 91' lang='lat' dir='ltr'>de</span> <span class='ocrx_word' id='word_1_219' title='bbox 462 3311 774 3361; x_wconf 91' lang='lat' dir='ltr'>necessariis</span> <span class='ocrx_word' id='word_1_220' title='bbox 818 3314 883 3362; x_wconf 90' lang='lat' dir='ltr'>ad</span> <span class='ocrx_word' id='word_1_221' title='bbox 925 3316 1150 3365; x_wconf 87' lang='lat' dir='ltr'>salutem</span> 
     </span>
     <span class='ocr_line' id='line_1_43' title="bbox 356 3381 1178 3437; baseline 0.002 -3"><span class='ocrx_word' id='word_1_222' title='bbox 356 3382 606 3434; x_wconf 88' lang='lat' dir='ltr'>subditur</span> <span class='ocrx_word' id='word_1_223' title='bbox 631 3381 836 3433; x_wconf 88' lang='lat' dir='ltr'>fructus</span> <span class='ocrx_word' id='word_1_224' title='bbox 862 3384 1178 3437; x_wconf 89' lang='lat' dir='ltr'>testimonii.</span> 
     </span>
    </p>

    <p class='ocr_par' dir='ltr' id='par_1_3' title="bbox 352 3454 1418 4020">
     <span class='ocr_line' id='line_1_44' title="bbox 419 3454 1415 3508; baseline 0.005 -5"><span class='ocrx_word' id='word_1_225' title='bbox 419 3468 451 3503; x_wconf 86' lang='lat'>2</span> <span class='ocrx_word' id='word_1_226' title='bbox 523 3454 821 3503; x_wconf 67' lang='lat' dir='ltr'>Conveusio</span> <span class='ocrx_word' id='word_1_227' title='bbox 880 3454 1079 3505; x_wconf 74' lang='lat' dir='ltr'>Domm</span> <span class='ocrx_word' id='word_1_228' title='bbox 1140 3471 1210 3507; x_wconf 66' lang='lat' dir='ltr'>An</span> <span class='ocrx_word' id='word_1_229' title='bbox 1278 3472 1415 3508; x_wconf 81' lang='lat' dir='ltr'>nuos</span> 
     </span>
     <span class='ocr_line' id='line_1_45' title="bbox 353 3527 1414 3582; baseline 0.006 -10"><span class='ocrx_word' id='word_1_230' title='bbox 353 3538 658 3573; x_wconf 66' lang='lat' dir='ltr'>mscn’uros</span> <span class='ocrx_word' id='word_1_231' title='bbox 684 3539 982 3582; x_wconf 66' lang='lat' dir='ltr'>sx-:Qussnras</span> <span class='ocrx_word' id='word_1_232' title='bbox 1011 3541 1087 3577; x_wconf 67' lang='lat' dir='ltr'>ss.</span> <span class='ocrx_word' id='word_1_233' title='bbox 1120 3554 1183 3565; x_wconf 93' lang='lat'>—</span> <span class='ocrx_word' id='word_1_234' title='bbox 1209 3527 1288 3578; x_wconf 85' lang='lat' dir='ltr'>Et</span> <span class='ocrx_word' id='word_1_235' title='bbox 1309 3543 1414 3578; x_wconf 81' lang='lat' dir='ltr'>au-</span> 
     </span>
     <span class='ocr_line' id='line_1_46' title="bbox 355 3595 1416 3664; baseline 0.005 -18"><span class='ocrx_word' id='word_1_236' title='bbox 355 3595 569 3647; x_wconf 83' lang='lat' dir='ltr'>dierunt</span> <span class='ocrx_word' id='word_1_237' title='bbox 581 3612 697 3647; x_wconf 85' lang='lat' dir='ltr'>eum</span> <span class='ocrx_word' id='word_1_238' title='bbox 718 3597 823 3649; x_wconf 83' lang='lat' dir='ltr'>duo</span> <span class='ocrx_word' id='word_1_239' title='bbox 837 3598 1106 3664; x_wconf 77' lang='lat' dir='ltr'>discipuli,</span> <span class='ocrx_word' id='word_1_240' title='bbox 1121 3610 1173 3650; x_wconf 92' lang='lat' dir='ltr'>et</span> <span class='ocrx_word' id='word_1_241' title='bbox 1186 3600 1416 3651; x_wconf 90' lang='lat' dir='ltr'>credide-</span> 
     </span>
     <span class='ocr_line' id='line_1_47' title="bbox 353 3668 1415 3736; baseline 0.004 -20"><span class='ocrx_word' id='word_1_242' title='bbox 353 3677 481 3717; x_wconf 88' lang='lat' dir='ltr'>runt</span> <span class='ocrx_word' id='word_1_243' title='bbox 501 3668 756 3733; x_wconf 86' lang='lat' dir='ltr'>magistro</span> <span class='ocrx_word' id='word_1_244' title='bbox 771 3669 1032 3736; x_wconf 87' lang='lat' dir='ltr'>loquenti,</span> <span class='ocrx_word' id='word_1_245' title='bbox 1049 3684 1108 3720; x_wconf 87' lang='lat' dir='ltr'>ac</span> <span class='ocrx_word' id='word_1_246' title='bbox 1132 3685 1415 3720; x_wconf 90' lang='lat' dir='ltr'>commen-</span> 
     </span>
     <span class='ocr_line' id='line_1_48' title="bbox 353 3737 1413 3799; baseline 0.004 -13"><span class='ocrx_word' id='word_1_247' title='bbox 353 3737 500 3787; x_wconf 89' lang='lat' dir='ltr'>danti</span> <span class='ocrx_word' id='word_1_248' title='bbox 525 3739 726 3799; x_wconf 89' lang='lat' dir='ltr'>Jesum,</span> <span class='ocrx_word' id='word_1_249' title='bbox 767 3749 820 3790; x_wconf 92' lang='lat' dir='ltr'>et</span> <span class='ocrx_word' id='word_1_250' title='bbox 848 3739 914 3789; x_wconf 93' lang='lat' dir='ltr'>de</span> <span class='ocrx_word' id='word_1_251' title='bbox 946 3755 1008 3790; x_wconf 92' lang='lat' dir='ltr'>eo</span> <span class='ocrx_word' id='word_1_252' title='bbox 1041 3739 1413 3790; x_wconf 87' lang='lat' dir='ltr'>testimonium</span> 
     </span>
     <span class='ocr_line' id='line_1_49' title="bbox 354 3808 1413 3874; baseline 0.004 -17"><span class='ocrx_word' id='word_1_253' title='bbox 354 3808 680 3872; x_wconf 86' lang='lat' dir='ltr'>perhibenti,</span> <span class='ocrx_word' id='word_1_254' title='bbox 703 3818 754 3861; x_wconf 82' lang='lat' dir='ltr'>et</span> <span class='ocrx_word' id='word_1_255' title='bbox 777 3811 946 3862; x_wconf 82' lang='lat' dir='ltr'>secuti</span> <span class='ocrx_word' id='word_1_256' title='bbox 973 3817 1097 3861; x_wconf 81' lang='lat' dir='ltr'>sunt</span> <span class='ocrx_word' id='word_1_257' title='bbox 1121 3812 1324 3874; x_wconf 82' lang='lat' dir='ltr'>Jesum,</span> <span class='ocrx_word' id='word_1_258' title='bbox 1346 3812 1413 3861; x_wconf 88' lang='lat' dir='ltr'>ad</span> 
     </span>
     <span class='ocr_line' id='line_1_50' title="bbox 352 3880 1418 3950; baseline 0.006 -22"><span class='ocrx_word' id='word_1_259' title='bbox 352 3880 578 3931; x_wconf 87' lang='lat' dir='ltr'>verbum</span> <span class='ocrx_word' id='word_1_260' title='bbox 601 3883 841 3944; x_wconf 81' lang='lat' dir='ltr'>Joannis,</span> <span class='ocrx_word' id='word_1_261' title='bbox 856 3894 917 3934; x_wconf 92' lang='lat' dir='ltr'>ut</span> <span class='ocrx_word' id='word_1_262' title='bbox 939 3884 1121 3950; x_wconf 90' lang='lat' dir='ltr'>potius</span> <span class='ocrx_word' id='word_1_263' title='bbox 1150 3884 1304 3934; x_wconf 90' lang='lat' dir='ltr'>illum</span> <span class='ocrx_word' id='word_1_264' title='bbox 1328 3899 1418 3934; x_wconf 89' lang='lat' dir='ltr'>au·</span> 
     </span>
     <span class='ocr_line' id='line_1_51' title="bbox 352 3949 1417 4020; baseline 0.007 -21"><span class='ocrx_word' id='word_1_265' title='bbox 352 3949 534 4002; x_wconf 87' lang='lat' dir='ltr'>dirent</span> <span class='ocrx_word' id='word_1_266' title='bbox 580 3969 742 4019; x_wconf 89' lang='lat' dir='ltr'>quam</span> <span class='ocrx_word' id='word_1_267' title='bbox 793 3956 1084 4016; x_wconf 88' lang='lat' dir='ltr'>Joannem,</span> <span class='ocrx_word' id='word_1_268' title='bbox 1127 3956 1417 4020; x_wconf 84' lang='lat' dir='ltr'>gaudentes</span> 
     </span>
    </p>
   </div>
   <div class='ocr_carea' id='block_1_3' title="bbox 1207 3317 1417 3368">
    <p class='ocr_par' dir='ltr' id='par_1_4' title="bbox 1207 3317 1417 3368">
     <span class='ocr_line' id='line_1_52' title="bbox 1207 3317 1417 3368; baseline 0.005 -2"><span class='ocrx_word' id='word_1_269' title='bbox 1207 3331 1221 3366; x_wconf 72' lang='grc' dir='ltr'><strong>ε</strong></span> <span class='ocrx_word' id='word_1_270' title='bbox 1274 3317 1417 3368; x_wconf 88' lang='lat' dir='ltr'>unde</span> 
     </span>
    </p>
   </div>
   <div class='ocr_carea' id='block_1_4' title="bbox 928 342 1932 396">
    <p class='ocr_par' dir='ltr' id='par_1_5' title="bbox 928 342 1932 396">
     <span class='ocr_line' id='line_1_53' title="bbox 928 342 1932 396; baseline 0 -1"><span class='ocrx_word' id='word_1_271' title='bbox 928 344 1168 396; x_wconf 85' lang='lat' dir='ltr'>PRIMAE</span> <span class='ocrx_word' id='word_1_272' title='bbox 1196 343 1447 395; x_wconf 82' lang='lat' dir='ltr'><strong>PARTIS</strong></span> <span class='ocrx_word' id='word_1_273' title='bbox 1475 342 1712 396; x_wconf 85' lang='lat' dir='ltr'>CAPUT</span> <span class='ocrx_word' id='word_1_274' title='bbox 1738 343 1932 395; x_wconf 84' lang='lat' dir='ltr'>XXIV.</span> 
     </span>
    </p>
   </div>
   <div class='ocr_carea' id='block_1_5' title="bbox 1512 455 2596 4021">
    <p class='ocr_par' dir='ltr' id='par_1_6' title="bbox 1512 455 2596 4021">
     <span class='ocr_line' id='line_1_54' title="bbox 1514 455 2580 523; baseline -0.001 -15"><span class='ocrx_word' id='word_1_275' title='bbox 1514 473 1572 508; x_wconf 91' lang='lat' dir='ltr'>se</span> <span class='ocrx_word' id='word_1_276' title='bbox 1601 459 1816 509; x_wconf 85' lang='lat' dir='ltr'>tandem</span> <span class='ocrx_word' id='word_1_277' title='bbox 1856 456 2121 508; x_wconf 83' lang='lat' dir='ltr'>invenisse</span> <span class='ocrx_word' id='word_1_278' title='bbox 2167 455 2342 515; x_wconf 90' lang='lat' dir='ltr'>illum,</span> <span class='ocrx_word' id='word_1_279' title='bbox 2369 456 2437 507; x_wconf 89' lang='lat' dir='ltr'>de</span> <span class='ocrx_word' id='word_1_280' title='bbox 2466 472 2580 523; x_wconf 89' lang='lat' dir='ltr'>quo</span> 
     </span>
     <span class='ocr_line' id='line_1_55' title="bbox 1512 525 2580 593; baseline -0.002 -14"><span class='ocrx_word' id='word_1_281' title='bbox 1512 527 1671 579; x_wconf 88' lang='lat' dir='ltr'>toties</span> <span class='ocrx_word' id='word_1_282' title='bbox 1696 529 1958 578; x_wconf 90' lang='lat' dir='ltr'>Joannem</span> <span class='ocrx_word' id='word_1_283' title='bbox 2015 525 2293 577; x_wconf 90' lang='lat' dir='ltr'>audierant</span> <span class='ocrx_word' id='word_1_284' title='bbox 2344 527 2580 593; x_wconf 74' lang='lat' dir='ltr'>loquen-</span> 
     </span>
     <span class='ocr_line' id='line_1_56' title="bbox 1513 598 2575 665; baseline -0.002 -16"><span class='ocrx_word' id='word_1_285' title='bbox 1513 610 1639 649; x_wconf 89' lang='lat' dir='ltr'>tem.</span> <span class='ocrx_word' id='word_1_286' title='bbox 1672 598 2061 665; x_wconf 90' lang='lat' dir='ltr'>Relinquentes</span> <span class='ocrx_word' id='word_1_287' title='bbox 2079 598 2373 661; x_wconf 81' lang='lat' dir='ltr'>Joannem,</span> <span class='ocrx_word' id='word_1_288' title='bbox 2404 598 2575 648; x_wconf 89' lang='lat' dir='ltr'>secuti</span> 
     </span>
     <span class='ocr_line' id='line_1_57' title="bbox 1512 668 2573 734; baseline -0.002 -14"><span class='ocrx_word' id='word_1_289' title='bbox 1512 679 1658 730; x_wconf 89' lang='lat' dir='ltr'>sunt,</span> <span class='ocrx_word' id='word_1_290' title='bbox 1688 686 1798 719; x_wconf 92' lang='lat' dir='ltr'>non</span> <span class='ocrx_word' id='word_1_291' title='bbox 1837 680 2047 719; x_wconf 88' lang='lat' dir='ltr'>tantum</span> <span class='ocrx_word' id='word_1_292' title='bbox 2076 668 2325 734; x_wconf 90' lang='lat' dir='ltr'>passibus</span> <span class='ocrx_word' id='word_1_293' title='bbox 2354 669 2573 734; x_wconf 90' lang='lat' dir='ltr'>pedum,</span> 
     </span>
     <span class='ocr_line' id='line_1_58' title="bbox 1514 740 2578 794; baseline -0.001 0"><span class='ocrx_word' id='word_1_294' title='bbox 1514 744 1605 794; x_wconf 91' lang='lat' dir='ltr'>sed</span> <span class='ocrx_word' id='word_1_295' title='bbox 1631 743 1791 793; x_wconf 89' lang='lat' dir='ltr'>etiam</span> <span class='ocrx_word' id='word_1_296' title='bbox 1829 742 2112 793; x_wconf 90' lang='lat' dir='ltr'>devotione</span> <span class='ocrx_word' id='word_1_297' title='bbox 2141 740 2262 792; x_wconf 90' lang='lat' dir='ltr'>fidei</span> <span class='ocrx_word' id='word_1_298' title='bbox 2294 752 2347 792; x_wconf 91' lang='lat' dir='ltr'>et</span> <span class='ocrx_word' id='word_1_299' title='bbox 2393 742 2578 793; x_wconf 89' lang='lat' dir='ltr'>imita-</span> 
     </span>
     <span class='ocr_line' id='line_1_59' title="bbox 1514 813 2578 878; baseline -0.001 -14"><span class='ocrx_word' id='word_1_300' title='bbox 1514 814 1662 864; x_wconf 90' lang='lat' dir='ltr'>tione</span> <span class='ocrx_word' id='word_1_301' title='bbox 1704 829 1927 878; x_wconf 91' lang='lat' dir='ltr'>operum</span> <span class='ocrx_word' id='word_1_302' title='bbox 1947 851 1962 877; x_wconf 97' lang='lat'>,</span> <span class='ocrx_word' id='word_1_303' title='bbox 2012 829 2136 863; x_wconf 90' lang='lat' dir='ltr'>eum</span> <span class='ocrx_word' id='word_1_304' title='bbox 2181 828 2346 878; x_wconf 90' lang='lat' dir='ltr'>quem</span> <span class='ocrx_word' id='word_1_305' title='bbox 2405 813 2578 878; x_wconf 89' lang='lat' dir='ltr'>ipsius</span> 
     </span>
     <span class='ocr_line' id='line_1_60' title="bbox 1513 883 2578 950; baseline -0.001 -15"><span class='ocrx_word' id='word_1_306' title='bbox 1513 884 1824 936; x_wconf 89' lang='lat' dir='ltr'>testimonio</span> <span class='ocrx_word' id='word_1_307' title='bbox 1844 894 2225 950; x_wconf 89' lang='lat' dir='ltr'>cognoverunt,</span> <span class='ocrx_word' id='word_1_308' title='bbox 2258 883 2430 950; x_wconf 90' lang='lat' dir='ltr'>ipsius</span> <span class='ocrx_word' id='word_1_309' title='bbox 2448 899 2578 950; x_wconf 91' lang='lat' dir='ltr'>quo-</span> 
     </span>
     <span class='ocr_line' id='line_1_61' title="bbox 1513 954 2596 1023; baseline -0.001 -17"><span class='ocrx_word' id='word_1_310' title='bbox 1513 971 1620 1023; x_wconf 88' lang='lat' dir='ltr'>que</span> <span class='ocrx_word' id='word_1_311' title='bbox 1651 955 1875 1006; x_wconf 89' lang='lat' dir='ltr'>Joannis</span> <span class='ocrx_word' id='word_1_312' title='bbox 1910 971 2026 1006; x_wconf 91' lang='lat' dir='ltr'>esse</span> <span class='ocrx_word' id='word_1_313' title='bbox 2059 954 2400 1020; x_wconf 89' lang='lat' dir='ltr'>magistrum,</span> <span class='ocrx_word' id='word_1_314' title='bbox 2428 955 2596 1005; x_wconf 68' lang='lat' dir='ltr'>desi--x</span> 
     </span>
     <span class='ocr_line' id='line_1_62' title="bbox 1513 1024 2579 1090; baseline -0.001 -15"><span class='ocrx_word' id='word_1_315' title='bbox 1513 1027 1753 1077; x_wconf 82' lang='lat' dir='ltr'>dei-antes</span> <span class='ocrx_word' id='word_1_316' title='bbox 1777 1025 1825 1075; x_wconf 91' lang='lat' dir='ltr'>ei</span> <span class='ocrx_word' id='word_1_317' title='bbox 1854 1026 2140 1084; x_wconf 82' lang='lat' dir='ltr'>adhaerere,</span> <span class='ocrx_word' id='word_1_318' title='bbox 2172 1036 2223 1075; x_wconf 89' lang='lat' dir='ltr'>et</span> <span class='ocrx_word' id='word_1_319' title='bbox 2246 1025 2361 1090; x_wconf 88' lang='lat' dir='ltr'>ejus</span> <span class='ocrx_word' id='word_1_320' title='bbox 2390 1024 2579 1075; x_wconf 90' lang='lat' dir='ltr'>doctri-</span> 
     </span>
     <span class='ocr_line' id='line_1_63' title="bbox 1516 1097 2573 1163; baseline -0.002 -14"><span class='ocrx_word' id='word_1_321' title='bbox 1516 1115 1641 1150; x_wconf 87' lang='lat' dir='ltr'>nam</span> <span class='ocrx_word' id='word_1_322' title='bbox 1672 1099 1875 1150; x_wconf 89' lang='lat' dir='ltr'>audire.</span> <span class='ocrx_word' id='word_1_323' title='bbox 1912 1099 2194 1150; x_wconf 81' lang='lat' dir='ltr'>Admirare</span> <span class='ocrx_word' id='word_1_324' title='bbox 2235 1097 2539 1163; x_wconf 88' lang='lat' dir='ltr'>simplicem</span> <span class='ocrx_word' id='word_1_325' title='bbox 2560 1137 2573 1161; x_wconf 93' lang='lat'>,</span> 
     </span>
     <span class='ocr_line' id='line_1_64' title="bbox 1514 1170 2577 1235; baseline -0.003 -13"><span class='ocrx_word' id='word_1_326' title='bbox 1514 1182 1565 1222; x_wconf 92' lang='lat' dir='ltr'>et</span> <span class='ocrx_word' id='word_1_327' title='bbox 1579 1172 1864 1233; x_wconf 89' lang='lat' dir='ltr'>humilem,</span> <span class='ocrx_word' id='word_1_328' title='bbox 1886 1181 1937 1222; x_wconf 90' lang='lat' dir='ltr'>et</span> <span class='ocrx_word' id='word_1_329' title='bbox 1951 1170 2161 1221; x_wconf 86' lang='lat' dir='ltr'>facilem</span> <span class='ocrx_word' id='word_1_330' title='bbox 2189 1170 2577 1235; x_wconf 88' lang='lat' dir='ltr'>discipulorum</span> 
     </span>
     <span class='ocr_line' id='line_1_65' title="bbox 1514 1243 2578 1308; baseline -0.003 -12"><span class='ocrx_word' id='word_1_331' title='bbox 1514 1245 1863 1305; x_wconf 88' lang='lat' dir='ltr'>vocationem,</span> <span class='ocrx_word' id='word_1_332' title='bbox 1885 1245 2003 1295; x_wconf 91' lang='lat' dir='ltr'>sine</span> <span class='ocrx_word' id='word_1_333' title='bbox 2031 1244 2181 1294; x_wconf 91' lang='lat' dir='ltr'>omni</span> <span class='ocrx_word' id='word_1_334' title='bbox 2211 1243 2508 1308; x_wconf 86' lang='lat' dir='ltr'>objectione</span> <span class='ocrx_word' id='word_1_335' title='bbox 2526 1253 2578 1293; x_wconf 91' lang='lat' dir='ltr'>et</span> 
     </span>
     <span class='ocr_line' id='line_1_66' title="bbox 1517 1315 2582 1383; baseline -0.001 -17"><span class='ocrx_word' id='word_1_336' title='bbox 1517 1317 1937 1383; x_wconf 91' lang='lat' dir='ltr'>perscrutatione</span> <span class='ocrx_word' id='word_1_337' title='bbox 1951 1315 2160 1366; x_wconf 89' lang='lat' dir='ltr'>factam.</span> <span class='ocrx_word' id='word_1_338' title='bbox 2191 1315 2469 1380; x_wconf 90' lang='lat' dir='ltr'>Benignus</span> <span class='ocrx_word' id='word_1_339' title='bbox 2491 1330 2582 1365; x_wconf 91' lang='lat' dir='ltr'>au-</span> 
     </span>
     <span class='ocr_line' id='line_1_67' title="bbox 1516 1386 2580 1447; baseline -0.002 -10"><span class='ocrx_word' id='word_1_340' title='bbox 1516 1399 1624 1437; x_wconf 92' lang='lat' dir='ltr'>tem</span> <span class='ocrx_word' id='word_1_341' title='bbox 1649 1386 1934 1447; x_wconf 90' lang='lat' dir='ltr'>Dominus,</span> <span class='ocrx_word' id='word_1_342' title='bbox 1958 1386 2148 1436; x_wconf 89' lang='lat' dir='ltr'>sitiens</span> <span class='ocrx_word' id='word_1_343' title='bbox 2177 1402 2363 1436; x_wconf 86' lang='lat' dir='ltr'>eorum</span> <span class='ocrx_word' id='word_1_344' title='bbox 2395 1395 2447 1436; x_wconf 91' lang='lat' dir='ltr'>et</span> <span class='ocrx_word' id='word_1_345' title='bbox 2467 1401 2580 1435; x_wconf 88' lang='lat' dir='ltr'>om·</span> 
     </span>
     <span class='ocr_line' id='line_1_68' title="bbox 1519 1457 2580 1520; baseline -0.004 -9"><span class='ocrx_word' id='word_1_346' title='bbox 1519 1460 1671 1511; x_wconf 90' lang='lat' dir='ltr'>nium</span> <span class='ocrx_word' id='word_1_347' title='bbox 1702 1461 1947 1519; x_wconf 90' lang='lat' dir='ltr'>salutem,</span> <span class='ocrx_word' id='word_1_348' title='bbox 1968 1473 2257 1510; x_wconf 80' lang='lat' dir='ltr'>conversus</span> <span class='ocrx_word' id='word_1_349' title='bbox 2280 1457 2355 1507; x_wconf 82' lang='lat' dir='ltr'>ad</span> <span class='ocrx_word' id='word_1_350' title='bbox 2377 1472 2485 1520; x_wconf 80' lang='lat' dir='ltr'>eOS,</span> <span class='ocrx_word' id='word_1_351' title='bbox 2515 1473 2580 1508; x_wconf 85' lang='lat' dir='ltr'>ex</span> 
     </span>
     <span class='ocr_line' id='line_1_69' title="bbox 1518 1529 2580 1596; baseline -0.003 -17"><span class='ocrx_word' id='word_1_352' title='bbox 1518 1545 1614 1581; x_wconf 88' lang='lat' dir='ltr'>sua</span> <span class='ocrx_word' id='word_1_353' title='bbox 1642 1529 1986 1596; x_wconf 85' lang='lat' dir='ltr'>benignitate,</span> <span class='ocrx_word' id='word_1_354' title='bbox 2006 1529 2100 1595; x_wconf 91' lang='lat' dir='ltr'>qui</span> <span class='ocrx_word' id='word_1_355' title='bbox 2130 1542 2339 1592; x_wconf 90' lang='lat' dir='ltr'>semper</span> <span class='ocrx_word' id='word_1_356' title='bbox 2367 1542 2580 1578; x_wconf 89' lang='lat' dir='ltr'>conver-</span> 
     </span>
     <span class='ocr_line' id='line_1_70' title="bbox 1518 1599 2576 1665; baseline -0.004 -15"><span class='ocrx_word' id='word_1_357' title='bbox 1518 1600 1651 1650; x_wconf 89' lang='lat' dir='ltr'>titur</span> <span class='ocrx_word' id='word_1_358' title='bbox 1673 1601 1739 1651; x_wconf 90' lang='lat' dir='ltr'>ad</span> <span class='ocrx_word' id='word_1_359' title='bbox 1759 1616 1850 1650; x_wconf 92' lang='lat' dir='ltr'>eos</span> <span class='ocrx_word' id='word_1_360' title='bbox 1882 1599 1977 1665; x_wconf 91' lang='lat' dir='ltr'>qui</span> <span class='ocrx_word' id='word_1_361' title='bbox 2008 1599 2073 1648; x_wconf 90' lang='lat' dir='ltr'>ad</span> <span class='ocrx_word' id='word_1_362' title='bbox 2092 1613 2149 1649; x_wconf 89' lang='lat' dir='ltr'>se</span> <span class='ocrx_word' id='word_1_363' title='bbox 2178 1606 2576 1654; x_wconf 90' lang='lat' dir='ltr'>convertuntur,</span> 
     </span>
     <span class='ocr_line' id='line_1_71' title="bbox 1519 1670 2579 1738; baseline -0.004 -15"><span class='ocrx_word' id='word_1_364' title='bbox 1519 1682 1570 1724; x_wconf 91' lang='lat' dir='ltr'>et</span> <span class='ocrx_word' id='word_1_365' title='bbox 1602 1672 1788 1738; x_wconf 92' lang='lat' dir='ltr'>recipit</span> <span class='ocrx_word' id='word_1_366' title='bbox 1816 1672 2109 1735; x_wconf 78' lang='lat' dir='ltr'>venienteS,</span> <span class='ocrx_word' id='word_1_367' title='bbox 2137 1670 2421 1736; x_wconf 83' lang='lat' dir='ltr'>vidensque</span> <span class='ocrx_word' id='word_1_368' title='bbox 2445 1686 2579 1720; x_wconf 91' lang='lat' dir='ltr'>ocu-</span> 
     </span>
     <span class='ocr_line' id='line_1_72' title="bbox 1520 1741 2580 1807; baseline -0.003 -14"><span class='ocrx_word' id='word_1_369' title='bbox 1520 1743 1588 1794; x_wconf 94' lang='lat' dir='ltr'>lis</span> <span class='ocrx_word' id='word_1_370' title='bbox 1608 1742 1988 1793; x_wconf 85' lang='lat' dir='ltr'>misericordiae</span> <span class='ocrx_word' id='word_1_371' title='bbox 2007 1753 2059 1792; x_wconf 93' lang='lat' dir='ltr'>et</span> <span class='ocrx_word' id='word_1_372' title='bbox 2084 1741 2450 1807; x_wconf 88' lang='lat' dir='ltr'>benignitatis,</span> <span class='ocrx_word' id='word_1_373' title='bbox 2482 1756 2580 1791; x_wconf 89' lang='lat' dir='ltr'>eos</span> 
     </span>
     <span class='ocr_line' id='line_1_73' title="bbox 1520 1812 2579 1883; baseline -0.002 -17"><span class='ocrx_word' id='word_1_374' title='bbox 1520 1823 1795 1883; x_wconf 81' lang='lat' dir='ltr'>sequentes</span> <span class='ocrx_word' id='word_1_375' title='bbox 1809 1831 1914 1883; x_wconf 56' lang='lat' dir='ltr'>⁴sse,</span> <span class='ocrx_word' id='word_1_376' title='bbox 1947 1825 2007 1865; x_wconf 92' lang='lat' dir='ltr'>ut</span> <span class='ocrx_word' id='word_1_377' title='bbox 2034 1816 2182 1865; x_wconf 89' lang='lat' dir='ltr'>daret</span> <span class='ocrx_word' id='word_1_378' title='bbox 2222 1815 2300 1865; x_wconf 91' lang='lat' dir='ltr'>eis</span> <span class='ocrx_word' id='word_1_379' title='bbox 2325 1815 2391 1864; x_wconf 92' lang='lat' dir='ltr'>de</span> <span class='ocrx_word' id='word_1_380' title='bbox 2423 1814 2481 1865; x_wconf 79' lang='lat' dir='ltr'>s&#39;e</span> <span class='ocrx_word' id='word_1_381' title='bbox 2508 1812 2579 1864; x_wconf 89' lang='lat' dir='ltr'>fi-</span> 
     </span>
     <span class='ocr_line' id='line_1_74' title="bbox 1520 1887 2581 1952; baseline -0.003 -12"><span class='ocrx_word' id='word_1_382' title='bbox 1520 1891 1728 1941; x_wconf 90' lang='lat' dir='ltr'>duciam</span> <span class='ocrx_word' id='word_1_383' title='bbox 1759 1900 1810 1940; x_wconf 90' lang='lat' dir='ltr'>et</span> <span class='ocrx_word' id='word_1_384' title='bbox 1833 1889 2125 1952; x_wconf 88' lang='lat' dir='ltr'>audaciam,</span> <span class='ocrx_word' id='word_1_385' title='bbox 2145 1888 2293 1939; x_wconf 80' lang='lat' dir='ltr'>dixit</span> <span class='ocrx_word' id='word_1_386' title='bbox 2306 1887 2385 1938; x_wconf 81' lang='lat' dir='ltr'>eis</span> <span class='ocrx_word' id='word_1_387' title='bbox 2400 1905 2417 1938; x_wconf 92' lang='lat'>.·</span> <span class='ocrx_word' id='word_1_388' title='bbox 2434 1888 2581 1949; x_wconf 78' lang='lat' dir='ltr'>Quid</span> 
     </span>
     <span class='ocr_line' id='line_1_75' title="bbox 1520 1959 2580 2028; baseline -0.003 -16"><span class='ocrx_word' id='word_1_389' title='bbox 1520 1961 1763 2028; x_wconf 83' lang='lat' dir='ltr'>quaeritis</span> <span class='ocrx_word' id='word_1_390' title='bbox 1780 1960 1815 2011; x_wconf 78' lang='lat'><strong><em>?</em></strong></span> <span class='ocrx_word' id='word_1_391' title='bbox 1846 1961 1999 2027; x_wconf 89' lang='lat' dir='ltr'>quasi</span> <span class='ocrx_word' id='word_1_392' title='bbox 2044 1960 2239 2010; x_wconf 90' lang='lat' dir='ltr'>diceret</span> <span class='ocrx_word' id='word_1_393' title='bbox 2290 1977 2305 2009; x_wconf 71' lang='grc' dir='ltr'>ε</span> <span class='ocrx_word' id='word_1_394' title='bbox 2359 1959 2580 2009; x_wconf 89' lang='lat' dir='ltr'>Paratus</span> 
     </span>
     <span class='ocr_line' id='line_1_76' title="bbox 1521 2030 2578 2082; baseline -0.003 0"><span class='ocrx_word' id='word_1_395' title='bbox 1521 2048 1644 2082; x_wconf 90' lang='lat' dir='ltr'>sum</span> <span class='ocrx_word' id='word_1_396' title='bbox 1693 2031 1759 2082; x_wconf 93' lang='lat' dir='ltr'>ad</span> <span class='ocrx_word' id='word_1_397' title='bbox 1794 2041 2027 2081; x_wconf 90' lang='lat' dir='ltr'>vestram</span> <span class='ocrx_word' id='word_1_398' title='bbox 2062 2032 2412 2081; x_wconf 87' lang='lat' dir='ltr'>voluntatem.</span> <span class='ocrx_word' id='word_1_399' title='bbox 2457 2030 2578 2079; x_wconf 93' lang='lat' dir='ltr'>Non</span> 
     </span>
     <span class='ocr_line' id='line_1_77' title="bbox 1519 2100 2580 2169; baseline -0.003 -16"><span class='ocrx_word' id='word_1_400' title='bbox 1519 2103 1649 2153; x_wconf 89' lang='lat' dir='ltr'>dicit</span> <span class='ocrx_word' id='word_1_401' title='bbox 1682 2120 1695 2153; x_wconf 77' lang='lat' dir='ltr'><strong><em>z</em></strong></span> <span class='ocrx_word' id='word_1_402' title='bbox 1728 2103 1902 2162; x_wconf 91' lang='lat' dir='ltr'>Quem</span> <span class='ocrx_word' id='word_1_403' title='bbox 1935 2100 2207 2169; x_wconf 80' lang='lat' dir='ltr'>quaeritis?</span> <span class='ocrx_word' id='word_1_404' title='bbox 2230 2101 2358 2167; x_wconf 91' lang='lat' dir='ltr'>quia</span> <span class='ocrx_word' id='word_1_405' title='bbox 2381 2101 2447 2151; x_wconf 91' lang='lat' dir='ltr'>de</span> <span class='ocrx_word' id='word_1_406' title='bbox 2468 2116 2580 2166; x_wconf 90' lang='lat' dir='ltr'>per-</span> 
     </span>
     <span class='ocr_line' id='line_1_78' title="bbox 1521 2173 2576 2239; baseline -0.005 -14"><span class='ocrx_word' id='word_1_407' title='bbox 1521 2189 1653 2225; x_wconf 86' lang='lat' dir='ltr'>sona</span> <span class='ocrx_word' id='word_1_408' title='bbox 1685 2173 1975 2225; x_wconf 86' lang='lat' dir='ltr'>illuminati</span> <span class='ocrx_word' id='word_1_409' title='bbox 2011 2188 2104 2239; x_wconf 91' lang='lat' dir='ltr'>per</span> <span class='ocrx_word' id='word_1_410' title='bbox 2128 2173 2391 2222; x_wconf 90' lang='lat' dir='ltr'>Joannem</span> <span class='ocrx_word' id='word_1_411' title='bbox 2410 2180 2576 2235; x_wconf 83' lang='lat' dir='ltr'>erant3</span> 
     </span>
     <span class='ocr_line' id='line_1_79' title="bbox 1521 2244 2581 2312; baseline -0.004 -14"><span class='ocrx_word' id='word_1_412' title='bbox 1521 2248 1612 2298; x_wconf 91' lang='lat' dir='ltr'>sed</span> <span class='ocrx_word' id='word_1_413' title='bbox 1638 2247 1768 2298; x_wconf 91' lang='lat' dir='ltr'>dicit</span> <span class='ocrx_word' id='word_1_414' title='bbox 1792 2265 1805 2297; x_wconf 70' lang='grc' dir='ltr'>ι</span> <span class='ocrx_word' id='word_1_415' title='bbox 1834 2246 1977 2307; x_wconf 92' lang='lat' dir='ltr'>Quid</span> <span class='ocrx_word' id='word_1_416' title='bbox 1995 2245 2269 2312; x_wconf 81' lang='lat' dir='ltr'>quaeritis?</span> <span class='ocrx_word' id='word_1_417' title='bbox 2289 2245 2415 2312; x_wconf 89' lang='lat' dir='ltr'>quia</span> <span class='ocrx_word' id='word_1_418' title='bbox 2427 2244 2581 2295; x_wconf 91' lang='lat' dir='ltr'>scivit</span> 
     </span>
     <span class='ocr_line' id='line_1_80' title="bbox 1520 2316 2581 2385; baseline -0.003 -16"><span class='ocrx_word' id='word_1_419' title='bbox 1520 2320 1666 2385; x_wconf 91' lang='lat' dir='ltr'>quod</span> <span class='ocrx_word' id='word_1_420' title='bbox 1689 2319 1754 2370; x_wconf 89' lang='lat' dir='ltr'>de</span> <span class='ocrx_word' id='word_1_421' title='bbox 1783 2320 1952 2369; x_wconf 88' lang='lat' dir='ltr'>salute</span> <span class='ocrx_word' id='word_1_422' title='bbox 1975 2318 2178 2384; x_wconf 85' lang='lat' dir='ltr'>aliquid</span> <span class='ocrx_word' id='word_1_423' title='bbox 2202 2316 2408 2367; x_wconf 89' lang='lat' dir='ltr'>discere</span> <span class='ocrx_word' id='word_1_424' title='bbox 2428 2331 2581 2382; x_wconf 83' lang='lat' dir='ltr'>quae—</span> 
     </span>
     <span class='ocr_line' id='line_1_81' title="bbox 1521 2389 2582 2455; baseline -0.002 -16"><span class='ocrx_word' id='word_1_425' title='bbox 1521 2391 1724 2441; x_wconf 86' lang='lat' dir='ltr'>rebant.</span> <span class='ocrx_word' id='word_1_426' title='bbox 1762 2391 1869 2441; x_wconf 91' lang='lat' dir='ltr'>Nec</span> <span class='ocrx_word' id='word_1_427' title='bbox 1897 2389 2049 2455; x_wconf 91' lang='lat' dir='ltr'>petiit</span> <span class='ocrx_word' id='word_1_428' title='bbox 2083 2390 2183 2439; x_wconf 89' lang='lat' dir='ltr'>hoc</span> <span class='ocrx_word' id='word_1_429' title='bbox 2221 2405 2286 2439; x_wconf 82' lang='lat' dir='ltr'>ex</span> <span class='ocrx_word' id='word_1_430' title='bbox 2325 2389 2582 2455; x_wconf 89' lang='lat' dir='ltr'>ignoran-</span> 
     </span>
     <span class='ocr_line' id='line_1_82' title="bbox 1521 2459 2580 2527; baseline -0.002 -17"><span class='ocrx_word' id='word_1_431' title='bbox 1521 2461 1623 2519; x_wconf 87' lang='lat' dir='ltr'>tia,</span> <span class='ocrx_word' id='word_1_432' title='bbox 1665 2472 1726 2512; x_wconf 90' lang='lat' dir='ltr'>ut</span> <span class='ocrx_word' id='word_1_433' title='bbox 1760 2459 1963 2527; x_wconf 89' lang='lat' dir='ltr'>aliquid</span> <span class='ocrx_word' id='word_1_434' title='bbox 2003 2459 2196 2523; x_wconf 91' lang='lat' dir='ltr'>discat;</span> <span class='ocrx_word' id='word_1_435' title='bbox 2245 2460 2336 2510; x_wconf 90' lang='lat' dir='ltr'>sed</span> <span class='ocrx_word' id='word_1_436' title='bbox 2383 2469 2443 2508; x_wconf 90' lang='lat' dir='ltr'>ut</span> <span class='ocrx_word' id='word_1_437' title='bbox 2486 2474 2580 2524; x_wconf 90' lang='lat' dir='ltr'>per</span> 
     </span>
     <span class='ocr_line' id='line_1_83' title="bbox 1522 2527 2581 2596; baseline -0.002 -16"><span class='ocrx_word' id='word_1_438' title='bbox 1522 2530 1993 2596; x_wconf 88' lang='lat' dir='ltr'>interrogationem</span> <span class='ocrx_word' id='word_1_439' title='bbox 2017 2568 2030 2590; x_wconf 94' lang='lat'>,</span> <span class='ocrx_word' id='word_1_440' title='bbox 2081 2528 2254 2595; x_wconf 87' lang='lat' dir='ltr'>magis</span> <span class='ocrx_word' id='word_1_441' title='bbox 2293 2527 2581 2578; x_wconf 90' lang='lat' dir='ltr'>familiares</span> 
     </span>
     <span class='ocr_line' id='line_1_84' title="bbox 1521 2598 2579 2665; baseline -0.001 -15"><span class='ocrx_word' id='word_1_442' title='bbox 1521 2600 1696 2663; x_wconf 88' lang='lat' dir='ltr'>faciat,</span> <span class='ocrx_word' id='word_1_443' title='bbox 1725 2612 1777 2651; x_wconf 92' lang='lat' dir='ltr'>et</span> <span class='ocrx_word' id='word_1_444' title='bbox 1812 2611 1873 2651; x_wconf 90' lang='lat' dir='ltr'>ut</span> <span class='ocrx_word' id='word_1_445' title='bbox 1901 2616 1964 2650; x_wconf 81' lang='lat' dir='ltr'>ex</span> <span class='ocrx_word' id='word_1_446' title='bbox 1992 2615 2179 2650; x_wconf 89' lang='lat' dir='ltr'>eorum</span> <span class='ocrx_word' id='word_1_447' title='bbox 2204 2598 2579 2665; x_wconf 88' lang='lat' dir='ltr'>responsione,</span> 
     </span>
     <span class='ocr_line' id='line_1_85' title="bbox 1521 2671 2583 2737; baseline -0.002 -15"><span class='ocrx_word' id='word_1_448' title='bbox 1521 2672 1923 2723; x_wconf 88' lang='lat' dir='ltr'>convenientius</span> <span class='ocrx_word' id='word_1_449' title='bbox 1951 2688 2045 2722; x_wconf 90' lang='lat' dir='ltr'>eos</span> <span class='ocrx_word' id='word_1_450' title='bbox 2073 2671 2285 2737; x_wconf 91' lang='lat' dir='ltr'>dirigat.</span> <span class='ocrx_word' id='word_1_451' title='bbox 2302 2671 2461 2731; x_wconf 86' lang='lat' dir='ltr'>Quod</span> <span class='ocrx_word' id='word_1_452' title='bbox 2480 2671 2583 2720; x_wconf 90' lang='lat' dir='ltr'>Do-</span> 
     </span>
     <span class='ocr_line' id='line_1_86' title="bbox 1523 2741 2580 2809; baseline -0.001 -16"><span class='ocrx_word' id='word_1_453' title='bbox 1523 2743 1707 2794; x_wconf 90' lang='lat' dir='ltr'>minus</span> <span class='ocrx_word' id='word_1_454' title='bbox 1735 2744 1800 2793; x_wconf 91' lang='lat' dir='ltr'>ad</span> <span class='ocrx_word' id='word_1_455' title='bbox 1825 2760 1917 2794; x_wconf 91' lang='lat' dir='ltr'>eos</span> <span class='ocrx_word' id='word_1_456' title='bbox 1943 2742 2284 2801; x_wconf 88' lang='lat' dir='ltr'>convertitur,</span> <span class='ocrx_word' id='word_1_457' title='bbox 2310 2741 2455 2809; x_wconf 92' lang='lat' dir='ltr'>quod</span> <span class='ocrx_word' id='word_1_458' title='bbox 2484 2757 2580 2792; x_wconf 90' lang='lat' dir='ltr'>eos</span> 
     </span>
     <span class='ocr_line' id='line_1_87' title="bbox 1522 2814 2583 2882; baseline -0.001 -17"><span class='ocrx_word' id='word_1_459' title='bbox 1522 2815 1769 2882; x_wconf 84' lang='lat' dir='ltr'>respicit,</span> <span class='ocrx_word' id='word_1_460' title='bbox 1810 2825 1863 2865; x_wconf 96' lang='lat' dir='ltr'>et</span> <span class='ocrx_word' id='word_1_461' title='bbox 1901 2831 2023 2865; x_wconf 90' lang='lat' dir='ltr'>cum</span> <span class='ocrx_word' id='word_1_462' title='bbox 2047 2814 2126 2865; x_wconf 91' lang='lat' dir='ltr'>eis</span> <span class='ocrx_word' id='word_1_463' title='bbox 2172 2814 2439 2880; x_wconf 90' lang='lat' dir='ltr'>loquitur,</span> <span class='ocrx_word' id='word_1_464' title='bbox 2481 2814 2583 2864; x_wconf 87' lang='lat' dir='ltr'>cle·</span> 
     </span>
     <span class='ocr_line' id='line_1_88' title="bbox 1523 2883 2580 2937; baseline -0.002 -2"><span class='ocrx_word' id='word_1_465' title='bbox 1523 2886 1740 2937; x_wconf 87' lang='lat' dir='ltr'>mentiae</span> <span class='ocrx_word' id='word_1_466' title='bbox 1769 2896 1822 2936; x_wconf 89' lang='lat' dir='ltr'>et</span> <span class='ocrx_word' id='word_1_467' title='bbox 1846 2886 1999 2936; x_wconf 88' lang='lat' dir='ltr'>bonae</span> <span class='ocrx_word' id='word_1_468' title='bbox 2025 2883 2318 2935; x_wconf 88' lang='lat' dir='ltr'>voluntatis</span> <span class='ocrx_word' id='word_1_469' title='bbox 2346 2893 2425 2934; x_wconf 88' lang='lat' dir='ltr'>est</span> <span class='ocrx_word' id='word_1_470' title='bbox 2443 2883 2580 2933; x_wconf 91' lang='lat' dir='ltr'>indi-</span> 
     </span>
     <span class='ocr_line' id='line_1_89' title="bbox 1521 2954 2582 3021; baseline -0.003 -14"><span class='ocrx_word' id='word_1_471' title='bbox 1521 2957 1663 3007; x_wconf 90' lang='lat' dir='ltr'>cium</span> <span class='ocrx_word' id='word_1_472' title='bbox 1674 2972 1689 3020; x_wconf 89' lang='lat'>;</span> <span class='ocrx_word' id='word_1_473' title='bbox 1726 2957 1922 3007; x_wconf 88' lang='lat' dir='ltr'>sciebat</span> <span class='ocrx_word' id='word_1_474' title='bbox 1951 2955 2097 3006; x_wconf 90' lang='lat' dir='ltr'>enim</span> <span class='ocrx_word' id='word_1_475' title='bbox 2137 2970 2246 3021; x_wconf 90' lang='lat' dir='ltr'>quo</span> <span class='ocrx_word' id='word_1_476' title='bbox 2272 2954 2461 3004; x_wconf 83' lang='lat' dir='ltr'>affectu</span> <span class='ocrx_word' id='word_1_477' title='bbox 2490 2969 2582 3004; x_wconf 87' lang='lat' dir='ltr'>se·-</span> 
     </span>
     <span class='ocr_line' id='line_1_90' title="bbox 1521 3025 2582 3097; baseline -0.005 -17"><span class='ocrx_word' id='word_1_478' title='bbox 1521 3030 1827 3097; x_wconf 90' lang='lat' dir='ltr'>quebantur</span> <span class='ocrx_word' id='word_1_479' title='bbox 1854 3044 1995 3080; x_wconf 91' lang='lat' dir='ltr'>eum.</span> <span class='ocrx_word' id='word_1_480' title='bbox 2022 3029 2082 3077; x_wconf 89' lang='lat' dir='ltr'>In</span> <span class='ocrx_word' id='word_1_481' title='bbox 2112 3043 2221 3093; x_wconf 93' lang='lat' dir='ltr'>quo</span> <span class='ocrx_word' id='word_1_482' title='bbox 2240 3027 2396 3076; x_wconf 89' lang='lat' dir='ltr'>datur</span> <span class='ocrx_word' id='word_1_483' title='bbox 2425 3025 2582 3076; x_wconf 90' lang='lat' dir='ltr'>nobis</span> 
     </span>
     <span class='ocr_line' id='line_1_91' title="bbox 1522 3095 2580 3166; baseline -0.005 -16"><span class='ocrx_word' id='word_1_484' title='bbox 1522 3097 1781 3166; x_wconf 79' lang='lat' dir='ltr'>intelligi,</span> <span class='ocrx_word' id='word_1_485' title='bbox 1811 3100 1955 3165; x_wconf 91' lang='lat' dir='ltr'>quod</span> <span class='ocrx_word' id='word_1_486' title='bbox 1982 3098 2239 3148; x_wconf 90' lang='lat' dir='ltr'>omnibus</span> <span class='ocrx_word' id='word_1_487' title='bbox 2271 3096 2365 3163; x_wconf 90' lang='lat' dir='ltr'>qui</span> <span class='ocrx_word' id='word_1_488' title='bbox 2413 3095 2580 3146; x_wconf 89' lang='lat' dir='ltr'>Chri-</span> 
     </span>
     <span class='ocr_line' id='line_1_92' title="bbox 1521 3167 2580 3236; baseline -0.005 -15"><span class='ocrx_word' id='word_1_489' title='bbox 1521 3181 1666 3221; x_wconf 92' lang='lat' dir='ltr'>stum</span> <span class='ocrx_word' id='word_1_490' title='bbox 1694 3170 1846 3236; x_wconf 92' lang='lat' dir='ltr'>sequi</span> <span class='ocrx_word' id='word_1_491' title='bbox 1901 3168 2166 3234; x_wconf 90' lang='lat' dir='ltr'>incipiunt</span> <span class='ocrx_word' id='word_1_492' title='bbox 2211 3183 2346 3233; x_wconf 90' lang='lat' dir='ltr'>puro</span> <span class='ocrx_word' id='word_1_493' title='bbox 2392 3167 2580 3227; x_wconf 91' lang='lat' dir='ltr'>corde,</span> 
     </span>
     <span class='ocr_line' id='line_1_93' title="bbox 1520 3237 2578 3305; baseline -0.004 -14"><span class='ocrx_word' id='word_1_494' title='bbox 1520 3242 1610 3291; x_wconf 91' lang='lat' dir='ltr'>dat</span> <span class='ocrx_word' id='word_1_495' title='bbox 1636 3240 1885 3291; x_wconf 89' lang='lat' dir='ltr'>fiduciam</span> <span class='ocrx_word' id='word_1_496' title='bbox 1914 3250 1966 3289; x_wconf 90' lang='lat' dir='ltr'>et</span> <span class='ocrx_word' id='word_1_497' title='bbox 2002 3254 2153 3305; x_wconf 90' lang='lat' dir='ltr'>spem</span> <span class='ocrx_word' id='word_1_498' title='bbox 2181 3237 2578 3296; x_wconf 87' lang='lat' dir='ltr'>misericordiae,</span> 
     </span>
     <span class='ocr_line' id='line_1_94' title="bbox 1520 3308 2582 3375; baseline -0.004 -13"><span class='ocrx_word' id='word_1_499' title='bbox 1520 3321 1572 3362; x_wconf 91' lang='lat' dir='ltr'>et</span> <span class='ocrx_word' id='word_1_500' title='bbox 1598 3312 1664 3361; x_wconf 90' lang='lat' dir='ltr'>ad</span> <span class='ocrx_word' id='word_1_501' title='bbox 1692 3327 1783 3361; x_wconf 94' lang='lat' dir='ltr'>eos</span> <span class='ocrx_word' id='word_1_502' title='bbox 1809 3327 1865 3362; x_wconf 90' lang='lat' dir='ltr'>se</span> <span class='ocrx_word' id='word_1_503' title='bbox 1887 3310 2166 3369; x_wconf 90' lang='lat' dir='ltr'>convertit,</span> <span class='ocrx_word' id='word_1_504' title='bbox 2189 3319 2248 3360; x_wconf 92' lang='lat' dir='ltr'>ut</span> <span class='ocrx_word' id='word_1_505' title='bbox 2269 3324 2435 3375; x_wconf 16' lang='lat' dir='ltr'>,opem</span> <span class='ocrx_word' id='word_1_506' title='bbox 2469 3308 2582 3358; x_wconf 87' lang='lat' dir='ltr'>mi-</span> 
     </span>
     <span class='ocr_line' id='line_1_95' title="bbox 1521 3380 2581 3448; baseline -0.003 -14"><span class='ocrx_word' id='word_1_507' title='bbox 1521 3383 1821 3434; x_wconf 86' lang='lat' dir='ltr'>sericordiae</span> <span class='ocrx_word' id='word_1_508' title='bbox 1847 3399 1958 3434; x_wconf 85' lang='lat' dir='ltr'>suae</span> <span class='ocrx_word' id='word_1_509' title='bbox 1986 3382 2064 3432; x_wconf 90' lang='lat' dir='ltr'>eis</span> <span class='ocrx_word' id='word_1_510' title='bbox 2103 3382 2395 3448; x_wconf 84' lang='lat' dir='ltr'>impendat.</span> <span class='ocrx_word' id='word_1_511' title='bbox 2423 3380 2581 3432; x_wconf 89' lang='lat' dir='ltr'>Unde</span> 
     </span>
     <span class='ocr_line' id='line_1_96' title="bbox 1523 3451 2580 3523; baseline -0.005 -18"><span class='ocrx_word' id='word_1_512' title='bbox 1523 3454 1944 3523; x_wconf 74' lang='lat' dir='ltr'>Chrysostomus</span> <span class='ocrx_word' id='word_1_513' title='bbox 1983 3471 2002 3504; x_wconf 92' lang='lat'>.·</span> <span class='ocrx_word' id='word_1_514' title='bbox 2038 3471 2065 3500; x_wconf 78' lang='grc' dir='ltr'>α</span> <span class='ocrx_word' id='word_1_515' title='bbox 2093 3453 2232 3504; x_wconf 89' lang='lat' dir='ltr'>Hinc</span> <span class='ocrx_word' id='word_1_516' title='bbox 2283 3451 2580 3509; x_wconf 87' lang='lat' dir='ltr'>erudimur,</span> 
     </span>
     <span class='ocr_line' id='line_1_97' title="bbox 1520 3521 2584 3593; baseline -0.003 -18"><span class='ocrx_word' id='word_1_517' title='bbox 1520 3525 1649 3593; x_wconf 90' lang='lat' dir='ltr'>quia</span> <span class='ocrx_word' id='word_1_518' title='bbox 1675 3540 1797 3575; x_wconf 90' lang='lat' dir='ltr'>cum</span> <span class='ocrx_word' id='word_1_519' title='bbox 1828 3540 1927 3574; x_wconf 88' lang='lat' dir='ltr'>nos</span> <span class='ocrx_word' id='word_1_520' title='bbox 1954 3524 2092 3575; x_wconf 91' lang='lat' dir='ltr'>bene</span> <span class='ocrx_word' id='word_1_521' title='bbox 2125 3524 2260 3575; x_wconf 91' lang='lat' dir='ltr'>velle</span> <span class='ocrx_word' id='word_1_522' title='bbox 2297 3521 2584 3589; x_wconf 89' lang='lat' dir='ltr'>incoeperi-</span> 
     </span>
     <span class='ocr_line' id='line_1_98' title="bbox 1522 3592 2583 3657; baseline -0.002 -11"><span class='ocrx_word' id='word_1_523' title='bbox 1522 3612 1662 3657; x_wconf 76' lang='lat' dir='ltr'>muS,</span> <span class='ocrx_word' id='word_1_524' title='bbox 1693 3607 1818 3647; x_wconf 92' lang='lat' dir='ltr'>tunc</span> <span class='ocrx_word' id='word_1_525' title='bbox 1847 3597 2044 3647; x_wconf 90' lang='lat' dir='ltr'>multas</span> <span class='ocrx_word' id='word_1_526' title='bbox 2087 3596 2178 3646; x_wconf 87' lang='lat' dir='ltr'>dat</span> <span class='ocrx_word' id='word_1_527' title='bbox 2209 3595 2368 3645; x_wconf 88' lang='lat' dir='ltr'>nobis</span> <span class='ocrx_word' id='word_1_528' title='bbox 2395 3592 2583 3644; x_wconf 88' lang='lat' dir='ltr'>salutis</span> 
     </span>
     <span class='ocr_line' id='line_1_99' title="bbox 1520 3664 2583 3731; baseline -0.005 -14"><span class='ocrx_word' id='word_1_529' title='bbox 1520 3667 1841 3718; x_wconf 89' lang='lat' dir='ltr'>occasiones.</span> <span class='ocrx_word' id='word_1_530' title='bbox 1876 3687 1903 3714; x_wconf 71' lang='lat' dir='ltr'>n</span> <span class='ocrx_word' id='word_1_531' title='bbox 1931 3667 2085 3718; x_wconf 88' lang='lat' dir='ltr'>Unde</span> <span class='ocrx_word' id='word_1_532' title='bbox 2118 3676 2171 3717; x_wconf 93' lang='lat' dir='ltr'>et</span> <span class='ocrx_word' id='word_1_533' title='bbox 2207 3664 2535 3731; x_wconf 82' lang='lat' dir='ltr'>Theophilus</span> <span class='ocrx_word' id='word_1_534' title='bbox 2565 3680 2583 3711; x_wconf 93' lang='lat'>.·</span> 
     </span>
     <span class='ocr_line' id='line_1_100' title="bbox 1525 3736 2582 3805; baseline 0 -20"><span class='ocrx_word' id='word_1_535' title='bbox 1525 3759 1548 3785; x_wconf 70' lang='grc' dir='ltr'><strong>α</strong></span> <span class='ocrx_word' id='word_1_536' title='bbox 1569 3739 1707 3789; x_wconf 91' lang='lat' dir='ltr'>Vide</span> <span class='ocrx_word' id='word_1_537' title='bbox 1751 3748 1930 3788; x_wconf 91' lang='lat' dir='ltr'>autem</span> <span class='ocrx_word' id='word_1_538' title='bbox 1964 3739 2109 3805; x_wconf 88' lang='lat' dir='ltr'>quod</span> <span class='ocrx_word' id='word_1_539' title='bbox 2135 3736 2487 3803; x_wconf 89' lang='lat' dir='ltr'>sequentibus</span> <span class='ocrx_word' id='word_1_540' title='bbox 2525 3749 2582 3786; x_wconf 87' lang='lat' dir='ltr'>se</span> 
     </span>
     <span class='ocr_line' id='line_1_101' title="bbox 1520 3807 2584 3870; baseline -0.004 -10"><span class='ocrx_word' id='word_1_541' title='bbox 1520 3810 1788 3861; x_wconf 88' lang='lat' dir='ltr'>Dominus</span> <span class='ocrx_word' id='word_1_542' title='bbox 1826 3808 2089 3860; x_wconf 90' lang='lat' dir='ltr'>convertit</span> <span class='ocrx_word' id='word_1_543' title='bbox 2129 3807 2349 3870; x_wconf 87' lang='lat' dir='ltr'>faciem,</span> <span class='ocrx_word' id='word_1_544' title='bbox 2393 3816 2445 3857; x_wconf 91' lang='lat' dir='ltr'>et</span> <span class='ocrx_word' id='word_1_545' title='bbox 2493 3820 2584 3856; x_wconf 93' lang='lat' dir='ltr'>re-</span> 
     </span>
     <span class='ocr_line' id='line_1_102' title="bbox 1522 3881 2584 3949; baseline -0.005 -15"><span class='ocrx_word' id='word_1_546' title='bbox 1522 3882 1695 3949; x_wconf 84' lang='lat' dir='ltr'>spexit</span> <span class='ocrx_word' id='word_1_547' title='bbox 1724 3900 1738 3934; x_wconf 86' lang='lat'>:</span> <span class='ocrx_word' id='word_1_548' title='bbox 1765 3882 1894 3949; x_wconf 88' lang='lat' dir='ltr'>quia</span> <span class='ocrx_word' id='word_1_549' title='bbox 1913 3881 2018 3931; x_wconf 93' lang='lat' dir='ltr'>nisi</span> <span class='ocrx_word' id='word_1_550' title='bbox 2046 3883 2140 3947; x_wconf 75' lang='lat' dir='ltr'>per</span> <span class='ocrx_word' id='word_1_551' title='bbox 2164 3882 2361 3932; x_wconf 89' lang='lat' dir='ltr'>bonam</span> <span class='ocrx_word' id='word_1_552' title='bbox 2391 3894 2584 3945; x_wconf 88' lang='lat' dir='ltr'>opera-</span> 
     </span>
     <span class='ocr_line' id='line_1_103' title="bbox 1521 3951 2583 4021; baseline -0.006 -14"><span class='ocrx_word' id='word_1_553' title='bbox 1521 3956 1724 4007; x_wconf 87' lang='lat' dir='ltr'>tionem</span> <span class='ocrx_word' id='word_1_554' title='bbox 1776 3956 1954 4021; x_wconf 88' lang='lat' dir='ltr'>ipsum</span> <span class='ocrx_word' id='word_1_555' title='bbox 2016 3963 2231 4004; x_wconf 87' lang='lat' dir='ltr'>secutus</span> <span class='ocrx_word' id='word_1_556' title='bbox 2281 3952 2467 4011; x_wconf 72' lang='lat' dir='ltr'>fueriS,</span> <span class='ocrx_word' id='word_1_557' title='bbox 2516 3951 2583 4002; x_wconf 88' lang='lat' dir='ltr'>ad</span> 
     </span>
    </p>
   </div>
  </div>
 </body>
</html>
