2784 4452
502 407 816 460 JOANNES
845 408 893 458 A
923 407 1072 460 DEO
1106 406 1351 459 MISSUS
1375 405 1596 458 VENIT
1624 403 1720 457 AD
1755 403 2129 457 PUBLICUM.
2334 403 2428 456 181

196 526 387 589 tionis,
414 525 708 577 locutionis
751 535 912 593 atque
941 522 1145 591 operis;
1184 521 1450 573 custodiat
1481 537 1570 573 me
1602 522 1671 573 ab
1709 520 1858 572 omni
1898 519 2199 587 pollutione
2238 520 2438 573 mentis

194 610 251 651 et
277 598 537 665 corporiS,
567 598 925 663 concedatque
949 595 1105 655 mihi,
1135 594 1376 661 quandiu
1405 594 1463 645 in
1487 594 1587 645 hac
1609 594 1719 645 vita
1747 593 2028 660 temporali
2060 591 2318 653 subsisto,
2344 608 2438 643 se—

198 672 403 738 gregari
441 685 474 721 a
500 669 669 730 vitiis,
706 684 766 720 ac
800 669 1032 720 militare
1065 666 1189 728 sibi,
1219 675 1273 717 et
1302 665 1376 716 ita
1408 665 1604 732 dignos
1634 665 1838 716 fructus
1870 663 2203 730 poenitentiae
2244 662 2437 725 facere,

197 751 257 794 ut
295 743 500 793 valeam
541 741 791 791 omnium
836 749 1173 806 peccatorum
1214 752 1464 789 meorum
1503 735 1717 789 veniam
1763 734 2039 802 consequi,
2085 743 2138 786 et
2168 733 2234 785 ad
2272 734 2438 785 vitam

190 823 448 867 aeternam
493 812 789 879 pervenire.
837 814 1034 864 Amen.
1069 853 1074 861 .

963 1121 1320 1238 'CAPUT
1363 1165 1612 1235 xvm

185 1420 288 1489 De
326 1441 404 1488 eo
444 1418 635 1510 quod
669 1418 971 1488 Joannes
1011 1441 1144 1489 non
1169 1440 1305 1511 per
1339 1417 1667 1510 seipsum,
1713 1417 1837 1486 sed
1873 1438 1917 1486 a
1962 1417 2108 1485 Deo
2146 1414 2427 1495 missus,

932 1535 1121 1605 venit
1165 1535 1261 1604 ad
1293 1533 1680 1626 publicum.

1011 1784 1279 1847 Joannis
1314 1804 1453 1867 cap.
1509 1805 1562 1847 1.

249 2045 268 2081 ι
305 2031 527 2081 Jomms
553 2029 828 2079 Emis-rm
857 2040 1028 2076 iussio
1063 2038 1247 2074 mvnu

180 2115 322 2152 Furr.
352 2129 415 2139 —
445 2099 603 2160 Quod
638 2107 818 2149 autem
852 2097 1081 2148 Joannes
1120 2093 1245 2144 offi-

177 2170 322 2221 cium
352 2169 608 2238 baptismi
652 2185 763 2219 non
800 2167 1019 2235 propria
1056 2175 1247 2216 aucto-

177 2241 334 2292 ritate
361 2241 714 2308 usurpaverit,
739 2239 833 2290 sed
861 2239 929 2289 ad
966 2236 1247 2288 testifican-

180 2310 311 2362 dum
373 2310 578 2363 Christi
627 2310 957 2375 majestatem
1012 2306 1243 2371 missus,

177 2390 401 2433 testatur
454 2382 683 2433 Joannes
731 2378 1086 2445 Evangelista,
1147 2378 1244 2427 di-

178 2467 302 2502 cens
328 2469 343 2501 2
375 2451 508 2502 Fuit
529 2451 681 2502 homo
718 2450 916 2501 missus
939 2464 973 2500 α
998 2450 1131 2510 De0,
1156 2447 1245 2498 cui

177 2536 365 2572 nomen
392 2528 511 2572 erat
527 2522 782 2572 Joannes·
815 2520 956 2580 Quia
973 2519 1118 2571 enim
1144 2519 1245 2569 Lu·

177 2606 267 2642 cas
310 2592 519 2643 dixerat
564 2608 578 2641 ε
629 2592 854 2642 Factum
899 2596 981 2641 est
1030 2590 1243 2641 verbum

174 2662 399 2713 Domini
447 2677 609 2729 super
650 2663 912 2713 Joannem
954 2660 1244 2711 Zachariae

161 2731 348 2798 filium
373 2732 428 2783 in
468 2734 696 2794 deserte,
727 2731 859 2799 quid
894 2732 1000 2783 hoc
1028 2730 1244 2798 signifi-

171 2816 275 2867 cet,
314 2807 552 2858 Joannes
583 2807 673 2857 hic
707 2807 952 2867 declarat,
987 2821 1111 2857 cum
1154 2805 1245 2855 di-

173 2876 248 2927 cit
282 2881 304 2927 ’τ
346 2876 479 2928 Fuit
506 2876 676 2939 homo,
708 2877 764 2927 id
797 2885 896 2936 est,
922 2876 1110 2927 vivens
1134 2876 1244 2926 vita

172 2945 438 3008 hominiS‚
467 2948 763 2998 secundum
795 2947 1062 2997 dictamen
1091 2956 1243 2997 rectae

171 3016 422 3078 rationis,
456 3017 654 3069 missus
692 3033 726 3069 a
763 3019 896 3080 Dee,
937 3016 1139 3067 scilicet
1176 3017 1242 3066 de

168 3088 415 3149 desert0,
452 3088 520 3138 ad
566 3088 945 3154 baptizandum
986 3096 1039 3138 et
1085 3086 1242 3137 testi-

170 3159 424 3209 monium
460 3160 855 3225 perhibendum
895 3160 962 3210 de
1000 3157 1240 3210 Christo,

171 3229 279 3280 Ubi
335 3230 654 3281 obedientiae
707 3230 879 3281 virtus
933 3230 990 3281 in
1038 3230 1241 3281 Joanne

164 3300 585 3351 commendatur
603 3316 618 3365 3
659 3317 770 3351 non
804 3300 949 3351 enim
980 3316 1012 3351 a
1041 3310 1241 3352 semet-

167 3371 311 3438 ipso,
361 3373 417 3423 id
465 3384 563 3434 est,
604 3388 635 3424 a
680 3388 779 3425 sua
827 3373 1240 3439 praesumptione

165 3444 350 3509 venit3
393 3446 485 3495 sed
532 3444 732 3496 missus
772 3459 806 3495 α
835 3446 951 3496 Deo
963 3461 985 3507 ,⁰
1016 3445 1104 3496 cui
1138 3460 1240 3497 no-

164 3532 289 3567 men
316 3522 438 3567 erat
461 3517 719 3580 JoanneS,
755 3526 807 3568 et
843 3517 1093 3568 convenit
1134 3517 1240 3568 hoc

162 3604 369 3640 nomen
419 3589 526 3652 rei,
580 3592 820 3643 Joannes
857 3589 1002 3640 enim
1043 3589 1240 3640 dicitur

159 3659 220 3712 in
256 3675 362 3726 quo
401 3667 484 3711 est
503 3661 729 3727 gratia5
754 3672 807 3711 et
839 3661 957 3711 ideo
984 3660 1088 3711 fuit
1117 3660 1240 3711 ido-

160 3745 305 3781 neus
328 3731 406 3802 ¹ad
442 3733 876 3798 praecurrendum
919 3742 1043 3784 ante
1084 3731 1239 3782 illum

156 3800 262 3867 qui
301 3810 382 3851 est
407 3804 610 3853 Auctor
642 3803 843 3869 gratiae.
871 3803 984 3854 Hic
1014 3803 1155 3854 venit
1185 3804 1238 3853 in

162 3870 559 3937 testimonium,
608 3874 834 3934 scilicet,
892 3880 967 3924 ut¹
999 3873 1239 3924 testimo-

159 3940 315 3992 nium
349 3942 657 4008 perhiberet
697 3944 764 3994 de
797 3943 1008 4006 lumine,
1038 3941 1241 3994 scilicet

156 4011 408 4077 Christe,
456 4021 514 4066 ut
546 4029 650 4081 per
695 4015 865 4079 illum,
910 4014 965 4066 id
1007 4024 1104 4077 est,
1144 4029 1240 4081 per

1361 2022 1478 2086 ejus
1536 2018 1946 2080 testimonium,
2003 2031 2184 2069 omnes
2243 2017 2435 2069 crede-

1359 2099 1480 2143 rent
1525 2092 1582 2143 in
1640 2090 1941 2142 Christum.
1990 2090 2057 2140 Et
2111 2099 2237 2140 nota
2283 2089 2431 2155 quod

1359 2162 1701 2230 Evangelista
1751 2161 2075 2229 quandoque
2116 2159 2206 2210 hic
2259 2168 2434 2209 mutat

1357 2250 1558 2285 nomen
1607 2234 1788 2296 verbi;
1832 2247 1974 2283 nunc
2017 2231 2165 2281 enim
2200 2231 2432 2297 appellat

1359 2307 1555 2365 lucem,
1597 2320 1743 2355 nunc
1791 2303 2008 2365 lumen;
2051 2312 2104 2353 et
2145 2302 2249 2353 hoc
2285 2301 2427 2362 ideo,

1357 2375 1488 2442 quia
1515 2377 1608 2426 lux
1638 2373 1770 2424 dicit
1796 2373 2087 2425 claritatem
2113 2373 2167 2422 in
2196 2371 2431 2438 puritate

1357 2460 1484 2505 sua,
1535 2444 1655 2495 sine
1704 2443 1922 2494 alterius
1976 2453 2178 2494 naturae
2228 2442 2429 2507 adjun-

1357 2519 1567 2582 ctione;
1614 2518 1707 2568 sed
1753 2518 1938 2568 lumen
1976 2516 2105 2567 dicit
2132 2516 2428 2568 claritatem

1357 2603 1484 2638 cum
1516 2587 1701 2655 aliqua
1733 2602 1791 2638 re
1821 2587 2119 2654 conjuncta,
2149 2587 2288 2637 sicut
2316 2587 2430 2637 cla-

1356 2659 1488 2710 ritas
1524 2659 1666 2709 aeris
1706 2673 1817 2709 non
1848 2668 1929 2709 est
1956 2660 2067 2720 lux,
2101 2658 2193 2708 sed
2222 2659 2427 2708 lumen.

1359 2734 1426 2784 Et
1452 2734 1711 2801 quoniam
1740 2735 1974 2785 Joannes
2002 2733 2203 2784 missus
2240 2733 2343 2784 fuit
2367 2742 2430 2785 ut

1357 2806 1732 2858 testimonium
1786 2806 2090 2871 perhiberet
2137 2807 2202 2857 de
2258 2805 2431 2856 Chri-

1356 2886 1458 2937 st0,
1489 2877 1544 2928 in
1584 2893 1695 2943 quo
1742 2886 1822 2926 est
1860 2876 1994 2926 unio
2030 2876 2283 2927 humanae
2324 2891 2429 2927 na—

1355 2957 1492 2998 turae
1534 2963 1659 2998 cum
1688 2946 1884 3007 Verbo,
1916 2946 2037 2997 ideo
2066 2947 2199 2997 dicit
2235 2948 2427 2999 Evan-

1357 3017 1545 3082 gelista
1591 3033 1717 3069 eum
1748 3016 2030 3083 perhibere
2071 3019 2427 3070 testimonium

1356 3089 1661 3141 delumine.

1420 3177 1450 3211 2
1484 3162 1604 3211 Nou
1630 3175 1770 3211 ειιΑ-ι·
1798 3175 1913 3211 msa
1939 3176 2066 3212 Lux.
2087 3190 2149 3201 —
2170 3163 2272 3212 Sed
2296 3163 2426 3230 quia

1354 3232 1382 3283 J
1390 3231 1527 3282 udaei
1557 3232 1958 3283 aestimaverunt
1990 3232 2057 3282 de
2106 3233 2308 3284 Joanne
2358 3248 2424 3284 ne

1355 3304 1492 3355 forte
1524 3304 1641 3371 ipse
1681 3313 1821 3355 esset
1854 3304 2140 3364 Christus,
2184 3304 2303 3354 ideo
2341 3320 2426 3355 eo·

1354 3392 1478 3427 rum
1550 3375 1739 3428 falsam
1806 3375 2119 3442 opinionem
2186 3385 2425 3426 removet

1356 3447 1711 3513 Evangelista,
1752 3446 1943 3498 dicens
1975 3463 1989 3496 ι
2020 3446 2148 3497 Non
2185 3451 2303 3495 erat
2331 3444 2425 3496 ille

1353 3517 1475 3578 lux,
1514 3517 1717 3569 scilicet
1746 3532 1868 3568 vera
1899 3532 1993 3584 per
2024 3513 2332 3575 essentiam,
2371 3525 2424 3566 et

1354 3603 1419 3638 ex
1453 3604 1509 3639 se
1540 3589 1851 3641 naturaliter
1894 3590 2099 3647 lucens,
2129 3596 2182 3637 et
2209 3587 2274 3637 ad
2302 3588 2426 3638 illu-

1354 3660 1675 3712 minandum
1713 3662 1851 3713 alios
1886 3663 2005 3714 luce
2029 3660 2211 3727 gratiae
2235 3675 2330 3725 per
2365 3676 2423 3712 se

1353 3733 1656 3799 sufficiens;
1702 3737 1799 3786 sed
1826 3737 1918 3788 lux
1951 3749 2043 3800 per
2072 3734 2425 3800 participatio·

1354 3820 1498 3868 nem,
1528 3817 1581 3856 et
1603 3821 1634 3856 a
1662 3807 1782 3857 luce
1807 3820 1931 3856 vera
1957 3805 2065 3865 illa,
2096 3821 2217 3872 quae
2254 3805 2421 3857 lucem

1353 3874 1616 3926 inhabitat
1652 3875 2100 3937 inaccessibilem,
2139 3874 2423 3927 illumina—

1353 3955 1458 4006 tus,
1487 3952 1544 3996 ut
1570 3947 1638 3996 de
1667 3946 1877 4009 lumine,
1902 3947 1967 3997 de
1988 3962 2048 3998 ea
2076 3949 2195 3998 luce
2217 3962 2340 3998 vera
2369 3956 2422 3999 et

1354 4016 1480 4067 Sole
1525 4016 1773 4081 justitiae,
1816 4016 2021 4068 scilicet
2048 4018 2251 4080 Verb0,
2295 4033 2420 4084 quae
