2784 4452
375 291 550 343 DOM.
578 291 980 344 EXCITATUS
1008 293 1058 343 A
1084 290 1332 343 SOMNO
1366 290 1683 342 IMPERAT
1713 291 1907 342 VENT
1912 292 1970 341 IS
2002 291 2098 342 ET
2128 292 2321 342 MARI.
2355 289 2454 354 431

936 645 941 649 ’
1029 669 1366 760 CAPUT
1438 670 1670 739 XLVI

524 894 633 962 De
672 915 752 962 eo
790 894 978 985 quod
1019 892 1369 962 Dominus
1415 893 1769 962 excitatus
1815 892 2182 985 imperavit

1058 1009 1283 1080 ventis
1326 1019 1396 1077 et
1452 1008 1665 1078 mari.

1077 1256 1364 1321 Matthaei

301 1515 323 1550 1
359 1499 632 1550 Carus-rus
661 1512 864 1548 nomn-r
881 1511 993 1546 mm
1016 1510 1202 1546 mus
1232 1511 1300 1545 Ετ

228 1584 526 1620 nuci-mus
574 1583 849 1626 Quin-rua
905 1582 1185 1617 nmmum.
1238 1595 1300 1604 —

233 1645 362 1695 Post
386 1643 502 1693 haec
526 1643 795 1693 Dominus
824 1641 996 1701 JesuS,
1021 1640 1301 1691 dimittens

228 1712 437 1773 ταὶ-δας,
465 1713 704 1764 ascendit
738 1727 857 1763 sero
892 1712 949 1761 in
980 1711 1300 1775 naviculam,

229 1787 298 1838 ad
327 1786 714 1837 transeundum
750 1786 924 1835 lacum
952 1784 1299 1848 Geumi-eth,

229 1866 295 1908 ut
318 1857 378 1907 in
402 1858 581 1906 locum
613 1865 902 1917 remotum,
931 1864 1148 1920 propter
1171 1870 1301 1905 cau-

230 1942 320 1985 sas
363 1942 526 1992 supra
563 1927 621 1976 in
653 1925 924 1992 principio
959 1925 1303 1991 praecedentis

229 1998 453 2065 capituli
483 1998 672 2057 dictas,
705 2013 830 2047 cum
866 1996 1146 2063 discipulis
1183 1996 1300 2046 iret.

161 2106 162 2109 =
231 2073 308 2124 Ut
333 2072 483 2122 enim
506 2071 639 2120 dicit
665 2070 950 2135 Remigius
978 2087 999 2120 .-
1028 2089 1055 2117 α
1075 2069 1208 2120 Tria
1232 2069 1306 2118 le—

232 2142 381 2208 gitur
429 2141 699 2191 Dominus
759 2141 1014 2191 habuisse
1065 2139 1302 2205 refugia,

229 2214 440 2266 scilicet
466 2212 636 2277 naviS‚
664 2213 869 2264 montis
912 2223 965 2265 et
1000 2213 1226 2277 deserti3
1253 2222 1305 2264 et

231 2287 449 2354 quoties
474 2303 503 2336 a
529 2286 705 2336 turbis
732 2287 1205 2352 comprimebatur,
1238 2286 1304 2336 ad

231 2357 455 2423 aliquod
495 2356 726 2407 istorum
775 2356 1090 2423 refugiebat.
1126 2376 1155 2405 γ’
1199 2356 1304 2408 Ubi

235 2427 506 2492 Origenes
542 2443 559 2477 .-
595 2444 623 2473 <t
652 2428 791 2477 Cum
833 2427 1007 2477 multa
1033 2442 1228 2493 magna
1254 2436 1307 2476 et

233 2498 485 2548 miranda
536 2497 808 2547 Dominus
865 2498 1189 2549 ostendisset
1248 2497 1306 2547 in

231 2579 392 2631 terra,
425 2568 641 2618 transiit
684 2569 747 2619 ad
788 2584 953 2629 mare,
981 2579 1045 2619 ut
1088 2570 1165 2620 ibi
1210 2585 1308 2620 ex-

233 2640 481 2691 cellentia
516 2656 678 2705 opera
721 2641 1134 2704 demonstraret;
1181 2657 1309 2711 qua·¹

228 2721 392 2761 tenus
427 2719 584 2761 terrae
618 2711 895 2777 marisque
921 2712 1221 2762 Dominum
1251 2727 1308 2763 se

234 2781 559 2832 ostenderet.
606 2800 636 2830 n
682 2782 762 2832 Et
806 2782 1123 2840 ascendente
1162 2798 1225 2834 eo
1254 2783 1307 2833 in

233 2853 563 2916 naviculam,
588 2854 757 2905 secuti
776 2861 897 2905 sunt
915 2869 1032 2906 eum
1053 2856 1311 2921 discipuli

234 2923 373 2990 εἰπε,
403 2923 808 2975 transfretantes
841 2925 1044 2975 scilicet
1075 2941 1197 2976 cum
1225 2941 1307 2989 e0‚

233 3010 353 3046 non
380 3005 589 3046 tantum
623 3013 840 3063 gressus
869 3008 1174 3065 sequenteS‚
1217 3000 1310 3049 sed

237 3067 418 3134 magis
482 3069 817 3119 sanctitatem
870 3070 1309 3123 concomitante&

236 3138 427 3189 Secuti
457 3139 678 3204 quidem
710 3147 836 3191 sunt
861 3155 996 3205 euin,
1031 3142 1160 3208 quia
1196 3152 1309 3194 tra—

235 3208 511 3258 hebantur
551 3210 815 3260 suavitate
853 3212 1120 3262 sermonis
1162 3213 1278 3278 ejus
1296 3251 1310 3273 ,

238 3288 294 3329 et
335 3278 690 3330 admiratione
726 3281 923 3347 operis,
976 3290 1031 3333 et
1077 3282 1310 3349 benigna

238 3352 648 3403 conversatione
690 3352 894 3419 ipsius3
941 3353 1017 3406 ita
1067 3365 1130 3405 ut
1173 3363 1313 3405 esset

235 3422 322 3474 eis
372 3422 595 3474 difficile
635 3425 818 3491 ipsum
861 3426 1184 3493 relinquere.
1235 3426 1315 3477 Et

240 3507 363 3545 ecce
387 3500 563 3545 motus
591 3511 843 3563 mag-nux,
870 3508 933 3549 ut
955 3499 1129 3564 majus
1158 3514 1317 3564 appa-

241 3572 383 3614 reret
405 3564 747 3629 miraculum,
758 3567 950 3633 sactus
970 3574 1051 3619 est
1072 3569 1127 3619 in
1149 3569 1312 3629 mari,

238 3651 357 3686 non
386 3640 701 3689 naturaliter
727 3650 780 3690 et
805 3656 870 3691 ex
889 3657 967 3706 se,
989 3642 1085 3692 sed
1111 3642 1313 3693 Christi

243 3710 479 3776 imperio
512 3722 566 3763 et
598 3713 829 3777 virtute3
862 3716 938 3766 ita
968 3722 1029 3766 ut
1068 3716 1317 3767 navicula

243 3781 567 3847 operiretur,
615 3784 818 3835 scilicet
871 3785 1007 3847 fere,
1057 3787 1319 3854 fluctibus

246 3852 653 3907 inundantibus,
678 3856 752 3907 Et
774 3858 911 3909 bene
933 3858 1067 3909 dicit
1090 3859 1320 3925 operire-

251 3931 363 3990 tur,
393 3942 505 3979 non
535 3929 973 3997 submergeretur
1002 3946 1017 3983 :
1057 3930 1187 3999 quia
1216 3946 1319 3984 na-

1411 1277 1549 1341 cap.
1586 1260 1647 1322 8.

1409 1494 1584 1545 vicula
1610 1493 1750 1544 Petri
1774 1495 1985 1546 concuti
2009 1505 2202 1562 potest,
2227 1497 2318 1545 sed
2342 1495 2476 1546 sub-

1413 1565 1582 1632 mergi
1625 1581 1734 1614 non
1777 1576 1983 1631 potest,
2020 1567 2170 1632 cujus
2208 1566 2379 1632 figura
2419 1568 2475 1616 in

1412 1652 1530 1687 arca
1558 1637 1671 1687 Noe
1712 1636 1831 1688 fuit.
1860 1638 1985 1704 Ipse
2018 1653 2145 1689 vero
2185 1639 2483 1688 dormiebat

1413 1709 1472 1759 in
1501 1709 1691 1774 puppi,
1714 1708 1770 1758 id
1807 1719 1889 1759 est
1924 1709 1982 1759 in
2016 1709 2296 1776 posteriori
2334 1718 2481 1774 parte

1413 1779 1581 1839 naviS,
1627 1780 1774 1845 juxta
1833 1780 2260 1840 tabernaculum,
2321 1795 2482 1845 super

1411 1849 1632 1900 cervical
1663 1849 1922 1915 ligneum,
1953 1851 2256 1910 ostendens,
2287 1865 2485 1900 secun-

1413 1924 1547 1973 dum
1581 1923 2044 1991 Chrysostomum,
2071 1938 2225 1972 suam
2253 1922 2484 1973 humili-

1412 2004 1598 2045 tatem.
1655 1995 1765 2044 Nec
1812 1994 2014 2044 mirum
2067 1994 2112 2044 si
2164 1994 2483 2054 dormiebat,

1413 2066 1533 2130 ipse
1559 2065 1708 2115 enim
1731 2065 1967 2115 multum
1998 2064 2066 2114 de
2103 2074 2256 2115 nocte
2285 2065 2339 2114 in
2368 2081 2485 2115 ora-

1413 2137 1659 2189 tionibus
1708 2138 1980 2204 vigilabat,
2024 2138 2367 2205 multumque
2417 2140 2489 2189 de

1414 2210 1504 2261 die
1552 2209 1611 2260 in
1664 2208 2144 2277 praedicationibus
2190 2209 2484 2261 laborabat.

1414 2282 1730 2333 Dormiebat
1754 2281 1978 2348 quidem
2015 2297 2254 2347 corpore,
2280 2283 2372 2332 sed
2398 2283 2484 2333 vi-

1416 2356 1616 2422 gilabat
1651 2354 1863 2405 deitate.
1903 2354 2059 2405 Unde
2096 2355 2211 2421 ipse
2246 2356 2305 2404 in
2336 2356 2486 2406 Can-

1414 2428 1535 2479 ticis
1581 2427 1712 2478 dicit
1757 2445 1772 2478 :
1822 2427 1953 2493 Ego
2000 2428 2232 2491 dor-mic,
2282 2435 2333 2479 et
2390 2444 2485 2479 cor

1415 2513 1586 2549 meum
1622 2498 1838 2564 vigilat.
1870 2497 1975 2547 Ubi
2008 2497 2432 2563 chrysostomus
2464 2517 2483 2549 .-

1419 2588 1448 2616 α
1495 2568 1753 2618 Ascendit
1790 2583 2004 2633 parvam
2051 2568 2380 2630 naviculam,
2426 2580 2487 2620 ut

1417 2639 1688 2705 navigaret
1729 2638 1820 2689 ille
1860 2638 1955 2704 qui
1998 2647 2172 2688 totum
2219 2642 2486 2691 mundum

1418 2710 1600 2760 divina
1637 2709 1835 2761 virtute
1873 2709 2159 2775 gubernat3
2188 2711 2391 2762 dormit
2432 2712 2487 2763 in

1419 2796 1694 2841 somnum,
1722 2780 1816 2847 qui
1856 2781 2117 2846 populum
2156 2796 2318 2832 suum
2344 2782 2491 2848 vigi-

1417 2855 1490 2906 lia
1519 2864 1716 2905 aeterna
1748 2853 1994 2905 custodit.
2027 2872 2055 2901 n
2086 2854 2276 2906 Voluit
2310 2866 2488 2906 autem

1421 2928 1689 2977 Dominus
1709 2927 1944 2977 dormire
1967 2928 2253 2997 multiplici
2283 2930 2348 2979 de
2374 2945 2488 2980 cau-

1423 3014 1481 3049 sa
1505 3014 1519 3048 z
1542 2998 1733 3063 prima,
1753 3008 1814 3048 ut
1832 2999 2109 3051 veritatem
2139 3001 2396 3051 humana:
2408 3017 2492 3051 na-

1420 3078 1554 3119 turae
1568 3068 1626 3118 in
1645 3069 2104 3128 sefdemonstraret
2120 3072 2206 3121 :in
2223 3072 2504 3123 miraculis

1426 3140 1575 3191 enim
1616 3139 1817 3190 Christi
1847 3157 2058 3208 semper
2090 3142 2294 3209 aliquid
2327 3143 2493 3209 poni-

1423 3223 1515 3263 tur
1556 3211 1622 3262 ad
1653 3217 2041 3264 ostendendum
2064 3214 2340 3264 veritatem
2377 3216 2490 3265 hu-

1426 3283 1720 3344 manitatiS,
1764 3294 1818 3335 et
1852 3286 2054 3352 aliquid
2095 3286 2160 3335 ad
2197 3288 2495 3338 ostenden-

1415 3358 1560 3408 'dum
1591 3357 1868 3409 veritatem
1896 3359 2220 3421 divinitatis,
2244 3362 2502 3422 secunda,

1427 3437 1488 3479 ut
1506 3428 1892 3496 discipulorum
1915 3428 2075 3479 fidem
2095 3431 2363 3495 probaret,
2383 3449 2496 3483 non

1431 3502 1578 3567 quod
1619 3502 1734 3568 ipse
1774 3502 1928 3552 corda
1977 3517 2166 3553 eorum
2206 3503 2497 3569 ignoraret,

1433 3575 1528 3625 sed
1570 3584 1648 3625 rut
1690 3574 1794 3642 ipsi
1853 3573 2058 3641 seipsos
2115 3588 2463 3642 agnoscerent
2474 3593 2495 3640 ;

1435 3644 1606 3707 tertia,
1634 3656 1695 3697 ut
1731 3645 1982 3712 discipuli
2020 3646 2195 3712 magis
2227 3646 2497 3707 timerent,

1431 3728 1484 3768 et
1510 3717 1589 3767 sic
1618 3733 1712 3768 eos
1732 3717 1799 3767 ad
1826 3717 2125 3768 orationem
2150 3728 2457 3784 provocaret
2476 3735 2498 3769 ι

1429 3788 1476 3838 si
1500 3788 1664 3848 enim,
1690 3797 1751 3838 ut
1777 3787 1852 3839 ait
1867 3788 2305 3856 chrysostomuS,
2335 3804 2399 3838 eo
2420 3788 2499 3839 vi-

1431 3862 1650 3928 gilante,
1700 3871 1987 3927 tempestas
2030 3862 2166 3913 facta
2210 3869 2368 3923 esset,
2411 3862 2497 3913 vel

1425 3950 1534 3985 non
1567 3934 1894 4001 timuissent,
1926 3935 2011 3988 vel
2038 3951 2149 3987 non
2192 3942 2501 4001 rogassent;
