2784 4452
638 352 734 403 DE
764 351 994 403 SERVO
1029 350 1526 403 CENTURIONIS
1561 349 2032 401 PARALYTICO.

205 466 417 518 caecitas
458 465 680 530 mentis;
721 464 1041 526 exteriores,
1082 476 1281 516 aeterna

205 555 315 592 nox
340 538 722 590 damnationis,
752 540 873 589 Ideo
895 553 1076 589 autem
1096 539 1283 589 dicun·

209 621 301 662 tur
323 610 398 660 ibi
428 625 544 660 esse
563 610 798 660 tenebrae
826 609 1132 669 exteriores,
1153 608 1285 676 quia

208 682 336 732 licet
371 681 447 731 ibi
480 681 552 732 sit
583 681 745 748 igniS,
770 691 951 732 tamen
979 696 1089 732 non
1122 681 1281 742 lucet,

210 753 279 804 ad
311 753 707 803 ostendendum
759 750 1029 803 damnatis
1076 750 1283 819 aliquid

212 826 280 877 ad
326 842 515 877 eorum
568 825 1015 885 consolationem,
1066 825 1160 876 sed
1215 823 1282 875 ad

210 912 402 948 eorum
414 896 815 947 desolationem.
834 896 988 947 Unde
1005 895 1283 946 Isidorus:

216 989 241 1015 α
274 967 419 1032 Ignis
469 968 730 1034 gehennae
785 967 985 1018 lucebit
1037 965 1250 1016 miseris
1271 1004 1284 1026 ,

212 1038 280 1089 ad
311 1037 542 1088 miseriae
573 1048 951 1104 augmentum,
980 1046 1041 1088 ut
1072 1037 1285 1088 videant

214 1112 363 1162 unde
410 1112 655 1175 doleant;
707 1127 818 1162 non
854 1112 919 1161 ad
954 1109 1284 1162 consolatio-

216 1196 372 1240 nem,
412 1191 473 1230 ut
511 1181 724 1232 videant
755 1182 900 1232 unde
942 1181 1225 1248 gaudeant.
1256 1199 1283 1228 n

216 1251 301 1303 Ibi
319 1251 425 1301 erit
433 1251 605 1318 fletus
626 1253 933 1312 oculorum,
963 1266 1027 1302 ex
1055 1251 1206 1301 fumo
1235 1260 1288 1301 et

214 1325 391 1375 calore
414 1324 586 1391 igniS,
627 1340 690 1374 eo
723 1324 870 1391 quod
901 1340 1048 1374 mors
1072 1322 1290 1374 intravit

217 1411 314 1462 per
333 1396 608 1457 fenestras,
630 1396 758 1463 quia
782 1413 892 1446 non
916 1396 1040 1447 licet
1069 1395 1288 1454 intueri,

217 1469 365 1533 quod
386 1483 494 1517 non
511 1467 637 1519 licet
654 1467 959 1534 concupisci
975 1483 989 1529 ;
1017 1473 1068 1517 et
1085 1466 1291 1517 stridor

218 1538 452 1591 dentium
482 1554 547 1588 ex
572 1538 945 1604 frigore,.quia
985 1537 1075 1588 hic
1102 1537 1291 1603 gaude-

220 1608 351 1658 bant
374 1608 440 1657 de
466 1609 739 1660 edacitate.
767 1610 883 1673 Vel,
899 1608 1069 1675 fletus
1094 1623 1158 1659 ex
1191 1622 1293 1657 an-

222 1681 402 1746 gustia
428 1680 618 1741 animi,
652 1681 858 1733 stridor
881 1697 945 1732 ex
965 1679 1292 1747 indignantis

222 1753 442 1814 affectu,
486 1770 549 1805 eo
589 1754 736 1821 quod
774 1770 894 1804 sero
924 1754 1293 1820 poenituerunt

223 1826 292 1876 de
334 1835 545 1891 peccato
585 1843 599 1877 2
630 1836 682 1877 et
723 1827 781 1876 in
835 1826 939 1876 hoc
994 1825 1295 1877 ostenditur

226 1908 622 1951 tormentorum
648 1897 980 1965 magnitudO.

294 1968 322 2020 5
359 1970 564 2020 vaus
583 1970 947 2021 Caurumoms
972 1985 1297 2020 saun-un.—

228 2041 307 2092 Et
343 2040 491 2090 dixit
528 2041 692 2091 Jesus
727 2041 1054 2104 centurioni,
1090 2040 1298 2091 scilicet

226 2127 323 2178 per
344 2111 706 2163 internuntios
723 2111 1052 2178 supradictos
1078 2128 1093 2162 ι
1132 2111 1295 2175 Vade,

234 2180 289 2233 id
338 2192 418 2233 est
458 2197 678 2234 securus
721 2181 1032 2255 revertaris,
1073 2192 1125 2234 et
1162 2182 1301 2234 sicut

231 2255 464 2321 perfecte
505 2257 814 2321 credidisti,
852 2256 1052 2322 sicfiat
1089 2256 1204 2320 tibi,
1242 2255 1299 2305 in

229 2325 512 2376 sanatione
564 2326 702 2376 servi
747 2326 864 2389 tui;
913 2337 973 2377 ut
1017 2325 1155 2376 sicut
1209 2341 1302 2391 per

228 2396 448 2448 nuntios
478 2398 775 2459 accessisse,
796 2398 874 2449 sic
894 2409 947 2449 et
971 2414 1065 2464 per
1079 2397 1303 2448 nuntios

230 2484 475 2520 reversus
526 2468 693 2520 fuisse
714 2508 727 2530 ,
786 2469 1132 2537 intelligatur.
1196 2468 1300 2520 Ubi

230 2541 495 2593 Rabanus
524 2557 540 2592 .·
571 2560 600 2589 ιι
640 2541 791 2592 Fidei
840 2542 1033 2593 merito
1069 2540 1305 2591 ostendit

232 2612 548 2677 impetrasse
590 2614 817 2664 salutem
858 2628 1038 2672 serm,
1077 2621 1139 2662 ut
1178 2610 1304 2662 fidei

231 2682 401 2733 robur
446 2682 618 2749 magis
646 2684 704 2733 in
734 2699 797 2734 eo
826 2692 1162 2742 accresceret,
1194 2697 1303 2748 quo

235 2752 567 2819 prospiceret
620 2768 960 2820 quaecunque
1003 2753 1164 2804 vellet
1214 2767 1307 2819 per

236 2824 387 2874 illam
419 2822 734 2889 impetrasse
761 2839 818 2874 se
847 2839 1022 2891 posse.
1057 2842 1084 2871 »
1113 2825 1191 2875 Et
1213 2837 1307 2873 sa-

235 2898 398 2944 natus
416 2899 497 2943 est
513 2908 669 2958 puer,
701 2894 864 2945 verbo
894 2894 1097 2944 Christi
1125 2894 1310 2944 absen-

235 2963 340 3023 tis,
396 2978 470 3014 ex
516 2964 615 3014 illa
663 2964 823 3026 hora,
871 2964 1000 3030 quia
1059 2964 1310 3014 Christus

236 3036 465 3102 protulit
486 3037 590 3087 hoc
608 3037 852 3099 verbum,
863 3037 991 3102 fiat,
1015 3052 1125 3104 quo
1148 3037 1310 3088 etiam

141 3119 150 3127 ·
236 3107 404 3157 verbo
442 3107 630 3158 omnia
665 3117 838 3157 creata
884 3117 1010 3157 sunt
1023 3123 1038 3171 ;
1080 3116 1140 3158 ut
1180 3106 1311 3157 fides

238 3178 593 3231 Centurionis
622 3178 1004 3237 verificaretur,
1038 3188 1091 3229 et
1117 3190 1311 3245 poten-

236 3252 312 3302 tia
341 3251 565 3312 Christi,
585 3267 749 3318 quam
771 3252 1026 3302 Centurio
1042 3251 1314 3302 confessus

237 3321 439 3383 fuerat,
471 3338 536 3373 ex
579 3338 739 3389 opere
771 3323 1059 3373 subsecuto
1093 3332 1310 3388 pateret.

237 3392 458 3444 Dixerat
476 3393 626 3443 enim
646 3392 925 3452 Centuri0,
958 3403 1010 3444 et
1037 3393 1314 3443 confessus

236 3472 322 3514 est
351 3480 365 3513 z
396 3463 507 3514 Sed
532 3469 735 3514 tantum
763 3463 852 3515 dic
880 3463 1054 3527 verbe,
1082 3469 1134 3513 et
1159 3477 1317 3513 sana·

240 3534 385 3584 bitur
407 3548 549 3599 puer·
572 3548 719 3584 meus
726 3550 749 3597 ;
784 3543 837 3584 et
866 3532 1122 3584 Christus
1158 3532 1313 3592 dixit,

241 3615 299 3657 et
324 3621 485 3671 opere
508 3606 815 3671 complevit.
846 3606 1004 3658 Unde
1030 3606 1313 3674 Chrysos-

248 3682 424 3727 tomus
447 3694 464 3726 .·
495 3695 524 3723 α
552 3676 655 3727 Ubi
682 3676 1013 3727 velocitatem
1032 3676 1316 3736 admirare,

244 3761 423 3813 neque
463 3748 606 3798 enim
651 3748 831 3798 solum
857 3763 1057 3810 curare,
1094 3747 1189 3799 sed
1229 3747 1319 3797 in-

245 3818 462 3884 opinate
484 3827 536 3869 et
563 3819 620 3869 in
640 3829 917 3869 momento
940 3820 1198 3885 temporis
1216 3818 1320 3868 hoc

245 3889 436 3954 facere,
455 3891 713 3942 virtutem
730 3891 933 3943 Christi
952 3891 1319 3943 ostendebat.»

251 3959 313 4010 1n
347 3960 538 4013 itinere
567 3971 745 4013 autem
770 3963 933 4013 verbo
956 3960 1160 4013 sanavit
1176 3976 1323 4022 eum,

2346 365 2454 418 409

1390 480 1459 515 ne
1519 474 1793 531 putaretur
1854 464 1933 515 ire
1991 464 2335 531 corporaliter
2384 465 2456 515 ob

1388 536 1796 604 impotentiam,
1838 545 1890 587 et
1934 553 2040 588 non
2069 538 2140 587 ob
2171 536 2458 587 humilita-

1388 619 1521 659 tem.
1545 609 1645 658 Hic
1671 609 2122 659 considerandum
2152 618 2232 658 est
2274 622 2457 675 quan-

1388 691 1508 731 tum
1542 680 1838 746 unicuique
1864 680 1995 732 fides
2028 681 2197 731 valeat
2227 679 2457 745 propria,

1389 753 1605 817 quando
1637 762 1851 802 tantum
1890 751 2055 802 valuit
2090 751 2278 800 aliena.
2322 750 2460 799 Nam

1391 834 1608 890 propter
1654 824 1817 876 fidem
1858 822 2208 876 Centurionis
2255 821 2459 873 sanitas

1391 911 1559 962 puero
1589 907 1667 947 est
1700 896 1923 947 reddita.

1453 965 1486 1016 6
1520 968 1824 1018 Humerus
1837 968 2055 1028 Donum,
2071 984 2160 1018 mc
2178 983 2339 1017 armi
2356 980 2462 1016 non

1390 1054 1649 1103 nocuus,
1668 1057 1737 1089 An
1761 1055 1967 1091 snnvuu
1991 1041 2353 1092 Caurumoms
2375 1053 2463 1088 ιη

1392 1124 1678 1173 vols-:unffi
1714 1126 1781 1159 ετ
1813 1126 2010 1161 rosi-EA
2038 1127 2107 1160 An
2138 1125 2326 1160 runnu
2364 1124 2465 1159 ιε-

1392 1195 1517 1230 cum
1550 1196 1712 1229 mm(
1750 1196 1987 1232 nocuus
2028 1198 2117 1231 mr:
2147 1194 2461 1231 neuneu-ris·

1394 1281 1454 1291 -—
1484 1252 1778 1303 Considera
1797 1254 1958 1304 etiam
1984 1254 2072 1304 hic
2100 1253 2463 1303 humilitatem

1394 1324 1646 1385 Domini,
1678 1325 1806 1391 quia
1835 1326 1900 1375 ad
1923 1341 2140 1378 servum
2175 1323 2467 1376 Centurio-

1395 1397 1499 1456 nis,
1528 1397 1688 1448 etiam
1724 1413 1833 1448 non
1860 1407 2107 1464 rogatus,
2141 1399 2217 1449 ire
2254 1406 2467 1464 paratus

1397 1465 1529 1529 fuit3
1565 1469 1631 1518 ad
1659 1467 1834 1518 filium
1856 1479 2034 1519 autem
2058 1468 2248 1535 reguli,
2270 1471 2335 1519 de
2357 1481 2468 1533 quo

1398 1539 1538 1590 infra
1570 1540 1804 1602 dicetur,
1846 1541 1997 1607 quasi
2029 1557 2282 1606 pompam
2321 1538 2470 1590 refu-

1399 1610 1566 1676 giens,
1624 1611 1785 1662 etiam
1851 1622 2085 1678 rogatuS‚
2141 1610 2219 1660 ire
2276 1609 2467 1659 noluit.

1398 1684 1656 1735 Excelsus
1700 1685 1880 1748 enim,
1933 1685 2196 1736 Dominus
2248 1682 2472 1734 humilia

1399 1755 1467 1805 de
1499 1771 1664 1824 prope
1700 1757 1922 1822 respicit
1945 1773 1963 1807 .·
1991 1761 2043 1807 et
2087 1756 2234 1818 alta,
2286 1755 2339 1806 id
2392 1765 2474 1807 est

1400 1829 1658 1894 superba,
1705 1844 1740 1879 a
1779 1829 1940 1895 longe
1969 1829 2278 1895 cognoscit,
2312 1828 2367 1877 id
2395 1836 2477 1879 est

1403 1903 1717 1955 contemnit.
1751 1903 1808 1953 ln
1837 1919 1966 1969 qu0,
2000 1902 2300 1953 secundum
2335 1902 2476 1952 Gre-

1403 1975 1637 2041 gorium,
1665 1974 1915 2039 superbia
1947 1983 2128 2024 nostra
2174 1973 2479 2023 retunditur

1405 2057 1456 2097 et
1502 2045 1836 2111 increpatur,
1878 2045 1976 2111 qui
2021 2060 2288 2111 personas
2328 2060 2480 2094 acce-

1406 2119 1602 2184 ptando
1632 2117 1687 2167 in
1720 2116 2057 2176 hominibuS,
2090 2132 2200 2166 non
2233 2126 2477 2166 naturam

1407 2203 1514 2256 qua
1550 2188 1616 2239 ad
1660 2187 1956 2254 imaginem
2000 2186 2099 2238 Dei
2160 2186 2282 2238 facti
2323 2196 2479 2248 sunt,

1408 2260 1500 2311 sed
1531 2259 1765 2309 honores
1806 2268 1859 2309 et
1900 2257 2114 2308 divitias
2140 2272 2476 2309 veneramur.

1410 2331 1542 2394 Ecce
1571 2329 1636 2379 de
1663 2329 1797 2379 coelo
1843 2327 2019 2389 venit,
2059 2327 2153 2393 qui
2192 2341 2343 2378 servo
2383 2342 2481 2377 oc-

1409 2416 1618 2452 currere
1660 2399 1717 2450 in
1750 2410 1946 2450 terram
1992 2414 2098 2448 non
2127 2398 2380 2464 despicit,
2430 2407 2483 2449 et

1410 2484 1586 2524 tamen
1616 2470 1894 2522 humiliari
1924 2470 1979 2520 in
2007 2479 2146 2520 terra
2170 2470 2487 2520 contemni-

1411 2559 1552 2603 muS,
1573 2542 1667 2609 qui
1692 2542 1759 2592 de
1776 2550 1913 2591 terra
1937 2539 2156 2590 sumus!
2193 2539 2334 2599 Quid
2358 2554 2483 2589 vero

1409 2614 1551 2679 apud
1576 2614 1749 2663 Deum
1777 2610 1960 2672 viliuS,
1990 2610 2123 2677 quid
2152 2625 2269 2659 esse
2296 2609 2482 2674 despe-

1412 2684 1553 2734 ctius
1581 2692 1770 2749 potest,
1796 2697 1960 2748 quam
1983 2696 2189 2731 servare
2218 2681 2485 2731 honorem

1412 2755 1555 2821 apud
1607 2753 1857 2803 homines
1879 2789 1892 2812 ,
1948 2761 2001 2802 et
2069 2751 2263 2801 interni
2336 2750 2487 2801 testis

1416 2827 1603 2876 oculos
1631 2840 1739 2873 non
1784 2821 2011 2873 timere?
2049 2821 2202 2872 Unde
2249 2822 2486 2871 Ambro-

1416 2900 1532 2950 sius
1551 2915 1568 2950 .·
1599 2917 1626 2945 «
1655 2898 1737 2948 Ad
1766 2895 1933 2963 reguli
1963 2894 2138 2945 filium
2173 2894 2348 2944 noluit
2375 2909 2490 2959 per-

1416 2985 1568 3037 gere,
1622 2983 1690 3018 ne
1732 2968 1789 3018 in
1838 2965 2007 3032 reguli
2058 2965 2171 3017 filio
2220 2966 2492 3015 videretur

1420 3039 1592 3105 magis
1633 3037 1839 3088 divitiis
1867 3036 2180 3099 ·detulisse;
2240 3035 2328 3085 hic
2376 3034 2491 3100 ipse

1420 3109 1668 3178 perrexit,
1694 3123 1759 3158 ne
1784 3106 2054 3158 videretur
2071 3107 2125 3156 in
2147 3104 2494 3156 Centurionis

1421 3180 1624 3232 famulo
1646 3218 1660 3241 ,
1739 3178 2110 3230 conditionem
2184 3174 2493 3241 despexisse

1421 3250 1696 3312 servilem;
1743 3264 1933 3299 omnes
1976 3248 2146 3306 enim,
2204 3260 2390 3295 servus
2440 3254 2494 3296 et

1421 3323 1584 3385 liber,
1628 3320 1686 3371 in
1720 3320 1939 3370 Christo
1984 3332 2153 3369 unum
2176 3319 2387 3365 'sumus
2417 3332 2431 3365 ι
2463 3334 2491 3363 n

1424 3394 1537 3443 hoec
1563 3390 1899 3442 Ambrosius.

1487 3480 1519 3529 7
1554 3463 1610 3513 ΙΝ
1663 3462 2010 3513 Crem-unione·
2051 3474 2201 3508 mnes
2244 3458 2497 3507 Gen-riou

1425 3548 1865 3586 PRAEFtGURATUR.
1894 3559 1954 3569 —
1985 3530 2044 3579 In
2075 3528 2407 3579 Centurione
2440 3526 2499 3576 fi-

1426 3608 1520 3656 des
1548 3604 1804 3655 Gentium
1844 3600 2246 3668 praefiguratur,
2303 3607 2355 3647 et
2402 3612 2499 3663 per

1428 3692 1553 3727 eum
1581 3674 1834 3741 primitiae
1866 3683 1918 3723 et
1947 3670 2101 3721 electi
2130 3669 2195 3720 de
2231 3668 2499 3720 Gentibus

1429 3748 1802 3814 designantur,
1858 3742 1952 3810 qui
1987 3740 2141 3809 quasi
2195 3739 2500 3790 centenario

1432 3816 1591 3868 militi
1629 3815 1833 3883 stipati,
1873 3814 2134 3865 virtutum
2178 3810 2502 3876 perfectione

1433 3897 1561 3938 sunt
1588 3885 1876 3943 sublimeS,
1914 3882 2186 3934 credentes
2237 3881 2294 3930 in
2333 3880 2500 3931 Chri-

1435 3970 1598 4018 stum,
1618 3965 1669 4007 et
1685 3956 1987 4017 laborantes
2005 3952 2072 4004 ad
2096 3950 2503 4002 conversionem
