2784 4452
339 278 693 330 SERMONIS
727 279 796 330 IN
830 277 1092 329 MONTE·
1116 276 1613 329 CONTINUATIO
1647 293 1663 329 τ
1697 277 1791 329 DE
1827 277 2041 329 ORAT.
2076 278 2249 330 DOM.

214 405 296 449 cet
326 395 541 445 tertiam
569 404 623 444 et
644 393 947 458 septimam,
975 392 1105 458 quia
1130 391 1285 443 tertia

216 467 524 521 continetur
574 467 640 517 in.
680 466 889 517 duabus
933 466 1286 532 praecedenti-

213 542 337 601 bus,
370 549 422 589 et
457 538 687 603 septima
726 537 785 587 in
813 547 974 587 sexta.
1006 538 1068 587 In
1096 535 1287 587 sancti-

212 609 460 661 ficatione
503 607 649 657 enim
694 607 889 657 animae
925 622 1046 673 quae
1087 606 1286 672 petitur

214 683 275 734 in
300 682 494 748 prima,
528 690 582 730 et
612 680 671 731 in
696 679 1087 730 resurrectione
1113 678 1286 728 carnis

214 769 339 821 quae
377 751 576 818 petitur
616 750 673 800 in
716 751 976 812 secunda,
1030 749 1286 829 impletur

213 824 400 875 divina
425 822 673 872 voluntas
713 836 834 888 quae
861 820 1062 887 petitur
1090 818 1144 869 in
1176 828 1287 869 ter-

211 892 426 944 aava
456 890 501 940 si
533 891 760 957 gloriam
793 890 890 940 Dei
924 887 1288 956 principaliter

213 977 539 1029 quaeramuS,
596 971 648 1011 et
686 959 1147 1027 participationem
1194 974 1286 1009 re·-

211 1033 304 1100 gni
335 1034 467 1097 ejus,
520 1047 641 1097 quae
674 1031 1016 1082 continentur
1055 1029 1113 1079 in
1158 1030 1288 1079 dua·-

212 1105 319 1155 bus
353 1102 544 1169 primis
598 1102 971 1168 petitionibus,
1012 1102 1147 1151 bene
1184 1116 1286 1151 vo-

214 1176 476 1225 luntatem
539 1173 656 1237 ejus
730 1171 957 1234 facimus
981 1210 997 1232 ,
1049 1181 1103 1222 et
1170 1172 1286 1237 ejus

215 1245 463 1296 voluntas
518 1244 775 1309 impletur
815 1243 873 1293 in
914 1242 1099 1305 nobis;
1136 1242 1286 1308 quod

215 1316 518 1368 continetur
572 1316 626 1365 in
673 1314 843 1376 tertia,
890 1313 1018 1380 quia
1062 1314 1128 1363 ad
1183 1313 1290 1363 hoc

214 1387 480 1455 praecipue
534 1388 781 1437 voluntas
838 1386 935 1436 Dei
993 1384 1179 1445 tendit,
1224 1393 1289 1435 ut

213 1460 331 1524 ejus
402 1458 737 1508 sanctitatem
798 1470 1183 1523 cognoscamus
1233 1463 1289 1504 et

215 1545 342 1581 cum
371 1530 493 1595 ipso
523 1544 826 1595 regnemus,
857 1527 1116 1578 Similiter
1132 1525 1288 1591 septi·

213 1617 306 1652 ma
348 1600 759 1652 continetur-in
810 1608 983 1659 sexta,
1043 1608 1104 1648 ut
1156 1597 1289 1648 sciat

212 1671 593 1737 unusquisque
646 1686 704 1722 se
749 1670 963 1721 liberari
1025 1684 1058 1719 3
1110 1668 1293 1729 malo,

216 1759 343 1795 cum
374 1759 481 1793 non
509 1742 788 1793 inducitur
829 1743 885 1793 in
914 1740 1285 1792 tentationem.

212 1815 271 1865 Si
291 1814 442 1866 enim
475 1813 533 1863 in
557 1813 909 1863 tentationem
937 1828 1046 1862 non
1071 1809 1287 1861 induci-

217 1902 345 1936 mur
399 1885 449 1936 ei
510 1884 925 1946 succumbendo,
978 1884 1071 1933 sed
1115 1881 1289 1948 magis

219 1957 575 2024 praevalemus
599 1955 911 2015 resistendo,
936 1955 1075 2005 bene
1098 1954 1291 2004 libera-

222 2044 349 2079 mur
377 2044 409 2079 a
431 2028 594 2078 male.
625 2028 690 2077 Et
708 2026 787 2076 sic
819 2026 966 2092 quod
1002 2025 1289 2093 Matthaeus

215 2100 348 2151 dicit
390 2099 653 2165 explicite,
703 2098 873 2149 Lucas
917 2095 1290 2163 complectitur

220 2172 502 2240 implicite.

286 2264 307 2298 1
319 2247 346 2297 3
369 2248 774 2298 Anima-munna
796 2261 940 2303 Quon
958 2261 1013 2295 nc
1026 2259 1290 2295 onnon-23

216 2333 317 2369 sua
367 2332 675 2367 renosci-:Nm
709 2331 1094 2366 necessrnrnu
1139 2329 1292 2389 riut-

217 2404 411 2440 smrrnt
459 2403 732 2438 osrizunxr
782 2387 1046 2436 Doumus.
1100 2413 1163 2424 —
1223 2384 1294 2434 Ut

215 2468 399 2510 autem
450 2457 582 2507 dicit
634 2457 975 2523 Aug-ustinus
1018 2473 1039 2506 .·
1081 2474 1113 2502 ιι
1167 2455 1292 2505 Non

217 2532 551 2598 negligenter
577 2529 1008 2595 praetereundum
1027 2538 1125 2593 est,
1146 2529 1292 2594 quod

215 2620 283 2657 ex
311 2604 585 2654 -omnibus
621 2603 710 2654 his
760 2603 1037 2653 sententiis
1091 2601 1294 2668 quibus

218 2691 321 2726 nos
355 2675 621 2725 Dominus
666 2688 817 2724 orare
857 2672 1129 2738 praecepit,
1172 2685 1293 2722 eam

219 2746 576 2814 potissimum
651 2745 1133 2796 commendandam
1176 2758 1294 2794 esse

223 2820 500 2886 judicavit,
544 2834 665 2885 quae
712 2819 948 2884 pertinet
990 2818 1056 2868 ad
1096 2815 1290 2868 remis-

220 2891 439 2942 sionem
500 2899 839 2956 peccatorum
859 2927 873 2949 ,
925 2888 985 2937 in
1036 2903 1144 2953 qua
1195 2902 1295 2936 nos

223 2962 598 3013 misericordes
679 2976 797 3011 esse
859 2958 1031 3010 voluit
1051 2997 1066 3018 ‚
1145 2958 1294 3023 quod

222 3050 401 3085 unum
444 3044 525 3085 est
570 3033 860 3084 consilium
898 3029 1141 3080 miserias
1180 3043 1298 3079 eva-

220 3104 404 3155 dendi.
468 3106 528 3154 In
603 3103 752 3154 nulla
810 3101 959 3152 enim
1033 3099 1297 3150 sententia

221 3175 303 3227 sic
346 3191 565 3239 oramus
586 3214 601 3236 ,
651 3184 714 3224 ut
767 3171 920 3239 quasi
964 3169 1297 3236 paciscamur

220 3261 347 3296 cum
386 3261 469 3297 eo,
511 3240 755 3295 Dicimus
809 3241 953 3293 enim
1005 3258 1020 3292 ε
1076 3239 1299 3290 Dimitte

219 3316 377 3368 nobis
404 3355 423 3380 ,
504 3317 644 3367 sicut
703 3321 757 3367 et
805 3329 903 3365 nos
948 3310 1293 3373 dimittimu3‚

220 3389 281 3438 in
308 3404 417 3455 qua
440 3389 684 3455 pactione
705 3388 752 3437 si
789 3385 1104 3448 mentimur,
1129 3382 1296 3433 totius

222 3461 486 3511 orationis
515 3461 696 3510 nuilus
733 3468 814 3509 est
844 3457 1051 3507 fructus
1087 3473 1102 3506 ε
1128 3474 1157 3502 1>
1183 3455 1297 3504 haec

224 3531 585 3598 Augustinus.
622 3531 780 3582 Unde
841 3539 963 3595 post
996 3526 1298 3578 orationem

226 3604 575 3670 subjungitur
617 3621 631 3654 ε
680 3604 757 3653 Et
796 3617 914 3652 cum
968 3599 1181 3651 stabitis
1226 3598 1301 3648 ad

228 3675 514 3737 orandum,
548 3673 821 3724 dimittitte
861 3672 912 3722 si
938 3670 1067 3737 quid
1093 3668 1299 3720 habetis

227 3745 493 3796 adversus
531 3745 780 3809 aliquem,
818 3747 875 3791 ut
915 3748 966 3792 et
1003 3743 1175 3791 Pater
1203 3752 1299 3788 ve-

231 3823 344 3866 ster
370 3816 461 3882 qui
490 3817 543 3866 in
574 3815 724 3866 coelis
761 3818 859 3873 est,
890 3812 1126 3862 dimittat
1150 3809 1299 3860 vobis

227 3892 453 3956 peccata
485 3891 684 3936 vestra.
715 3883 873 3934 Unde
904 3882 979 3932 ait
1018 3880 1299 3948 Chryses-

2337 280 2440 349 359

1391 399 1563 443 tomus
1615 410 1634 445 .·
1665 413 1691 441 «
1738 393 1863 445 Ideo
1905 394 2164 445 coelorum
2211 406 2264 447 et
2294 398 2464 449 Patris

1389 464 1666 525 meminit,
1697 474 1758 514 ut
1787 480 1851 515 ex
1882 465 1983 515 hoc
2018 477 2270 531 provocet
2303 469 2464 519 audi-

1389 548 1584 588 torem.
1621 538 1771 588 Nihil
1809 538 1953 588 enim
1977 538 2051 588 ita
2086 539 2198 589 Deo
2239 541 2464 592 assimi-

1389 610 1484 671 lat,
1511 610 1650 661 sicut
1682 610 1937 675 injuriam
1968 611 2286 662 facientibus
2312 612 2464 678 igno·

1390 698 1555 734 scere.
1603 684 1989 734 Inconveniens
2045 694 2125 734 est
2179 694 2358 735 autem
2408 685 2460 736 si

1388 754 1513 804 talis
1569 754 1743 805 Patris
1799 754 1948 805 filius
2000 755 2233 806 existens
2278 753 2460 806 feralis

1390 823 1639 885 efficitur,
1673 834 1725 875 et
1763 826 1829 874 ad
1865 826 2063 876 coelum
2097 835 2315 876 vocatus
2345 834 2461 875 ter-

1388 909 1583 944 renum
1638 896 1928 961 quemdam
1991 904 2044 945 et
2112 895 2236 946 vitae
2297 895 2461 959 hujus

1389 964 1673 1030 proprium
1727 965 1889 1015 habet
1931 981 2154 1017 sensum
2198 983 2212 1016 :
2259 985 2289 1013 υ
2347 966 2462 1017 haec

1390 1035 1830 1103 chrysostomum
1870 1038 1939 1088 Si
1964 1038 2100 1088 enim
2129 1037 2462 1098 dimiseritiS,

1390 1122 1501 1156 non
1544 1107 1830 1157 retinendo
1872 1123 2173 1169 rancorem,
2215 1123 2326 1157 non
2360 1123 2463 1174 ap-

1390 1178 1620 1243 petendo
1651 1177 1958 1243 vindictam,
1989 1180 2288 1230 hominibus
2325 1193 2463 1245 pec-

1392 1254 1516 1297 cata
1567 1263 1765 1310 eorum,
1818 1249 2018 1299 scilicet
2070 1250 2128 1300 in
2172 1265 2271 1300 vos
2306 1262 2463 1300 com-³

1390 1317 1577 1378 missa,
1612 1318 1840 1368 dimittet
1879 1319 2029 1368 vobis
2074 1320 2245 1369 Pater
2287 1326 2464 1370 vester

1392 1388 1624 1439 coelestis
1647 1388 1843 1439 delicta
1868 1395 2064 1440 vestra.
2082 1390 2149 1440 Si
2160 1396 2340 1440 autem
2357 1404 2463 1441 non

1391 1459 1710 1509 dimiseritis
1763 1459 2076 1524 hominibus,
2136 1474 2230 1511 nec
2286 1462 2459 1512 Pater

1392 1537 1567 1581 vester
1595 1530 1824 1581 dimittet
1851 1531 1999 1581 vobis
2011 1538 2237 1596 peccata
2257 1538 2459 1583 vestr-a.

1392 1601 1536 1650 Bene
1564 1600 1695 1651 dicit
1721 1606 1920 1664 vestra,
1950 1601 2082 1667 quia
2106 1601 2220 1651 haec
2243 1611 2324 1652 est
2348 1602 2463 1653 sola

1392 1672 1630 1739 operatio
1669 1672 1913 1722 hominis
1947 1682 2001 1722 et
2029 1674 2319 1739 possessio,
2349 1673 2461 1724 sci-

1391 1743 1517 1794 licet
1572 1753 1875 1809 peccatum,
1925 1742 1985 1793 in
2043 1744 2249 1794 malurn
2314 1743 2464 1795 enim

1394 1824 1570 1880 potest
1596 1831 1689 1881 per
1717 1830 1791 1875 se,
1819 1830 1928 1863 non
1956 1814 2015 1863 in
2049 1815 2277 1865 bonum.
2322 1815 2459 1865 Ecce

1392 1888 1497 1949 lex,
1531 1902 1564 1937 o
1597 1887 1783 1951 hom0,
1818 1886 1918 1936 tibi
1945 1902 1975 1935 a
2007 1886 2245 1936 Domino
2282 1885 2464 1951 posita

1391 1966 1491 2007 est.
1523 1956 1580 2006 Si
1626 1956 1775 2006 enim
1821 1955 2112 2017 dimiseris,
2163 1956 2466 2007 dimittetur

1392 2026 1524 2090 tibi3
1555 2027 1602 2077 si
1634 2043 1744 2076 non
1784 2026 2077 2087 dimiseriS,
2114 2042 2225 2075 non
2268 2026 2464 2076 dimit-

1394 2107 1535 2147 tetur
1560 2097 1682 2147 tibi.
1714 2098 1872 2148 Unde
1910 2096 2229 2163 Cyprianus
2257 2114 2275 2145 .-
2302 2113 2330 2142 «
2356 2096 2470 2146 Ex·-

1395 2169 1598 2219 cusatio
1636 2170 1784 2219 enim
1827 2168 1928 2218 tibi
1973 2169 2120 2218 nulla
2153 2176 2234 2217 est
2275 2167 2334 2217 in
2376 2167 2467 2218 die

1394 2240 1599 2304 judicii,
1653 2256 1777 2290 cum
1826 2240 2122 2290 secundum
2152 2248 2302 2288 tuam
2331 2253 2465 2288 sen-

1353 2340 1356 2343 >
1394 2310 1621 2360 tentiam
1645 2309 1914 2375 judiceriS,
1976 2319 2028 2359 et
2072 2309 2221 2374 quod
2274 2308 2464 2359 feceris

1396 2382 1499 2431 hoc
1541 2380 1658 2446 ipse
1698 2380 1937 2445 patieris.
1967 2399 1995 2427 n
2031 2379 2136 2430 Ubi
2177 2388 2231 2430 et
2278 2379 2470 2446 Chry-

1396 2459 1662 2505 sostomus
1679 2470 1699 2502 .·
1723 2473 1746 2499 ι(
1766 2454 1892 2503 Post
1910 2453 2129 2518 impleta
2148 2451 2470 2502 motationis

1397 2526 1685 2576 formulam
1723 2525 1926 2576 nullius
1962 2540 2185 2590 prorsus
2230 2522 2469 2574 mandati

1398 2598 1663 2660 meminit,
1715 2597 1821 2648 nisi
1871 2598 2026 2648 istius
2067 2614 2176 2665 quo
2218 2607 2357 2647 certe
2402 2597 2471 2647 ad

1398 2670 1636 2719 dandum
1670 2684 1773 2738 nos
1800 2669 2010 2719 veniam
2039 2668 2344 2719 concitavit.
2375 2667 2468 2718 Ait

1399 2741 1644 2808 quippe:
1690 2738 1758 2791 Si
1806 2739 2122 2790 dimiseritis
2173 2739 2471 2790 hominibus

1390 2816 1617 2876 peccata
1662 2825 1862 2875 eorum,
1922 2811 2148 2861 dimittet
2208 2817 2262 2860 et
2320 2808 2471 2859 vobis

1399 2884 1569 2934 Pater
1617 2882 1851 2932 coelestis
1872 2887 2096 2946 peccata
2126 2886 2323 2931 vestra.
2357 2880 2469 2929 Ita-

1400 2967 1507 3020 que
1547 2967 1579 3002 a
1627 2952 1789 3001 nobis
1842 2960 1953 3001 tota
1998 2951 2116 3001 haec
2167 2966 2252 3000 res
2299 2948 2471 2999 sumit

1400 3022 1713 3082 exordium,
1731 3022 2086 3088 futurumque
2109 3022 2176 3072 de
2216 3019 2379 3070 nobis
2411 3017 2468 3067 in

1402 3104 1584 3145 nostra
1629 3103 1711 3144 est
1757 3103 2015 3158 potestate
2060 3091 2346 3159 judicium.
2391 3090 2473 3139 Ne

1401 3168 1549 3218 enim
1601 3167 1686 3217 vel
1731 3166 2116 3217 irrationabilis
2171 3162 2467 3241 quispiam,

1402 3248 1493 3287 aut
1538 3237 1597 3287 in
1639 3252 1834 3302 magno
1863 3237 2048 3304 aliquo
2076 3245 2168 3285 aut
2192 3234 2251 3284 in
2279 3230 2473 3297 exiguo

1403 3307 1596 3358 delicto
1616 3306 1683 3357 de
1708 3306 1908 3372 judicio
1934 3307 2029 3357 Dei
2059 3303 2319 3370 conqueri
2342 3317 2476 3368 pos-

1403 3389 1500 3440 set,
1548 3380 1729 3445 ipsum
1771 3396 1926 3430 reum
1969 3378 2270 3429 Dominum
2325 3374 2476 3425 illius

1403 3449 1527 3500 fecit
1546 3465 1663 3500 esse
1674 3451 1968 3501 sententiae.
1986 3445 2474 3528 Quemadmodum,

1404 3520 1603 3587 inquit,
1646 3531 1706 3571 tu
1735 3521 1851 3586 ipse
1879 3518 2210 3584 judicaveriS,
2259 3517 2334 3567 ita
2372 3515 2474 3565 tibi

1405 3591 1568 3641 etiam
1605 3591 1869 3656 judicabo.
1913 3589 1970 3640 Si
2018 3588 2165 3638 enirn
2205 3584 2477 3637 dimiseris

1407 3677 1666 3714 conservo
1688 3673 1800 3722 tu0,
1824 3677 1855 3711 a
1873 3677 1961 3712 me
1978 3676 2199 3728 quoque
2225 3658 2474 3710 eamdem

1406 3732 1631 3800 gratiam
1676 3731 2041 3797 consequeris.
2085 3731 2154 3780 Et
2190 3738 2329 3780 certe
2373 3741 2475 3776 ne-

1406 3817 1678 3886 quaquam
1706 3801 1850 3850 istud
1869 3803 2074 3868 aequale
2102 3809 2222 3850 est.
2247 3808 2307 3848 tu
2327 3796 2471 3848 enim

1406 3875 1658 3934 remitti5‚
1688 3889 1812 3924 cum
1859 3875 1974 3943 ipse
2017 3889 2236 3943 quoque
2275 3870 2472 3923 remis-
