2784 4452
428 313 533 364 206

423 425 542 492 ipse
577 419 832 472 confitens
862 430 975 465 non
1010 419 1186 478 potest
1212 408 1270 458 in
1302 421 1489 473 praece·

421 504 514 567 pto
542 491 702 558 Legis
723 488 918 540 divinae
944 494 996 535 et
1018 479 1362 547 Evangelicae‚
1384 478 1487 529 sub

420 581 530 639 quo
555 571 817 616 secretum
837 552 1192 608 confessionis
1214 550 1489 614 cadit‚dis-

457 651 661 689 ensare.
720 634 792 684 Et
832 631 952 681 ideo
989 626 1035 677 si
1068 623 1343 677 confessor
1373 637 1485 675 non

417 655 580 768 {abet
608 711 918 773 potestatem
946 695 1276 759 absolvendi,
1295 694 1378 745 vel
1408 694 1487 744 in·

415 780 563 846 diget
590 774 816 828 consilio
842 768 1063 829 saniori,
1087 767 1245 817 debet
1265 763 1369 815 sibi
1394 763 1485 817 ite-

415 865 540 900 rum
580 855 725 897 extra
760 840 1180 897 confessionem,
1235 835 1311 886 ob
1344 834 1484 887 hanc

413 928 625 975 tantum
654 930 866 967 causam
901 910 1006 962 dici
1047 907 1243 967 facere),
1274 915 1326 957 et
1351 915 1481 956 tunc

414 1000 593 1062 potest
623 986 922 1053 exprimere
953 979 1250 1047 Superiori,
1277 978 1363 1031 vel
1399 977 1480 1027 al-

413 1062 513 1119 teri
560 1057 876 1111 consulenti.
925 1054 1027 1105 Sed
1079 1068 1179 1103 nec
1232 1051 1289 1100 in
1349 1065 1480 1101 casu-

412 1132 609 1187 mortis
632 1131 736 1181 sibi
770 1125 1128 1185 imminentis,
1153 1139 1249 1174 nec
1267 1123 1370 1173 sub
1400 1121 1478 1173 si-

410 1205 540 1277 gillo
574 1201 959 1261 confessioniS,
1007 1207 1185 1267 potest¹
1206 1197 1290 1248 vel
1318 1197 1479 1251 debet

409 1275 535 1345 quis
563 1283 827 1325 secretum
851 1268 1212 1322 confessionis
1233 1268 1362 1318 aliis
1383 1283 1474 1319 re·-

406 1346 625 1409 velare,
659 1361 755 1395 nec
803 1343 960 1393 debet
999 1340 1103 1406 ipsi
1160 1337 1439 1390 confitenti
1457 1377 1472 1399 ,

407 1427 529 1484 post
555 1416 951 1468 confessionem
971 1421 1249 1480 peccatum
1277 1411 1474 1476 impro-

405 1504 605 1559 perare,
634 1505 731 1539 nec
760 1488 827 1539 ab
861 1502 923 1536 eo
952 1493 1242 1552 peccatum,
1275 1483 1341 1534 ad
1371 1483 1472 1532 de·-

404 1560 739 1620 nudandum,
759 1560 844 1610 vel
866 1555 1256 1609 detrahendum
1285 1563 1469 1604 caute-

400 1634 532 1697 lose,
554 1643 680 1699 post
710 1629 1106 1682 confessionem
1130 1637 1466 1692 extorquere.

471 1718 532 1752 1³2
575 1703 656 1752 De
705 1714 1109 1752 snmsncnoun
1148 1713 1341 1747 omnis,
1365 1712 1468 1747 ren

398 1789 715 1829 com-unm.
742 1803 804 1813 --
828 1771 1008 1822 Tertia
1049 1785 1170 1836 pars
1194 1768 1467 1835 poeniten-

398 1844 489 1895 tiae
521 1855 600 1895 est
628 1844 807 1910 operis
836 1841 1142 1892 satisfactio.
1169 1839 1265 1890 Est
1282 1849 1464 1893 autem

397 1915 708 1976 satisfactio,
735 1930 842 1982 qua
887 1929 983 1980 pro
1013 1910 1266 1978 qualitate
1294 1911 1465 1976 culpae

397 2002 557 2052 poena
602 1986 766 2052 digna
825 1983 1135 2035 exsolvitur.
1193 1981 1335 2032 Hinc
1384 1991 1467 2032 est

396 2055 530 2106 illud
561 2056 845 2122 Baptistae:
874 2054 1063 2109 Facite
1090 2052 1290 2119 dignos
1322 2051 1463 2117 fru-

395 2134 513 2178 ctus
532 2127 878 2194 paenitentiae.
924 2126 1083 2177 Unde
1102 2168 1103 2171 ,
1119 2125 1426 2191 Gregorius
1444 2141 1464 2175 .-

395 2217 424 2248 α
459 2200 577 2250 Non
627 2200 806 2250 solum
852 2198 1058 2249 fructus
1099 2195 1462 2265 poenitentia,

396 2271 493 2322 sed
526 2271 725 2337 dignos
753 2269 1092 2338 poenitentiar-
1115 2268 1343 2335 fructus
1374 2268 1463 2318 ad-

391 2350 581 2390 monet·
614 2355 731 2391 esse
774 2340 1065 2391 faciendoS.
1102 2340 1291 2404 Neque
1312 2337 1462 2388 enim

391 2430 497 2479 par
534 2415 737 2465 fructus
769 2430 885 2465 esse
918 2414 1049 2464 boni
1093 2412 1270 2479 operis
1302 2411 1462 2462 debet

390 2484 504 2547 ejus
533 2484 628 2548 qui
653 2484 854 2548 minus,
887 2493 938 2534 et
966 2485 1080 2550 ejus
1108 2483 1202 2549 qui
1226 2483 1461 2548 amplius

389 2552 649 2617 deliquit,
682 2563 775 2604 aut
808 2554 923 2618 eius
951 2553 1048 2619 qui
1090 2552 1148 2602 in
1182 2552 1375 2613 nullis„
1406 2561 1459 2602 et

388 2622 620 2688 ejusqui
663 2623 720 2675 in
763 2624 1089 2689 quibusdam
1127 2621 1458 2674 facinoribus

385 2694 592 2748 cecidit.
620 2697 717 2747 Per
740 2696 844 2746 hoc
865 2712 999 2762 ergo
1017 2696 1301 2761 cujuslibet
1323 2711 1457 2746 cen-

385 2766 608 2819 scientia
636 2769 969 2830 convenitur,
1004 2779 1065 2819 ut
1086 2777 1237 2819 tanto
1256 2770 1457 2835 majora

385 2850 588 2907 quaerat
619 2841 895 2892 bonorum
934 2857 1159 2907 operum
1193 2840 1338 2891 lucra
1360 2857 1456 2907 per

384 2913 759 2980 poenitentiam
780 2954 793 2976 ,
827 2925 1030 2982 quanto
1053 2914 1300 2980 graviora
1347 2915 1452 2967 sibi

384 2984 569 3036 intulit
598 2988 794 3042 damna
822 3004 917 3058 per
943 2988 1177 3053 culpam.
1201 3006 1233 3035 n
1261 2988 1327 3038 Et
1347 2988 1454 3039 ite-

383 3070 507 3104 rum
541 3071 554 3104 ε
588 3074 615 3103 α
645 3058 782 3110 Nam
815 3059 1162 3124 cogitandum
1203 3073 1451 3109 summo-

380 3142 508 3193 pere
535 3137 633 3189 est,
662 3140 724 3179 ut
769 3131 863 3196 qui
895 3147 953 3181 se
981 3131 1166 3182 illicita
1200 3131 1453 3184 meminit

379 3199 747 3260 commisisse,
778 3216 809 3251 a
837 3202 1159 3267 quibusdam
1189 3202 1353 3253 etia-m-
1375 3203 1449 3253 li-

378 3270 502 3321 citis
527 3273 736 3323 studeat
763 3272 1047 3334 abstinere,
1069 3283 1450 3341 quatenusper

379 3339 485 3391 hoc
513 3341 792 3392 Conditori
814 3358 913 3392 suo
933 3344 1245 3411 satisfaciam>
1273 3354 1326 3395 et
1348 3345 1444 3411 qui

379 3411 657 3464 commisit
676 3411 965 3478 prohibita,
996 3413 1213 3464 sibimet
1233 3415 1452 3465 abscin-

377 3480 503 3531 dere
527 3482 716 3532 debeat
744 3483 905 3532 etiam
930 3499 1199 3535 concessa.
1227 3503 1255 3532 n
1287 3486 1448 3536 Unde

377 3551 696 3603 Bernardus
725 3571 743 3603 .-
770 3571 798 3599 «
830 3554 931 3604 Pro
955 3569 1018 3604 eo
1042 3555 1189 3620 quod
1220 3555 1287 3606 ab
1308 3555 1445 3621 ipsis

374 3621 538 3678 licitis
590 3624 952 3687 abstinemus,
1003 3641 1063 3676 ea
1112 3625 1271 3675 nobis
1320 3642 1441 3692 quae

376 3694 526 3759 prius
566 3697 944 3750 commisimus
996 3697 1180 3749 illicita
1235 3699 1440 3749 condo-

372 3775 583 3817 nantur.
618 3768 763 3818 Patet
781 3784 906 3835 ergo
927 3785 991 3819 ex
1018 3769 1157 3834 istis,
1178 3770 1437 3836 quoniam

371 3837 438 3885 ad
459 3838 826 3902 poenitentiam
848 3842 1076 3907 pertinet
1094 3842 1300 3912 operari
1316 3858 1437 3893 con·

371 3908 535 3961 traria
575 3910 669 3963 his
708 3928 833 3979 quae
871 3913 1070 3981 aliquis
1111 3914 1361 3981 peccavit.
1406 3933 1434 3963 κ

1073 295 1314 348 PRIMAE
1345 293 1600 345 PARTIS
1632 290 1866 344 CAPUT
1892 292 2005 343 XX.

1594 404 1750 457 Unde
1777 404 2225 473 chrysostomus:
2241 424 2269 457 ες
2283 404 2673 464 Paenitentiam

1591 490 1718 527 vero
1757 476 1878 543 dico
1923 493 2035 530 non
2070 478 2278 540 solum,
2326 489 2387 533 ut
2432 495 2465 531 a
2500 482 2675 539 malis

1592 548 2231 613 prioribus‘desinamus.
2274 567 2461 605 verum
2491 553 2667 610 etiam

1591 627 1655 670 ut
1685 618 1957 673 bonorum
1985 634 2211 685 operum
2238 620 2501 675 fructibus
2542 624 2669 677 im·-

1590 690 1852 756 pleamur.
1883 693 2093 754 Facite,
2122 693 2324 759 inquit,
2330 695 2554 761 fructus
2578 699 2673 755 di-

1586 777 1730 827 gnos
1742 763 2088 829 pcenitentioe.
2127 766 2251 825 Quo
2281 776 2461 819 autem
2488 770 2669 825 modo

1587 833 1903 887 fructificare
1961 836 2293 900 poterimus?
2357 838 2404 891 si
2466 840 2668 907 utique
2731 848 2736 855 ⁴

1586 905 1818 971 peccetis
1865 906 2085 959 adversa
2138 907 2412 963 faciamus.
2461 911 2664 965 Aliena

1585 979 1829 1045 rapuisti,
1849 979 2025 1046 incipe
2043 981 2246 1032 donare
2271 982 2377 1046 iam
2404 985 2663 1050 prope-ing

1582 1049 1747 1116 longo
1776 1066 1836 1101 es
1854 1060 2094 1117 tempore
2120 1051 2428 1113 fornicatus,
2458 1070 2489 1107 a
2511 1057 2655 1122 legi-

1580 1121 1722 1172 timo
1751 1138 1969 1189 quoque
1992 1133 2048 1173 te
2079 1139 2183 1174 usu
2223 1126 2489 1190 suspende
2517 1143 2655 1179 con-

1578 1192 1711 1260 iugi-i
1729 1231 1744 1258 ,
1798 1210 1860 1245 ac
1899 1204 2210 1261 perpetum
2260 1197 2657 1253 continentiam

1580 1265 1784 1332 saepius
1826 1282 2120 1333 paucorum
2156 1268 2368 1321 dierum
2408 1270 2660 1323 castitate

1579 1337 1853 1389 meditare.
1913 1339 2171 1406 injuriam
2225 1340 2510 1408 cuiquam,
2560 1344 2652 1396 vel

1578 1425 1737 1476 opere
1764 1411 1851 1461 vel
1877 1427 2130 1467 sermone
2167 1411 2358 1472 fecisti,
2391 1412 2525 1469 refes-
2544 1415 2650 1468 be-

1578 1479 1904 1531 nedictionis
1938 1482 2099 1534 verba
2139 1482 2407 1542 convitiis,
2436 1493 2489 1535 et
2516 1499 2652 1549 pen-

1575 1551 1837 1606 cutientes
1873 1562 1959 1617 te,
2018 1570 2164 1607 nunc
2214 1554 2407 1607 officiis
2427 1594 2444 1618 ,
2493 1572 2654 1609 nunc

1574 1621 1736 1673 etiam
1788 1622 2066 1677 beneficiis.
2114 1625 2318 1691 placare
2362 1627 2649 1681 contende.

1575 1693 1765 1759 Neque
1797 1695 1948 1747 enim
1997 1696 2285 1749 vulnerato*
2338 1697 2540 1751 sufficit
2558 1700 2644 1753 ad

1572 1767 1800 1817 salutem
1824 1769 2202 1820 tantummodo
2223 1769 2428 1835 spicula
2446 1770 2511 1823 de
2529 1786 2649 1824 mr-

1573 1852 1701 1902 pore
1750 1839 2004 1901 evellere3
2056 1838 2150 1890 sed
2196 1839 2358 1891 etiam
2405 1841 2648 1893 remedia

1570 1907 1830 1959 adhibere
1851 1909 2185 1961 vulneribus
2210 1909 2431 1965 Deliciis
2459 1922 2646 1965 autem

1570 1987 1626 2030 et
1650 1979 1971 2033 temulentia
1997 1979 2306 2044 diffluebas,
2346 1981 2546 2046 jejunio
2587 1993 2647 2035 et

1568 2065 1721 2117 aquae
1748 2061 1880 2117 potu
1906 2062 2200 2118 utrumque
2230 2068 2550 2118 compensa,
2577 2065 2645 2109 ut

1567 2121 1768 2176 famem
1782 2138 1999 2190 superes
2023 2124 2421 2177 imminentem.
2441 2126 2646 2181 Vidisti

1568 2193 1858 2261 impudicis
1904 2195 2074 2250 oculis
2105 2195 2338 2251 alienam
2384 2196 2639 2252 decoram

1567 2265 1855 2329 feminam,
1908 2268 2016 2333 jam
2056 2267 2284 2320 omnino
2325 2282 2393 2321 ne
2423 2268 2637 2331 videas,

1567 2337 1767 2400 majore
1793 2347 1965 2390 tactus
1983 2337 2227 2390 cautione
2249 2348 2376 2404 post
2389 2338 2637 2396 vulnera.

1564 2410 1816 2472 Declinae,
1842 2409 2037 2476 inquit,
2078 2426 2115 2461 a
2143 2411 2302 2473 male,
2333 2416 2385 2463 et
2400 2411 2506 2476 sac
2533 2413 2636 2465 bo·-

1565 2495 1707 2531 num.
1730 2481 1796 2531 Et
1823 2481 1953 2532 alibi
1978 2499 1998 2532 z.
2012 2481 2232 2547 Inquire
2240 2496 2431 2547 pacem
2451 2487 2635 2547 etper-
2727 2511 2730 2514 =

1564 2565 1783 2617 sequere
1804 2566 1939 2603 eam.
1970 2552 2091 2602 Non
2115 2561 2323 2602 tantum
2342 2550 2490 2606 hanc,
2507 2550 2634 2604 dico

1562 2637 1767 2687 pacem,
1794 2637 1915 2688 quae
1932 2638 2057 2675 cum
2078 2622 2414 2682 hominibus,
2436 2638 2632 2676 verum

1563 2693 1726 2745 etiam
1753 2709 1874 2761 quae
1904 2711 2027 2748 cum
2056 2695 2168 2749 Deo
2206 2705 2285 2745 est
2308 2694 2638 2759 copulanda.

1562 2765 1634 2817 Et
1666 2766 1801 2819 bene
1835 2766 1910 2817 ait
1926 2805 1941 2827 ,
1978 2780 2316 2833 persequere.
2353 2766 2634 2831 Exagitata

1560 2847 1642 2890 est
1677 2839 1944 2906 undique,
1969 2847 2021 2891 et
2049 2853 2273 2905 prorsus
2301 2837 2533 2902 explosa,
2564 2853 2636 2892 ac.

1558 2919 1724 2964 terras
1750 2912 2072 2979 relinquens.
2111 2910 2169 2962 in
2209 2912 2404 2964 coelum
2440 2908 2632 2975 profe-

1557 2992 1660 3034 cea.
1682 2984 1784 3036 Sed
1825 2994 2007 3036 tamen
2035 2997 2324 3048 possumus
2351 2996 2472 3032 eam
2495 2996 2630 3035 rur-

1558 3072 1651 3107 sus
1692 3072 1952 3117 revocare,
1996 3056 2042 3108 si
2071 3057 2339 3119 volumus,
2367 3053 2426 3106 id
2446 3063 2543 3113 est,
2574 3054 2628 3106 si·

1555 3126 1915 3188 iracundiam,
1954 3127 2292 3193 superbiam,
2342 3135 2501 3192 etque
2537 3126 2632 3190 ia—

1554 3199 1806 3249 ctantiam
1829 3198 2119 3264 omniaque
2163 3196 2469 3262 abjicientes
2505 3196 2625 3250 im-

1554 3270 1857 3335 pedimenta
1902 3269 2044 3335 pacis
2068 3308 2083 3330 ,
2140 3269 2436 3320 modestam
2480 3266 2627 3320 hanc

1551 3341 1716 3391 vitam
1734 3380 1748 3402 ‚
1778 3356 2082 3407 puramque
2106 3349 2367 3392 sectemur
2402 3356 2417 3390 z
2447 3357 2475 3387 ι)
2504 3338 2623 3390 haec

1552 3412 1992 3481 ChrysostomuS.

1620 3482 1680 3534 13
1711 3484 2056 3534 suisne-rto
2087 3483 2254 3534 Deme
2271 3497 2523 3550 nouom?
2547 3496 2621 3533 ter

1549 3571 1782 3607 recen-A
1805 3572 2099 3608 eamean.
2123 3584 2184 3594 —
2203 3554 2499 3606 Satisfactio
2527 3568 2631 3606 au·

1547 3635 1656 3678 tem
1695 3628 1850 3678 debet
1883 3625 1998 3686 fieri
2040 3641 2135 3692 per,
2174 3640 2336 3692 opera
2365 3622 2632 3690 poenalia..

1548 3699 1649 3749 Per
1698 3697 2115 3751 satisfactionem
2169 3697 2315 3750 enim
2343 3734 2357 3756 ,
2406 3703 2626 3760 oportet

1545 3769 1739 3836 peccati
1770 3770 1968 3822 vulnus
2019 3783 2203 3822 sanare
2238 3766 2464 3833 perfecte
2475 3780 2494 3827 3,
2517 3764 2626 3817 sed

1546 3841 1915 3907 peccaminum
1938 3840 2217 3894 medicinae
2252 3847 2380 3892 sunt
2407 3851 2582 3903 poenffi
2598 3852 2626 3889 ε

1543 3923 1600 3967 et
1628 3930 1760 3981 ergo
1791 3915 1858 3968 ad
1898 3912 2336 3972 sfflsfaciendmn
2360 3918 2626 3966 sumne:—
