2784 4452
388 262 417 296 2
827 247 1233 300 PROOEMIUM
1267 250 1338 300 IN
1372 250 1600 302 VITAM
1662 251 1832 304 JESU
1866 254 2170 305 CHRISTI.

383 362 618 414 seriatim
648 363 844 430 aliquid
874 365 940 414 de
973 380 1035 415 ea
1061 380 1154 430 per
1189 364 1332 415 diem
1361 381 1453 416 ac-

383 434 546 500 cipiat
589 451 602 484 z
653 434 706 484 in
755 451 863 500 quo
903 436 1181 487 sabbatum
1237 436 1452 487 dedica-

381 514 500 556 tum
528 505 629 571 piae
668 505 1026 557 meditationis
1061 505 1277 557 Christo
1318 522 1453 572 quo-

378 577 510 627 tidie
555 578 886 640 celebrando‚
917 593 975 628 ac
1017 576 1364 644 cogitationes
1400 587 1452 629 et

380 647 705 712 affectioneS,
737 650 1001 699 orationes
1044 658 1096 699 et
1137 650 1338 714 laudeS,
1365 660 1452 701 to-

378 729 606 787 tumque
651 737 787 786 opus
840 720 944 770 diei
994 721 1058 770 ad
1109 721 1243 771 illud
1294 722 1453 772 redu-

380 792 576 856 cendo,
620 792 673 841 in
715 791 830 857 ipso
884 791 1176 842 delectetur
1223 808 1236 842 ε
1283 808 1314 843 a
1358 802 1450 844 tu-

382 862 556 912 multu
599 861 943 925 exteriorum,
974 871 1027 911 et
1053 864 1450 913 mundanorum

381 931 889 997 impedimentorum
962 932 1332 999 requiescere,
1400 942 1453 984 et

381 1002 613 1053 suaviter
657 1001 963 1055 obdormire
1011 1018 1025 1051 ε
1074 1012 1126 1053 et
1181 1005 1246 1054 ad
1293 1004 1447 1069 illud,

379 1071 713 1136 ubicumque
739 1071 915 1136 fuerit,
944 1072 1093 1123 velut
1131 1075 1196 1123 ad
1242 1083 1449 1124 certum

382 1153 434 1194 et
478 1142 628 1208 pium
666 1142 965 1208 refugium,
1011 1154 1193 1195 contra
1232 1145 1452 1196 vitiosas

380 1214 630 1264 humanae
661 1212 984 1264 infirmitatis
1005 1215 1299 1279 varietates,
1320 1233 1453 1267 con-

378 1285 530 1336 tinue
596 1284 693 1334 Dei
756 1283 988 1335 famulos
1049 1286 1449 1353 impugnantes,

379 1370 524 1424 saepe
559 1373 850 1409 recurrere.
899 1359 1108 1425 Saepius
1139 1370 1316 1411 tamen
1363 1377 1453 1412 re-

381 1443 558 1484 currat
595 1434 661 1483 ad
707 1433 974 1499 praecipua
1002 1434 1203 1485 Christi
1240 1451 1452 1486 memo-

379 1504 550 1566 rialia,
597 1504 849 1555 videlicet
879 1523 893 1556 :
923 1507 987 1555 ad
1016 1506 1452 1573 incarnationem,

380 1578 734 1644 nativitatem,
783 1579 1279 1646 circumcisionem,
1338 1581 1452 1648 epi-

378 1652 651 1720 phaniam,
694 1653 1153 1718 praesentationem
1211 1653 1266 1704 in
1311 1664 1454 1705 tem-

379 1727 471 1793 plo
493 1765 507 1791 ,
578 1727 912 1793 passionem,
970 1728 1413 1779 resurrectionem
1436 1766 1451 1793 ,

380 1797 764 1861 ascensionem,
811 1798 1040 1864 Spiritus
1088 1799 1266 1849 Sancti
1316 1800 1455 1850 effu-

380 1870 618 1934 sionem,
676 1871 961 1920 adventum
1017 1872 1081 1920 ad
1125 1871 1384 1936 judicium
1436 1887 1450 1921 ε

381 1956 540 1992 causa
607 1941 852 2007 specialis
924 1943 1334 2008 recordationiS,
1403 1953 1457 1995 et

381 2011 800 2076 exercitationiS,
844 2028 902 2062 ac
952 2014 1242 2079 spiritualis
1272 2030 1456 2066 recor-

381 2083 627 2148 dationis,
657 2099 716 2134 ac
746 2085 1141 2135 consolationis,
1170 2087 1259 2136 Sic
1292 2087 1453 2137 etiam

380 2157 551 2225 ipsam
590 2159 753 2209 vitam
797 2158 996 2210 Christi
1040 2161 1195 2228 legat,
1233 2170 1294 2211 ut
1331 2177 1455 2212 mo-

381 2247 468 2282 res
504 2232 616 2298 ejus
660 2247 756 2297 pro
803 2248 960 2298 posse
996 2232 1193 2283 imitari
1228 2235 1454 2285 studeat.

383 2303 580 2353 Parum
609 2303 754 2352 enim
782 2304 997 2368 prodest
1041 2303 1084 2353 si
1115 2304 1318 2369 legerit,
1352 2303 1456 2354 nisi

383 2384 437 2426 et
476 2375 715 2427 imitatus
771 2376 947 2426 fuerit.
1001 2376 1156 2427 Unde
1209 2378 1455 2427 Bernar-

381 2446 486 2496 dus
512 2463 530 2496 ε
562 2464 591 2492 α
615 2446 758 2506 Quid
781 2446 878 2495 tibi
898 2446 1130 2512 prodest,
1153 2446 1304 2512 pium
1336 2447 1455 2497 Sal-

379 2518 576 2569 vatoris
630 2533 828 2568 nomen
883 2518 1119 2569 lectitare
1173 2519 1230 2569 in
1282 2519 1454 2585 libris,

380 2587 485 2638 nisi
512 2587 709 2638 habere
737 2590 950 2639 studeas
978 2588 1226 2654 pietatem
1255 2590 1310 2639 in
1342 2606 1458 2641 mo-

380 2658 564 2709 ribus?
610 2678 637 2707 ³>
681 2659 836 2709 Unde
895 2668 947 2709 et
991 2659 1416 2725 Chrysostomus
1437 2679 1456 2713 .·

385 2746 415 2776 «
441 2729 551 2790 Qui
582 2730 763 2796 legens
796 2730 861 2780 de
903 2730 1035 2794 De0,
1065 2730 1185 2780 vult
1221 2730 1459 2782 invenire

381 2799 577 2865 Deum,
607 2800 817 2851 festinet
855 2800 1034 2851 vivere
1073 2800 1230 2867 digne
1256 2801 1388 2867 Dee,
1407 2812 1460 2853 et

382 2874 496 2941 ipsa
553 2875 882 2926 conversatio
945 2877 1085 2927 bona
1161 2876 1231 2927 sit
1303 2877 1456 2943 quasi

382 2946 588 3013 lampas
615 2947 837 2998 luminis
892 2957 1011 2998 ante
1064 2948 1254 2998 oculos
1280 2948 1458 3001 cordis

383 3018 515 3083 eius,
557 3018 699 3069 viam
740 3019 974 3070 veritatis
1014 3020 1269 3085 aperiens,
1300 3039 1328 3068 υ

449 3088 478 3139 3
532 3092 671 3142 Vri-A
698 3093 933 3153 ¹Cmusrl
971 3108 1213 3143 PROPTER
1254 3107 1460 3143 surm

313 3183 331 3202 ef
384 3176 765 3212 nnsmERANDA.
794 3192 858 3200 —-
886 3165 991 3213 Ista
1012 3162 1118 3214 vita
1148 3162 1201 3213 in
1236 3178 1455 3214 summo

384 3233 648 3283 desiderio
678 3235 836 3284 debet
864 3249 979 3285 esse
1013 3235 1299 3301 peccatori,
1328 3250 1457 3300 pro-

383 3311 500 3370 pter
541 3304 726 3354 multa.
771 3305 972 3364 Primo,
1011 3314 1225 3371 propter
1263 3305 1458 3356 remis-

383 3374 591 3426 sionem
659 3385 1014 3441 peccatorum.
1085 3376 1226 3427 Cum
1312 3376 1457 3427 enim

383 3445 569 3496 fecerit
593 3447 660 3496 de
690 3460 747 3495 se
782 3446 1064 3511 iudicium,
1100 3462 1159 3496 se
1194 3462 1288 3513 per
1321 3461 1457 3497 con-

383 3516 672 3567 fessionem
696 3519 1009 3582 accusando,
1045 3533 1140 3584 per
1178 3518 1455 3583 justitiam,

383 3587 748 3653 poenitentiam
775 3588 1129 3639 voluntariam
1176 3604 1456 3639 assumen-

386 3661 455 3709 do
478 3698 494 3725 ,
548 3661 654 3726 jam
710 3660 938 3711 sollicite
995 3662 1272 3712 ambulans
1328 3677 1454 3712 cum

386 3729 499 3780 Deo
527 3747 624 3782 suo
653 3731 907 3798 praedicto
937 3733 1098 3782 modo
1128 3731 1454 3794 meditando,

387 3811 641 3867 purgatur
678 3819 784 3852 non
830 3802 1107 3853 modicum
1143 3817 1172 3852 a
1205 3800 1455 3853 sordibus

386 3884 746 3940 peccatorum.
774 3876 926 3929 Deus
957 3875 1096 3927 enim
1131 3881 1328 3940 noster,
1362 3874 1454 3927 cui

1559 365 1812 432 adhaereff,
1845 369 1992 435 ignis
2032 384 2343 422 consumens
2373 379 2469 435 est,
2497 388 2630 439 pur-

1557 439 1832 502 gationem
1878 447 2222 505 peccatorum
2267 443 2510 508 faciens,
2564 473 2629 483 —

1560 511 1823 575 Secund0,
1867 521 2082 578 propter
2138 513 2221 563 sui
2275 513 2628 567 illuminatio-

1557 598 1701 633 nem.
1741 584 1838 634 Ille
1882 585 2026 635 enim
2055 586 2141 635 cui
2172 586 2383 651 assistit,
2414 587 2516 639 lux
2543 596 2628 640 esi

1559 657 1611 707 in
1643 659 1871 709 tenebris
1905 659 2100 721 lucenS,
2133 660 2285 725 cujus
2318 660 2521 713 lumine
2555 662 2626 712 il-

1556 729 1809 781 lustratus
1843 732 2065 781 docetur
2102 732 2340 783 ordinate
2366 733 2622 800 dispone-

1557 815 1615 850 re
1640 800 1804 851 vitam
1835 817 1988 852 suam
2020 803 2085 852 ad
2114 802 2408 867 Christum,
2442 814 2492 855 et
2520 820 2627 858 coe-

1557 871 1709 922 lestia
1745 874 1810 922 ad
1856 872 2093 938 seipsum
2124 888 2182 923 ac
2217 875 2544 939 proximum,
2576 885 2630 927 et

1556 942 1845 993 terrestria.
1890 971 1955 980 -
1994 943 2198 1007 Terti0,
2236 955 2449 1011 propter
2505 961 2630 1012 gra-

1555 1011 1684 1061 tiam
1743 1012 2096 1079 lacrymarum
2115 1052 2129 1077 ,
2181 1015 2333 1064 valde
2382 1031 2630 1068 necessa-

1556 1081 1690 1133 riam
1727 1083 1989 1148 peccatori
2036 1083 2091 1133 in
2137 1085 2236 1135 hac
2282 1086 2416 1135 valle
2458 1086 2628 1138 mise-

1557 1151 1677 1216 riae,
1733 1169 1898 1220 quam
1936 1153 2202 1219 Christus,
2246 1155 2340 1220 qui
2380 1164 2459 1206 est
2503 1156 2629 1208 fons

1556 1222 1856 1288 hortorum,
1901 1233 1952 1274 et
2004 1233 2197 1297 puteus
2236 1241 2495 1291 aquarum
2538 1226 2627 1278 vi-

1556 1295 1816 1360 ventium,
1843 1296 2121 1347 consuevit
2156 1299 2521 1362 peccatoribus
2547 1298 2629 1349 si-

1557 1365 1612 1416 bi
1662 1367 2056 1418 adhaerentibus
2112 1370 2256 1420 dare.
2297 1398 2359 1406 —
2398 1371 2626 1435 QuartO,
2682 1385 2686 1389 ’

1558 1447 1772 1503 propter
1797 1439 2182 1505 reparationem
2210 1441 2456 1506 lapsuum
2485 1457 2629 1508 quo-

1557 1509 1901 1575 tidianorum,
1934 1513 2000 1561 de
2028 1510 2226 1578 quibus
2252 1529 2463 1581 semper
2489 1514 2634 1566 rele-

1557 1590 1645 1630 vat
1669 1581 1935 1632 Dominus
1964 1582 2064 1632 sibi
2107 1583 2455 1649 adhaerenteS,
2482 1585 2635 1650 juxta

1558 1649 1693 1701 illud
1730 1667 1744 1700 ε
1790 1652 1909 1704 Fac
1955 1661 2248 1719 serpentem
2297 1668 2524 1717 oeneum,
2574 1663 2632 1707 et

1551 1738 1694 1789 pone
1734 1738 1851 1774 eum
1887 1741 1993 1791 pro
2040 1727 2232 1793 sign05
2274 1729 2366 1794 qui
2393 1742 2626 1793 percus-

1559 1810 1654 1846 sus
1682 1799 1967 1863 aspexerit
2010 1814 2145 1862 eum,
2160 1800 2330 1851 vivet.
2359 1829 2421 1836 —
2452 1800 2631 1861 Quin-

1557 1877 1632 1932 t0,
1677 1878 1892 1934 propter
1936 1870 2151 1920 dulcem
2193 1880 2245 1921 et
2298 1870 2629 1922 desiderabi-

1558 1939 1667 1989 lem
1721 1940 2142 2006 degustationem
2165 1981 2179 2006 ,
2240 1959 2402 2008 quam
2458 1942 2513 1992 in
2569 1959 2634 1996 se

1557 2010 1736 2075 habet,
1775 2012 1919 2077 juxta
1958 2013 2092 2063 illud
2125 2029 2137 2062 :
2171 2014 2399 2065 Gustare
2444 2019 2497 2063 et
2542 2015 2630 2065 vi-

1560 2081 1694 2143 dete,
1726 2083 1976 2147 quoniam
2021 2085 2208 2134 suavis
2235 2091 2315 2134 est
2341 2085 2629 2137 Dominus.

1557 2180 1621 2190 —
1650 2152 1833 2216 Sext0,
1871 2163 2086 2219 propter
2131 2154 2498 2222 cognitionem·
2531 2171 2638 2221 pa-

1558 2233 1723 2274 ternae
1776 2224 2090 2290 majestatiS,
2147 2241 2268 2291 quae
2314 2242 2407 2292 per
2448 2224 2633 2291 ipsum

1560 2290 1737 2347 solum
1792 2297 1976 2349 haberi
2023 2308 2211 2365 potest,
2251 2300 2394 2364 juxta
2437 2300 2570 2350 illud
2612 2317 2630 2352 ε

1561 2367 1734 2419 Nemo
1768 2369 1913 2418 novit
1939 2370 2164 2419 Patrem
2198 2370 2304 2419 nisi
2341 2369 2539 2432 Filius,
2571 2378 2632 2421 et

1561 2439 1650 2490 cui
1678 2439 1860 2490 Filius
1886 2441 2116 2491 voluerit
2147 2441 2408 2491 revelare.
2437 2469 2501 2479 —
2528 2442 2635 2492 Se-

1560 2509 1750 2575 ptim0,
1779 2521 1993 2577 propter
2033 2527 2282 2562 securum
2331 2513 2533 2563 exitum
2561 2514 2638 2565 ab

1561 2580 1666 2630 hac
1708 2580 1815 2631 vita
1855 2581 2175 2647 periculosa.
2224 2583 2423 2634 Fidelis
2471 2599 2633 2634 nam-

1561 2666 1670 2717 que
1714 2662 1975 2718 peccator,
2022 2654 2116 2720 qui
2175 2655 2336 2705 modo
2387 2654 2638 2721 quotidie

1562 2724 1786 2790 suscipit
1821 2725 2097 2776 Christum
2142 2726 2195 2776 in
2242 2726 2478 2793 hospitio
2505 2741 2642 2777 cor-

1562 2795 1646 2845 dis
1681 2795 1786 2861 sui,
1827 2805 1878 2846 et
1922 2797 2179 2847 lectulum
2223 2798 2497 2862 floridum,
2534 2813 2642 2865 per

1561 2882 1752 2918 suaves
1808 2869 2178 2920 meditationes
2216 2871 2388 2920 eidem
2430 2884 2640 2938 praepa-

1561 2940 1745 3004 rand0,
1778 2955 1807 2990 e
1836 2956 2092 2992 converso
2131 2950 2251 3007 post
2287 2952 2515 2992 mortem
2541 2957 2640 2993 re-

1562 3011 1825 3078 quiretur,
1856 3023 1906 3063 et
1943 3013 2262 3079 suscipietur
2298 3029 2328 3063 a
2365 3009 2581 3064 Christo
2617 3032 2640 3066 τ

1561 3092 1626 3135 ut
1678 3085 1814 3136 sicut
1872 3085 2148 3135 consuevit
2209 3094 2262 3135 et
2323 3086 2644 3153 concupivit

1562 3171 1813 3224 semper,
1863 3166 1916 3207 et
1972 3158 2027 3207 in
2073 3166 2332 3208 aeternum
2379 3158 2449 3209 sit
2500 3173 2640 3212 curn

1561 3228 1697 3296 ipso,

1623 3318 1663 3368 4
1700 3301 1880 3353 Husus
1925 3318 2064 3354 τιτι-Ε
2106 3318 2363 3354 raum-us.
2393 3331 2458 3341 —
2494 3303 2636 3357 Haec

1560 3371 1672 3424 vita
1697 3381 1780 3423 est
1799 3374 1908 3425 vita
1933 3374 2073 3426 bona
2113 3384 2165 3425 et
2190 3374 2405 3440 irrigua,
2434 3388 2635 3439 pecca-

1561 3452 1706 3494 tores
1749 3444 1850 3495 sibi
1897 3446 2225 3496 adhaerentes
2270 3446 2535 3495 mundans
2577 3455 2636 3498 et

1562 3530 1839 3579 renovanS,
1869 3525 1920 3566 et
1965 3533 2056 3566 eos
2101 3516 2243 3567 cives
2284 3516 2632 3583 Sanctorum,

1561 3598 1615 3639 et
1640 3587 1964 3641 domesticos
1992 3591 2089 3640 Dei
2118 3590 2330 3641 faciens.
2361 3589 2460 3640 Est
2485 3605 2637 3643 ama-

1559 3659 1684 3710 bilis
1728 3669 1780 3710 et
1823 3660 1998 3711 dulcis
2037 3662 2101 3711 ad
2148 3660 2572 3711 conversandum
2609 3677 2634 3712 εγ

1561 3730 1687 3781 Νοη
1710 3731 1850 3780 enim
1876 3731 2032 3781 habet
2060 3731 2473 3781 amaritudinem
2497 3744 2631 3782 con-

1560 3804 1796 3854 versatio
1834 3804 2000 3868 illius,
2044 3819 2139 3855 nec
2185 3805 2401 3856 taedium
2436 3805 2631 3856 convi-

1561 3880 1680 3927 ctus
1718 3874 1919 3942 ipsius;
1965 3875 2062 3927 sed
2107 3875 2350 3928 laeiitiam
2387 3881 2440 3927 et
2473 3887 2636 3943 gau·
