2784 4452
418 283 763 335 EPILOGUS
794 278 1273 335 VOCATIONUM
1304 278 1830 331 DISCIPULORUM
1863 278 2160 329 CHRISTI.

175 400 413 453 ducendo
446 414 538 450 eos
573 400 638 449 ad
665 398 890 449 domum
911 395 1115 458 MatriS,
1150 394 1236 445 vel

173 474 315 534 alibi,
348 473 442 523 ubi
475 488 573 538 pro
601 482 842 539 tempore
871 469 1136 529 manebat,
1184 477 1237 518 et

174 543 502 597 familiariter
534 543 735 594 vadens
794 542 860 592 ad
906 542 1097 591 domos
1138 553 1236 589 eo-

175 631 310 665 rum.
344 613 577 663 Docebat
609 613 769 663 etiam
794 628 885 663 eos
927 622 979 664 et
1011 612 1240 662 instrue-

176 687 279 746 bat,
304 700 363 735 ac
412 699 595 733 curam
636 684 700 734 de
739 683 873 749 ipsis
914 681 1236 748 praecipuam

175 756 427 814 habebat,
503 754 642 805 sicut
693 763 862 804 mater
940 754 1007 803 de
1076 751 1237 802 unico

174 841 272 877 suo
304 825 415 875 filio
444 826 641 875 habere
681 825 973 876 consuevit.
1031 824 1239 874 Dicitur

175 896 320 946 enim
354 895 483 961 quia
525 896 709 945 beatus
742 896 927 946 Petrus
955 894 1237 958 referebat,

176 969 318 1036 quod
365 970 582 1034 quando
621 968 675 1018 in
718 968 902 1034 aliquo
948 968 1066 1018 loco
1101 983 1238 1018 cum

177 1038 253 1090 eis
288 1038 603 1100 dormiebat,
630 1048 682 1089 et
718 1054 945 1104 surgens
983 1038 1049 1088 de
1084 1048 1240 1088 nocte

177 1123 266 1160 eos
323 1108 742 1173 recooperiebat,
780 1108 908 1176 quia
954 1108 1241 1160 tenerrime

179 1193 267 1228 eos
298 1177 588 1244 diligebat:
612 1178 807 1229 sciebat
834 1178 981 1229 enim
1015 1179 1146 1245 quid
1174 1179 1241 1229 de

176 1247 304 1314 ipsis
356 1248 593 1299 facturus
637 1259 767 1300 erat.
808 1250 952 1299 Nam
991 1249 1241 1315 quamvis

174 1329 347 1370 essent
380 1319 631 1371 homines
662 1320 811 1371 rudis
840 1321 1163 1371 conditionis
1191 1330 1241 1371 et

178 1389 401 1440 humilis
451 1390 712 1451 nationis,
751 1400 930 1441 tamen
977 1391 1243 1457 principes

180 1461 369 1511 mundi
406 1472 459 1512 et
494 1462 658 1513 duces
696 1462 753 1512 in
800 1464 939 1513 bello
975 1463 1241 1529 spirituali

177 1532 426 1582 omnium
470 1531 714 1583 fidelium
751 1548 844 1583 eos
890 1542 998 1584 erat
1037 1533 1244 1583 consti-

176 1613 348 1654 turus.
383 1632 444 1642 —
486 1604 782 1655 Considera
822 1604 983 1655 etiam
1025 1614 1244 1656 vocato-

178 1691 299 1727 rum
332 1676 714 1737 obedientiam,
743 1691 866 1743 quae
898 1677 1245 1727 commenda-

177 1756 266 1797 tur
286 1762 301 1796 ε
322 1746 448 1812 quia
461 1756 726 1813 prompta,
743 1762 807 1797 eo
825 1748 970 1813 quod
991 1747 1244 1798 continuo

176 1826 228 1868 et
256 1816 436 1866 statim
464 1831 580 1867 eam
610 1818 990 1880 ostenderunt;
1016 1817 1144 1884 quia
1170 1817 1246 1867 in-

174 1896 338 1953 tegra,
364 1902 427 1938 eo
467 1888 613 1953 quod
656 1888 841 1938 omnia
882 1888 1253 1955 reliquerunt,

176 1955 303 2023 quia
340 1966 497 2018 recta,
532 1958 782 2023 eoquod
822 1958 1117 2008 Dominum
1153 1958 1245 2008 Je-

175 2042 299 2077 sum
320 2027 487 2078 secuti
506 2037 650 2078 sunt.
670 2028 909 2079 Primum
928 2028 1242 2094 perfectum,

176 2098 472 2149 secundum
512 2099 825 2165 perfectius,
862 2101 1078 2152 tertium
1118 2116 1244 2167 per-

176 2170 553 2223 fectissimum.
587 2173 692 2222 Sed
728 2173 793 2224 ad
835 2173 967 2240 quid
1005 2174 1245 2241 relique-

176 2254 304 2294 runt
327 2245 545 2295 omnia?
573 2247 877 2297 Secundum
909 2247 1245 2315 Chrysosto-

176 2330 332 2377 mum,
355 2315 412 2364 in
432 2316 536 2366 hoc
554 2317 849 2368 docuerunt
868 2334 968 2368 nos
986 2318 1246 2385 Apostoli,

176 2385 323 2450 quod
352 2401 512 2436 nemo
541 2395 715 2451 potest
743 2397 949 2438 terrena
974 2388 1247 2453 possidere

176 2467 230 2509 et
277 2457 504 2524 perfecte
548 2460 614 2510 ad
666 2460 901 2511 coelestia
945 2476 1245 2526 properare.

176 2530 284 2580 Aer
311 2528 451 2580 inter
478 2531 671 2580 coelum
694 2540 746 2581 et
778 2541 974 2581 terram
992 2532 1264 2582 constitu·-

176 2609 267 2651 tus
307 2599 544 2650 ostendit
582 2601 725 2666 quod
772 2600 908 2650 inter
934 2600 1165 2651 coelestia
1195 2610 1247 2652 et

177 2679 389 2720 terrena
434 2670 583 2720 nulla
625 2679 803 2736 potest
846 2686 963 2722 esse
1012 2672 1246 2737 conjun-

176 2739 285 2791 ctio
317 2755 332 2789 ε
361 2740 594 2791 coelestia
615 2740 782 2801 enim,
805 2741 933 2806 quia
950 2740 1247 2808 spiritualia

178 2821 233 2863 et
282 2812 439 2872 levia,
481 2827 697 2862 sursum
736 2814 972 2877 ducunt;
1018 2823 1244 2876 terrena,

176 2881 307 2948 quia
348 2884 650 2948 ponderosa
680 2892 732 2933 et
768 2884 964 2949 gravia,
994 2885 1244 2935 deorsum

174 2955 503 3021 deprimunt.
549 2957 654 3006 Sed
701 2971 884 3006 nonne
926 2967 1109 3022 postea
1154 2973 1247 3008 re-

172 3026 554 3091 sumpserunt?
586 3026 732 3092 Ergo
768 3025 1076 3093 imperfecte
1112 3027 1246 3078 reli-

173 3095 449 3161 querunt?
488 3095 789 3147 Dicendum
831 3096 979 3162 quod
1018 3095 1247 3163 perfecta

174 3166 280 3219 fuit
306 3167 628 3228 obedientia,
657 3168 785 3234 quia
811 3168 911 3219 etsi
943 3179 1126 3234 postea
1157 3185 1247 3221 re-

173 3248 528 3304 sumpserunt
546 3278 563 3302 ,
613 3255 722 3289 non
782 3255 846 3291 ex
908 3240 1245 3307 proprietate,

170 3309 377 3361 scilicet
411 3325 593 3360 amore
617 3311 700 3361 vel
728 3311 1039 3377 cupiditate,
1060 3312 1153 3363 sed
1182 3328 1245 3364 ex

169 3380 487 3432 necessitate
513 3381 638 3432 vitae
667 3380 770 3432 hoc
796 3382 1055 3434 fecerunt.

235 3451 264 3502 3
291 3453 450 3511 Qum
467 3469 755 3503 snat-:nrm
773 3469 960 3504 nmen
980 3455 1248 3507 Eccnsssffl

167 3537 540 3573 runnuonsss.
571 3551 632 3561 —
670 3523 963 3576 Considera
1002 3525 1164 3577 etiam
1196 3537 1248 3578 et

163 3602 301 3643 nota
325 3593 545 3659 quibus,
579 3593 695 3661 qui,
721 3603 775 3645 et
803 3595 1057 3660 qualibus
1090 3597 1250 3663 coepit

164 3675 223 3730 et
267 3675 386 3716 orta
427 3677 508 3717 est
544 3661 801 3718 Ecclesia.
841 3668 1028 3719 Noluit
1053 3669 1248 3721 Domi·
1282 3718 1286 3724 ,

168 3753 284 3788 nus
314 3737 521 3803 primos
548 3737 858 3801 fundatores
887 3739 1134 3792 Ecclesiae
1159 3740 1250 3799 elvi-

169 3825 306 3876 gere
366 3811 651 3876 sapientes.
706 3813 790 3862 vel
847 3822 1107 3878 potentes,
1155 3823 1249 3865 aut

170 3881 392 3933 nobiles
420 3881 582 3947 hujus
609 3882 798 3945 seculi,
830 3898 898 3935 ne
923 3881 1054 3935 fides
1074 3885 1248 3937 Evan-

309 3997 446 4051 erA
474 3999 599 4052 ,ἴε-,ευ
632 3999 871 4065 Cuntsrt,
891 4014 1065 4053 rouus
1094 4001 1133 4054 1.

2300 277 2408 347 289

1342 394 1489 460 gelii,
1529 404 1581 445 et
1619 395 1791 447 virtus
1827 394 1970 454 fidei,
2009 404 2061 468 et
2100 409 2260 460 opera
2289 409 2412 461 quae

1341 466 1517 517 fienda
1534 476 1702 528 erant,
1717 467 2106 518 ascriberentur
2129 481 2314 516 eorum
2336 482 2415 517 sa-

1341 538 1580 603 pientiae,
1593 539 1675 588 vel
1702 537 1975 604 potentiae,
1995 547 2087 587 aut
2115 537 2409 602 nobilitati;

1344 609 1451 659 sibi
1482 609 1584 660 hoc
1616 609 1919 669 reservavit,
1949 609 2078 674 quia
2105 624 2201 659 sua
2235 619 2416 674 poten·

1343 679 1435 739 tia,
1471 680 1733 746 sapientia
1768 690 1819 731 et
1857 678 2096 729 bonitate
2139 694 2240 729 nos
2274 680 2419 731 rede-

1340 752 1464 803 mit.
1491 753 1546 804 Si
1581 753 1728 803 enim
1757 753 1945 802 doctus
1973 752 2056 802 vel
2093 761 2283 817 potens
2323 761 2431 802 autv

1344 822 1546 873 nobilis
1577 823 1880 889 eligeretur,
1900 820 2125 872 fortasse
2153 822 2273 871 ideo
2300 823 2417 872 ele-

1342 908 1488 948 ctum
1509 912 1565 947 se
1578 896 1792 954 diceret,
1807 896 1936 962 quia
1959 895 2216 956 doctrina,
2230 896 2314 947 vel
2329 911 2419 961 po·

1343 969 1531 1033 tentia,
1565 970 1647 1019 vel
1683 969 1938 1019 nobilitas
1969 969 2083 1033 ejus
2116 968 2251 1033 elegi
2294 982 2416 1019 me-

1345 1040 1539 1104 ruerit;
1582 1043 1770 1093 volens
1811 1041 2056 1107 frangere
2085 1040 2414 1106 superbiam,

1345 1113 1508 1179 elegit
1551 1113 1831 1163 illiteratos
1873 1122 1926 1163 et
1970 1111 2176 1162 mundo
2223 1112 2420 1177 despe-

1346 1193 1478 1241 ctOS,
1500 1183 1710 1248 hosque
1747 1182 1991 1237 doctores
2029 1181 2230 1232 faciens
2261 1190 2314 1231 et
2349 1181 2416 1231 ad

1347 1254 1740 1321 praedicandum
1771 1254 2011 1313 mittenS,
2040 1268 2134 1318 per
2162 1269 2254 1304 eos
2282 1252 2416 1303 sub-

1346 1324 1467 1390 jecit
1509 1324 1700 1374 mundi
1731 1333 1959 1374 rectores
1971 1360 1986 1386 ,
2028 1338 2096 1372 ne
2143 1321 2276 1372 fides
2313 1337 2435 1372 cre--

1345 1394 1591 1445 dentium
1643 1402 1918 1460 putaretur
1973 1408 2083 1442 non
2126 1392 2181 1441 in
2221 1392 2421 1442 virtute

1346 1465 1466 1525 Dei,
1499 1466 1594 1516 sed
1630 1465 1683 1515 in
1721 1464 1983 1530 sapientia
2008 1473 2059 1514 et
2087 1463 2281 1513 virtute
2313 1463 2420 1512 ho-

1348 1537 1580 1590 minum.
1612 1537 1769 1588 Unde
1811 1535 2118 1601 Gregorius
2155 1552 2174 1585 .·
2207 1552 2235 1581 α
2268 1532 2435 1590 Reli-,

1347 1608 1448 1659 ctis
1483 1607 1817 1674 sapientibus
1854 1605 2189 1671 insipientes,
2221 1603 2436 1662 relictis,-

1347 1680 1579 1731 fortibus
1628 1679 1862 1738 debiles.
1911 1678 2111 1728 relictis
2158 1676 2420 1727 divitibus

1349 1766 1606 1817 pauperes
1639 1749 1816 1815 elegit,
1843 1759 1894 1799 et
1924 1748 2297 1814 praedicatores
2327 1746 2420 1797 in·-

1348 1822 1535 1873 firmos
1597 1822 1969 1887 abjectosque,
2023 1820 2117 1886 qui
2175 1828 2421 1885 potentes

1348 1909 1597 1960 quosque
1632 1903 1685 1945 et
1719 1891 1901 1943 fideles
1939 1892 2169 1957 populos
2198 1890 2421 1956 collige-

1349 1964 1478 2023 rint,
1509 1964 1704 2014 habere
1733 1962 1959 2014 studuit.
2000 1962 2082 2011 Ad
2117 1960 2421 2026 praedican-

1349 2036 1480 2084 dum
1522 2050 1754 2100 namque
1787 2049 1914 2084 eum
1952 2033 2083 2082 tales
2109 2031 2293 2082 venire
2320 2032 2422 2081 de-

1350 2105 1600 2168 buerant,
1637 2103 1732 2171 qui
1770 2104 1836 2154 de
1881 2102 2037 2153 laude
2075 2101 2293 2166 propria
2340 2100 2435 2150 nil.

1350 2175 1634 2235 habebant,
1668 2184 1728 2225 ut
1772 2182 1920 2224 tanto
1963 2171 2135 2222 solius
2181 2171 2421 2222 veritatis

1349 2255 1759 2313 cognosceretur
1812 2260 1928 2295 esse
1973 2243 2119 2310 quod
2169 2252 2418 2308 agerent,

1349 2328 1554 2384 quanto
1591 2326 1643 2368 et
1682 2326 1859 2382 aperte
1897 2324 2228 2376 cerneretur,
2262 2314 2308 2365 si
2353 2315 2420 2365 ad

1349 2390 1452 2439 hoc
1474 2388 1740 2455 agendum
1766 2385 1946 2438 idonei
1967 2402 2060 2453 per
2077 2401 2134 2436 se
2153 2401 2261 2435 non
2281 2384 2423 2435 fuis-

1350 2469 1485 2510 sent.
1519 2479 1547 2508 »
1595 2459 1748 2510 Unde
1797 2457 2221 2524 Chrysostomus
2256 2473 2274 2507 .·
2314 2473 2342 2502 «
2371 2455 2420 2507 O

1350 2530 1535 2580 beatos
1563 2529 1849 2596 piscatores
1885 2528 2036 2588 istos,
2062 2542 2201 2592 quos
2228 2526 2425 2576 Domi-

1351 2617 1456 2651 nus
1487 2601 1629 2651 inter
1657 2610 1738 2652 tot
1768 2601 2015 2651 doctores
2041 2599 2200 2665 Legis
2227 2607 2280 2648 et
2301 2598 2429 2648 scri-

1350 2671 1476 2736 bas,
1523 2671 1661 2723 inter
1703 2681 1784 2723 tot
1829 2671 1991 2722 seculi
2038 2670 2302 2735 sapientes
2356 2669 2424 2720 ad

1350 2742 1549 2794 divinae
1587 2741 1982 2809 praedicationis
2011 2739 2248 2790 officium
2277 2749 2329 2790 et
2357 2740 2423 2789 ad

1351 2814 1576 2880 gratiam
1616 2813 1959 2879 Apostolatus
1997 2810 2203 2875 primos
2230 2809 2418 2876 elegit!

1351 2885 1422 2936 Et
1451 2884 1615 2951 digna
1641 2899 1770 2934 sane
1795 2881 2032 2932 Domino
2057 2890 2238 2931 nostro
2263 2889 2424 2946 atque

1351 2955 1669 3006 conveniens
1724 2951 2094 3018 praedicationi
2156 2952 2270 3016 ejus
2320 2951 2424 3001 fuit

1351 3026 1473 3076 talis
1500 3024 1716 3084 electi0,
1747 3033 1809 3074 ut
1836 3022 1892 3073 in
1918 3022 2292 3088 praedicatione
2319 3038 2424 3072 no-

1352 3095 1520 3146 minis
1539 3094 1644 3155 sui,
1661 3103 1811 3144 tanto
1831 3093 2048 3159 majoris
2067 3093 2239 3144 laudis
2257 3093 2425 3143 admi-

1352 3167 1487 3218 ratio
1512 3175 1834 3227 nasceretur,
1862 3173 2066 3231 quanto
2102 3164 2263 3215 etiam
2301 3178 2419 3214 eam

1353 3237 1540 3289 mundi
1562 3236 1734 3287 infimi
1763 3248 1815 3287 et
1839 3236 2077 3287 humiles
2095 3235 2259 3286 seculi
2279 3251 2420 3301 prae-

1352 3312 1651 3374 dicassent;
1681 3310 1777 3376 qui
1820 3327 1929 3361 non
1964 3326 2058 3377 per
2104 3309 2419 3376 sapientiam

1350 3385 1497 3438 verbi
1550 3385 1814 3435 mundum
1867 3394 2141 3452 caperent,
2189 3383 2280 3434 sed
2326 3399 2422 3450 per

1351 3456 1655 3523 simplicem
1703 3454 1827 3506 fidei
1870 3454 2304 3523 praedicationem
2355 3455 2422 3506 de

1351 3543 1531 3580 errore
1573 3528 1764 3578 mortis
1802 3528 2105 3579 humanum
2145 3542 2315 3592 genus
2351 3526 2423 3576 li-

1353 3601 1615 3663 berarent.
1646 3601 1765 3652 Non
1813 3616 1939 3666 ergo
1979 3598 2187 3648 nobiles
2234 3598 2423 3651 mundi

1351 3680 1444 3723 aut
1469 3670 1659 3722 divites
1695 3671 1873 3737 elegit,
1901 3685 1968 3720 ne
2002 3678 2241 3735 suspecta
2274 3667 2424 3719 fieret

1352 3741 1686 3808 praedicatio;
1711 3757 1822 3791 non
1844 3740 2107 3806 sapientes
2130 3738 2422 3805 seculi,qui

1350 3827 1448 3877 per
1490 3811 1806 3878 sapientiam
1858 3810 2043 3861 mundi
2097 3808 2424 3876 persuasisse

1351 3885 1591 3938 humano
1647 3884 1829 3953 generi
1898 3885 2269 3948 crederentur3
2326 3883 2422 3934 sed

2174 4016 2236 4083 ¹9
