2784 4452
349 332 453 382 106

347 449 670 508 humanum,
724 457 1038 499 meruerunt
1099 461 1410 514 recuperare

346 518 613 571 divinum.
647 520 708 570 In
752 520 871 586 ipso
912 530 1093 571 autem
1132 521 1271 580 loc0,
1297 533 1409 586 quo

344 591 425 642 eis
448 657 452 664 ⁴
477 593 783 659 reapparuit
818 594 993 654 stella,
1029 592 1165 643 facta
1211 602 1293 643 est
1351 591 1409 642 in

353 664 675 714 memoriam
725 664 889 729 hujus
942 662 1194 715 Ecclesia.
1236 662 1410 714 Dein-

341 731 426 791 de,
452 733 791 784 antecedebat
804 746 913 796 eos,
935 743 987 783 et
1002 733 1146 784 viam
1160 733 1409 784 ostende-

345 802 453 861 bat,
481 804 770 869 usquedum
796 805 1008 857 vem'ens
1026 811 1197 857 staret
1218 819 1404 872 supra,

349 872 530 923 locum
574 883 627 924 et
669 875 847 925 vicina
890 876 1098 942 domui,
1155 877 1246 927 ubi
1286 883 1409 927 erat

348 945 517 997 Puer.
540 948 723 998 Stabat
736 948 889 1014 quasi
919 965 1081 1017 supra
1096 959 1256 1016 caput
1281 950 1411 1001 Pue-

342 1017 427 1077 ri,
469 1027 530 1068 ut
569 1019 723 1084 quasi
768 1020 1019 1072 innueret
1053 1031 1105 1073 et
1154 1022 1354 1073 diceret
1389 1036 1406 1072 z

342 1088 446 1139 Hic
469 1091 551 1140 est
572 1090 667 1156 qui
696 1101 854 1143 natus
880 1102 961 1144 est
986 1094 1101 1143 Rex
1132 1108 1297 1160 quem
1319 1101 1406 1143 te·-

326 1162 536 1224 rstabar,
549 1174 610 1214 ut
635 1180 801 1230 quem
821 1165 1092 1232 loquendo
1104 1175 1408 1217 monstrare

341 1248 449 1282 non
499 1244 724 1299 poterat,
769 1238 1016 1288 testando
1060 1246 1403 1288 monstraret.

335 1303 410 1354 Et
423 1305 517 1367 sic,
542 1308 695 1358 stella
715 1308 868 1371 duce,
892 1325 1016 1360 cum
1045 1325 1245 1375 magno
1267 1324 1405 1376 gau-

339 1375 429 1425 dio
466 1378 531 1426 ad
568 1379 869 1445 tugurium,
909 1379 966 1432 in
994 1396 1105 1448 quo
1134 1380 1405 1431 Dominus

336 1447 366 1497 J
371 1460 495 1498 esus
516 1459 674 1500 natus
698 1462 796 1513 est,
825 1463 1199 1518 pervenerunt.
1220 1451 1406 1503 Ambi-

339 1532 509 1582 guum
535 1530 616 1571 est
648 1522 793 1587 quod
824 1523 1054 1574 istorum
1083 1523 1262 1584 fuerit,
1291 1522 1403 1573 sci-

343 1587 468 1639 licet
520 1605 589 1640 an
643 1593 784 1659 Magi
849 1594 908 1644 in
965 1593 1190 1645 Oriente
1239 1592 1434 1666 positi·

341 1661 578 1715 viderint
644 1668 855 1718 stellam
921 1683 1083 1734 super
1160 1667 1402 1720 Judaeam

338 1734 658 1787 existentem
683 1739 1040 1802 immobilem,
1058 1741 1145 1791 vel
1167 1740 1404 1791 viderint

336 1809 547 1858 stellam
600 1809 659 1859 in
706 1811 927 1863 Oriente
980 1813 1226 1875 existere,
1278 1827 1403 1879 quae

336 1892 430 1928 eos
492 1882 740 1946 perduxit
790 1882 848 1933 in
911 1883 1169 1935 Judaeam.
1223 1883 1405 1934 Potuit

326 1951 484 2002 ⁴enim
527 1955 671 2005 nasci
703 1956 761 2005 in
791 1956 1031 2019 Oriente,
1060 1966 1112 2007 et
1138 1972 1230 2008 eos
1260 1971 1405 2023 prae-

343 2026 580 2078 cedendo
610 2029 668 2079 in
689 2030 985 2082 Jerusalem
1018 2031 1322 2098 perducere,
1342 2039 1407 2082 ut

340 2095 504 2146 sentit
565 2097 1015 2167 Chrysostomus,
1080 2110 1132 2151 et
1191 2109 1406 2150 tenetur

345 2168 710 2220 communius.
739 2170 1064 2239 Fulgentius
1100 2181 1280 2222 tamen
1316 2169 1405 2221 vi·-

334 2236 494 2287 detur
531 2240 683 2300 velle,
713 2242 859 2308 quod
889 2258 1007 2293 eam
1036 2241 1214 2308 primo
1248 2242 1403 2293 vide-

337 2307 449 2358 rint
466 2309 803 2363 immobilem
824 2329 986 2381 super
1001 2316 1027 2365 J
1035 2315 1262 2376 udaeam,
1279 2329 1404 2381 quae

337 2378 485 2430 dedit
530 2381 610 2431 eis
652 2383 873 2450 signum
913 2384 1165 2436 veniendi
1201 2385 1259 2435 in
1301 2385 1403 2436 Ju-

337 2452 542 2515 daeam3
575 2455 668 2520 qui
698 2457 992 2507 Jerusalem
1020 2465 1279 2524 tanquam
1310 2473 1404 2508 ca-

335 2530 435 2585 put
470 2522 669 2575 Judaeae
695 2525 960 2586 adierunt,
990 2537 1045 2576 et
1075 2527 1210 2594 ipsis
1235 2543 1405 2594 egres-

336 2591 432 2652 sis,
450 2602 579 2644 tunc
593 2605 745 2646 motu
766 2598 990 2648 notabili
1006 2612 1098 2649 eos
1113 2599 1402 2664 praecessit,

254 2694 257 2697 ι
335 2675 477 2727 quae,
504 2675 717 2730 peracto
756 2665 933 2718 officio
962 2683 1080 2729 suo,
1111 2669 1169 2719 in
1206 2670 1403 2735 praeja—

337 2743 548 2783 centem
576 2736 856 2787 materiam
881 2753 1091 2790 reversa
1117 2750 1214 2790 est.

406 2820 470 2857 10
491 2808 637 2859 Maur
662 2826 848 2862 nomm
866 2828 1118 2864 mmnr.
1137 2842 1200 2851 --
1222 2812 1301 2864 Et
1329 2814 1404 2865 in·

344 2882 567 2944 tranteS,
610 2883 783 2948 Magis
829 2883 1025 2946 scilice,
1055 2884 1283 2948 domum,
1312 2884 1403 2935 di-

335 2952 652 3015 versorium,
679 2955 988 3008 invenerunt
1019 2957 1254 3008 Puerum
1283 2971 1401 3009 cum

334 3021 558 3084 Maria,
610 3024 798 3077 Matre
826 3027 957 3095 ejuS,
998 3025 1135 3079 forte
1152 3038 1282 3079 tunc
1309 3043 1402 3079 se-

332 3095 492 3146 dente
524 3107 577 3147 et
626 3108 843 3151 tenente
870 3116 1033 3167 super
1059 3116 1234 3168 genua
1275 3102 1403 3152 Pue-

333 3181 491 3229 rum3
545 3178 596 3218 et
644 3171 798 3221 valde
854 3171 1021 3237 gavisi
1053 3182 1181 3223 sunt
1206 3210 1221 3234 ,
1272 3172 1403 3238 quia

331 3251 364 3287 a
408 3237 673 3289 desiderio
721 3256 819 3290 suo
847 3241 1074 3293 fraudati
1102 3258 1213 3293 non
1249 3251 1399 3308 sunt,

331 3323 431 3360 nec
475 3310 708 3361 inaniter
780 3311 1173 3365 laboraverunt.
1242 3314 1403 3365 Unde

334 3378 758 3447 Chrysostomus
775 3398 795 3432 .-
817 3400 845 3429 «
867 3381 1154 3449 Propterea
1177 3385 1402 3452 gratula-

329 3449 371 3500 ti
391 3461 537 3512 sunt,
555 3452 813 3518 quoniam
835 3454 984 3521 quod
1010 3456 1300 3522 quaesitum
1319 3467 1402 3508 est

329 3520 799 3591 desideratumque
862 3538 1168 3591 repererant
1192 3566 1206 3589 ,
1255 3544 1400 3596 quo-

331 3593 478 3645 niam
515 3595 685 3646 effecti
735 3595 945 3648 fuerant
1004 3600 1183 3650 nuntii
1247 3601 1401 3652 veri-

331 3668 474 3730 tatis,
518 3680 570 3720 et
610 3669 739 3736 quia
783 3688 894 3722 non
941 3672 1194 3729 frustrata
1223 3675 1400 3741 longae

331 3738 432 3789 viae
510 3741 845 3793 confecerant
916 3743 1103 3809 spatia,
1153 3754 1264 3796 tam
1306 3761 1400 3796 ar-

329 3810 476 3860 denti
515 3813 717 3879 quippe
753 3829 876 3880 erga
927 3815 1207 3867 Christum
1244 3817 1399 3882 cupi-

326 3881 488 3934 ditate
500 3885 810 3953 flagrabant.
825 3909 852 3936 n
869 3888 1021 3941 Felix
1038 3890 1205 3943 Maria
1230 3905 1243 3940 ε
1270 3905 1397 3942 nam

326 3952 482 4005 Jesus
547 3958 665 4009 sine
730 3960 897 4011 Maria
965 3978 1073 4013 non
1141 3960 1396 4025 nascitur,

1016 329 1256 381 1>leAE
1288 328 1541 382 mans
1570 330 1807 383 CAPUT
1835 332 1927 382 xl.
1992 393 1999 402 ⁴

1515 446 1647 513 quia
1683 446 1799 511 ipsa
1865 446 2119 496 ministra
2161 446 2578 510 Incarnationis;

1516 518 1636 568 sine
1684 517 1853 568 Maria
1923 533 2034 568 non
2109 516 2398 578 invenitur,
2452 519 2584 585 quia

1514 590 1633 656 ipsa
1658 589 1861 641 famula
1916 590 2273 653 educationis3
2313 590 2431 641 sine
2458 592 2580 643 Ma—

1512 663 1592 713 ria
1635 677 1748 713 non
1770 661 2115 730 crucifigitur,
2142 663 2271 729 quia
2292 662 2409 728 ipsa
2436 664 2581 716 socia

1513 733 1800 799 passionis,
1844 734 2048 799 Joseph
2103 743 2284 785 autem
2307 770 2323 794 ,
2380 749 2579 786 secun·-

1511 805 1643 854 dum
1661 805 2124 872 chrysostomum,
2141 804 2339 855 idcirco
2357 815 2577 866 tacetur,

1513 876 1643 942 quia
1669 878 1885 927 nullum
1912 875 1987 927 ibi
2011 878 2077 927 de
2101 875 2294 928 officiis
2324 878 2390 927 ad
2414 878 2580 929 nutri·

1512 945 1658 996 cium
1737 946 2127 1012 pertinentibus
2186 961 2581 999 commemora·

1510 1029 1618 1069 tur.
1674 1017 1794 1079 Vel,
1836 1019 2136 1070 secundum
2171 1019 2472 1082 Hilarium,
2526 1029 2580 1071 et

1511 1089 1793 1141 Rabanum
1814 1127 1835 1153 ,
1924 1090 2104 1141 divina
2177 1091 2580 1156 dispensatione

1509 1170 1690 1211 actum
1740 1170 1851 1222 est,
1926 1170 1991 1211 ut
2053 1161 2148 1211 illa
2197 1160 2333 1212 hora
2381 1161 2579 1213 absens

1508 1243 1679 1293 esset,
1730 1248 1798 1283 ne
1851 1242 2001 1299 pater
2061 1234 2177 1298 ejus
2243 1233 2545 1284 crederetur
2559 1271 2576 1294 ,

1506 1305 1589 1355 vel
1639 1305 1824 1373 aliqua
1860 1305 2188 1373 suspicionis
2218 1305 2425 1357 occasio
2474 1307 2578 1357 da-

1507 1385 1655 1426 retur
1694 1377 1993 1442 GentibuS,
2046 1378 2193 1444 quod
2273 1378 2418 1429 Deus
2461 1393 2576 1429 non

1506 1457 1648 1498 esset
1666 1484 1681 1509 ,
1734 1449 1830 1516 qui
1898 1448 2170 1515 primitias
2212 1464 2353 1509 suas,
2392 1449 2575 1501 statim

1508 1531 1635 1571 nato
1659 1521 1947 1584 Salvatore,
1976 1523 2044 1573 ad
2079 1537 2207 1573 eum
2241 1523 2575 1574 adorandum

1507 1592 1789 1644 miserunt.

1577 1681 1597 1716 1
1614 1681 1632 1715 1
1670 1665 1834 1726 Qum
1843 1682 2134 1718 mrronu
2153 1682 2283 1717 rur-r
2301 1668 2576 1717 Maeotim(

1507 1750 1793 1787 Anonarxo.
1838 1765 1901 1775 —
1956 1737 2183 1804 Ingressi
2237 1738 2444 1803 itaque,
2523 1743 2577 1788 et

1501 1805 1847 1871 procidentes
1895 1817 2008 1858 tam
2058 1817 2239 1858 mente
2276 1822 2441 1873 quam
2464 1821 2578 1858 cor·

1510 1891 1663 1942 pore,
1717 1891 1892 1942 genua
1966 1877 2185 1928 flectunt
2232 1891 2398 1943 puero
2449 1878 2577 1929 Jesu

1509 1947 1790 1999 humiliter
1807 1987 1821 2010 ,
1896 1957 1950 1999 et
1997 1949 2223 2000 adorant
2290 1950 2348 2000 in
2419 1964 2579 2001 carne

1509 2020 1683 2070 Deum
1745 2034 1954 2081 verum,
2003 2020 2329 2072 adoratione
2375 2020 2579 2073 scilicet

1510 2092 1680 2143 latriae
1696 2130 1713 2158 ,
1765 2102 2088 2143 reverenter.
2160 2093 2441 2143 Honorant
2517 2103 2581 2145 ut

1511 2179 1707 2232 regem,
1757 2174 1812 2215 et
1851 2164 2073 2215 adorant
2127 2174 2189 2215 ut
2239 2166 2438 2229 Deum3
2486 2166 2577 2216 vi·-

1508 2237 1638 2287 dent
1703 2237 1853 2288 enim
1934 2235 2212 2286 hominem
2298 2246 2351 2287 et
2400 2251 2575 2302 agno-

1509 2321 1668 2361 scunt
1731 2311 1905 2362 Deum
1967 2326 1983 2361 :
2033 2310 2324 2376 procidunt
2372 2310 2431 2361 in
2493 2310 2575 2360 si·-

1510 2397 1680 2447 gnum
1703 2381 2047 2442 humilitatiS,
2077 2380 2192 2432 sine
2240 2396 2348 2448 qua
2391 2379 2576 2433 nullus

1507 2467 1631 2503 vere
1682 2453 1868 2503 adorat
1886 2491 1904 2514 ,
1939 2453 2068 2519 quia
2109 2452 2286 2503 omnis
2331 2452 2578 2504 adorator

1507 2539 1725 2575 omnem
1794 2523 1995 2574 fastum
2017 2563 2032 2588 ,
2083 2533 2136 2574 et
2203 2522 2578 2576 confidentiam

1507 2594 1592 2646 sui
1646 2593 1913 2660 deponere
1944 2595 2120 2655 debet,
2163 2603 2227 2645 ut
2264 2610 2428 2661 quam
2466 2610 2582 2646 cor—

1510 2681 1639 2732 pore
1680 2667 2030 2732 dejectionem
2078 2667 2290 2733 praefert
2327 2668 2384 2718 in
2410 2668 2582 2720 oculis

1510 2737 1629 2799 Dei,
1674 2737 1862 2793 animo
1910 2747 2073 2803 gerat,
2120 2737 2447 2804 contritique
2472 2752 2586 2789 cor·

1508 2808 1595 2859 dis
1663 2818 1717 2860 et
1790 2808 2062 2860 humiliati
2110 2808 2386 2859 victimam
2460 2808 2585 2861 offe-

1511 2897 1636 2933 rens
1681 2882 1793 2934 Deo
1841 2898 1900 2933 se
1936 2881 2233 2933 curandum
2258 2881 2582 2933 committat.

1511 2955 1726 3017 Quanta
1768 2965 1897 3007 tunc
1965 2955 2248 3007 exsultatio
2300 2954 2400 3006 tibi
2439 2954 2580 3017 fuit,

1510 3044 1544 3079 o
1592 3028 1761 3096 Virgo
1813 3028 2140 3088 beatissima,
2172 3028 2297 3095 quis
2345 3027 2579 3095 cogitare

1505 3100 1708 3161 valeat,
1752 3099 1970 3167 quando
2020 3114 2145 3150 eum
2197 3115 2361 3166 quem
2404 3112 2579 3165 nuper

1507 3186 1787 3238 genueras,
1838 3180 1955 3221 tum
2003 3170 2157 3237 quasi
2207 3172 2382 3221 Deum
2438 3171 2575 3221 ado-

1506 3259 1622 3294 rare
1657 3242 1909 3294 videbas?
1958 3242 2008 3295 Ο
2056 3259 2221 3310 quam
2255 3257 2451 3311 magna
2473 3242 2578 3294 fuit

1507 3315 1705 3365 horum
1742 3315 2023 3381 Magorum
2065 3313 2227 3364 fides!
2260 3313 2402 3374 Quid
2427 3313 2577 3364 enim

1504 3395 1617 3437 erat
1663 3386 1908 3438 credere?
1959 3388 2116 3447 Quod
2167 3386 2257 3436 ille
2313 3385 2580 3436 Puerulus

1506 3457 1586 3508 sic
1643 3456 1821 3509 viliter
1894 3458 2120 3508 indutus
2162 3473 2286 3507 cum
2344 3468 2580 3522 pauper-

1506 3531 1626 3581 cula
1663 3531 1850 3591 Matre,
1887 3541 1940 3582 et
1984 3530 2043 3581 in
2085 3531 2201 3580 loco
2244 3528 2321 3579 sic
2356 3528 2579 3595 abjecto,

1506 3602 1627 3653 sine
1669 3602 1940 3665 societate,
2012 3602 2130 3654 sine
2189 3600 2413 3663 familia,
2461 3601 2583 3652 sine

1507 3676 1659 3726 omni
1706 3687 1919 3737 ornata,
1984 3675 2237 3726 inventus
2300 3685 2442 3726 esset
2483 3689 2577 3724 rex

1505 3760 1558 3801 et
1599 3765 1758 3801 verus
1810 3750 1955 3801 Deus
1985 3766 2002 3814 3
2056 3759 2108 3800 et
2148 3759 2328 3800 tamen
2352 3758 2575 3799 utrum—

1504 3837 1612 3888 que
1669 3820 2023 3872 crediderunt.
2071 3821 2356 3872 Parvulum
2422 3818 2572 3870 enim

1506 3908 1615 3943 non
1662 3893 1972 3945 adorassent
2012 3902 2065 3944 et
2110 3893 2485 3952 honorassent,
2520 3890 2567 3943 si

1502 3964 1785 4030 parvulum
1863 3964 2238 4016 tantummodo
2295 3962 2568 4021 ⁴credidis-
