<?xml version="1.0" encoding="UTF-8"?>
<!DOCTYPE html PUBLIC "-//W3C//DTD XHTML 1.0 Transitional//EN"
    "http://www.w3.org/TR/xhtml1/DTD/xhtml1-transitional.dtd">
<html xmlns="http://www.w3.org/1999/xhtml" xml:lang="en" lang="en">
 <head>
  <title>
</title>
<meta http-equiv="Content-Type" content="text/html;charset=utf-8" />
  <meta name='ocr-system' content='tesseract 3.04.00' />
  <meta name='ocr-capabilities' content='ocr_page ocr_carea ocr_par ocr_line ocrx_word'/>
</head>
<body>
  <div class='ocr_page' id='page_1' title='image "./vitajesuchristi00sachgoog/vitajesuchristi00sachgoog_0268.png"; bbox 0 0 2784 4452; ppageno 0'>
   <div class='ocr_carea' id='block_1_1' title="bbox 260 315 363 368">
    <p class='ocr_par' dir='ltr' id='par_1_1' title="bbox 260 315 363 368">
     <span class='ocr_line' id='line_1_1' title="bbox 260 315 363 368; baseline -0.029 0"><span class='ocrx_word' id='word_1_1' title='bbox 260 315 363 368; x_wconf 81' lang='lat'>252</span> 
     </span>
    </p>
   </div>
   <div class='ocr_carea' id='block_1_2' title="bbox 238 431 1323 2414">
    <p class='ocr_par' dir='ltr' id='par_1_2' title="bbox 238 431 1323 1696">
     <span class='ocr_line' id='line_1_2' title="bbox 238 431 1322 497; baseline -0.004 -13"><span class='ocrx_word' id='word_1_2' title='bbox 238 442 440 484; x_wconf 53' lang='lat' dir='ltr'>*tamen</span> <span class='ocrx_word' id='word_1_3' title='bbox 463 431 568 483; x_wconf 91' lang='lat' dir='ltr'>dici</span> <span class='ocrx_word' id='word_1_4' title='bbox 601 440 793 497; x_wconf 92' lang='lat' dir='ltr'>potest,</span> <span class='ocrx_word' id='word_1_5' title='bbox 825 431 970 497; x_wconf 89' lang='lat' dir='ltr'>quod</span> <span class='ocrx_word' id='word_1_6' title='bbox 1000 431 1162 480; x_wconf 89' lang='lat' dir='ltr'>modo</span> <span class='ocrx_word' id='word_1_7' title='bbox 1193 446 1322 497; x_wconf 90' lang='lat' dir='ltr'>pro-</span> 
     </span>
     <span class='ocr_line' id='line_1_3' title="bbox 262 503 1323 571; baseline -0.002 -16"><span class='ocrx_word' id='word_1_8' title='bbox 262 505 432 565; x_wconf 86' lang='lat' dir='ltr'><strong>misit,</strong></span> <span class='ocrx_word' id='word_1_9' title='bbox 479 505 606 571; x_wconf 92' lang='lat' dir='ltr'>quia</span> <span class='ocrx_word' id='word_1_10' title='bbox 657 521 780 554; x_wconf 90' lang='lat' dir='ltr'>cum</span> <span class='ocrx_word' id='word_1_11' title='bbox 809 503 1018 564; x_wconf 90' lang='lat' dir='ltr'>dicitur,</span> <span class='ocrx_word' id='word_1_12' title='bbox 1047 503 1323 554; x_wconf 87' lang='lat' dir='ltr'>vocaberis</span> 
     </span>
     <span class='ocr_line' id='line_1_4' title="bbox 261 573 1321 640; baseline -0.001 -16"><span class='ocrx_word' id='word_1_13' title='bbox 261 591 370 625; x_wconf 88' lang='lat' dir='ltr'>non</span> <span class='ocrx_word' id='word_1_14' title='bbox 415 574 691 640; x_wconf 85' lang='lat' dir='ltr'>impositio</span> <span class='ocrx_word' id='word_1_15' title='bbox 743 585 841 635; x_wconf 89' lang='lat' dir='ltr'>est,</span> <span class='ocrx_word' id='word_1_16' title='bbox 898 574 990 625; x_wconf 91' lang='lat' dir='ltr'>sed</span> <span class='ocrx_word' id='word_1_17' title='bbox 1050 573 1321 639; x_wconf 81' lang='lat' dir='ltr'>praedictio</span> 
     </span>
     <span class='ocr_line' id='line_1_5' title="bbox 260 647 1322 716; baseline -0.003 -16"><span class='ocrx_word' id='word_1_18' title='bbox 260 649 414 716; x_wconf 88' lang='lat' dir='ltr'>quasi</span> <span class='ocrx_word' id='word_1_19' title='bbox 443 651 509 699; x_wconf 92' lang='lat' dir='ltr'>de</span> <span class='ocrx_word' id='word_1_20' title='bbox 536 648 716 698; x_wconf 90' lang='lat' dir='ltr'>futura</span> <span class='ocrx_word' id='word_1_21' title='bbox 744 648 984 698; x_wconf 88' lang='lat' dir='ltr'>nominis</span> <span class='ocrx_word' id='word_1_22' title='bbox 1010 647 1322 714; x_wconf 88' lang='lat' dir='ltr'>impositio-</span> 
     </span>
     <span class='ocr_line' id='line_1_6' title="bbox 260 718 1318 786; baseline -0.003 -15"><span class='ocrx_word' id='word_1_23' title='bbox 260 736 329 772; x_wconf 92' lang='lat' dir='ltr'>ne</span> <span class='ocrx_word' id='word_1_24' title='bbox 380 720 678 786; x_wconf 80' lang='lat' dir='ltr'>loquend03</span> <span class='ocrx_word' id='word_1_25' title='bbox 730 719 823 770; x_wconf 92' lang='lat' dir='ltr'>sed</span> <span class='ocrx_word' id='word_1_26' title='bbox 862 730 991 769; x_wconf 91' lang='lat' dir='ltr'>tunc</span> <span class='ocrx_word' id='word_1_27' title='bbox 1039 718 1318 784; x_wconf 87' lang='lat' dir='ltr'>imposuit,</span> 
     </span>
     <span class='ocr_line' id='line_1_7' title="bbox 258 791 1319 852; baseline -0.004 -8"><span class='ocrx_word' id='word_1_28' title='bbox 258 809 381 844; x_wconf 90' lang='lat' dir='ltr'>cum</span> <span class='ocrx_word' id='word_1_29' title='bbox 423 792 596 842; x_wconf 88' lang='lat' dir='ltr'>dixit:</span> <span class='ocrx_word' id='word_1_30' title='bbox 632 791 720 841; x_wconf 91' lang='lat' dir='ltr'>Tu</span> <span class='ocrx_word' id='word_1_31' title='bbox 761 805 819 841; x_wconf 89' lang='lat' dir='ltr'>es</span> <span class='ocrx_word' id='word_1_32' title='bbox 845 791 1069 852; x_wconf 75' lang='lat' dir='ltr'>PetruS,</span> <span class='ocrx_word' id='word_1_33' title='bbox 1128 795 1179 840; x_wconf 88' lang='lat' dir='ltr'>et</span> <span class='ocrx_word' id='word_1_34' title='bbox 1223 805 1319 840; x_wconf 90' lang='lat' dir='ltr'>su-</span> 
     </span>
     <span class='ocr_line' id='line_1_8' title="bbox 251 861 1320 930; baseline -0.004 -16"><span class='ocrx_word' id='word_1_35' title='bbox 251 879 354 930; x_wconf 82' lang='lat' dir='ltr'>per</span> <span class='ocrx_word' id='word_1_36' title='bbox 381 863 517 914; x_wconf 84' lang='lat' dir='ltr'>hanc</span> <span class='ocrx_word' id='word_1_37' title='bbox 548 869 763 929; x_wconf 86' lang='lat' dir='ltr'>petram</span> <span class='ocrx_word' id='word_1_38' title='bbox 797 861 1075 928; x_wconf 71' lang='lat' dir='ltr'>oedificabo</span> <span class='ocrx_word' id='word_1_39' title='bbox 1125 861 1320 911; x_wconf 87' lang='lat' dir='ltr'>Eccle-</span> 
     </span>
     <span class='ocr_line' id='line_1_9' title="bbox 258 932 1320 995; baseline -0.003 -10"><span class='ocrx_word' id='word_1_40' title='bbox 258 935 396 986; x_wconf 86' lang='lat' dir='ltr'>siam</span> <span class='ocrx_word' id='word_1_41' title='bbox 434 949 602 985; x_wconf 89' lang='lat' dir='ltr'>meam</span> <span class='ocrx_word' id='word_1_42' title='bbox 614 950 635 995; x_wconf 88' lang='lat'>,·</span> <span class='ocrx_word' id='word_1_43' title='bbox 672 935 754 983; x_wconf 86' lang='lat' dir='ltr'>vel</span> <span class='ocrx_word' id='word_1_44' title='bbox 797 933 854 983; x_wconf 91' lang='lat' dir='ltr'>in</span> <span class='ocrx_word' id='word_1_45' title='bbox 885 932 1144 982; x_wconf 85' lang='lat' dir='ltr'>electione</span> <span class='ocrx_word' id='word_1_46' title='bbox 1178 932 1320 982; x_wconf 89' lang='lat' dir='ltr'>duo-</span> 
     </span>
     <span class='ocr_line' id='line_1_10' title="bbox 255 1002 1323 1068; baseline -0.004 -12"><span class='ocrx_word' id='word_1_47' title='bbox 255 1006 447 1067; x_wconf 87' lang='lat' dir='ltr'>decim,</span> <span class='ocrx_word' id='word_1_48' title='bbox 480 1005 595 1055; x_wconf 68' lang='lat' dir='ltr'>&#39;ubi</span> <span class='ocrx_word' id='word_1_49' title='bbox 644 1005 841 1056; x_wconf 89' lang='lat' dir='ltr'>dicitur</span> <span class='ocrx_word' id='word_1_50' title='bbox 894 1003 1022 1053; x_wconf 82' lang='lat' dir='ltr'>:Et</span> <span class='ocrx_word' id='word_1_51' title='bbox 1070 1002 1323 1068; x_wconf 78' lang='lat' dir='ltr'>imposuit</span> 
     </span>
     <span class='ocr_line' id='line_1_11' title="bbox 257 1073 1319 1136; baseline -0.003 -9"><span class='ocrx_word' id='word_1_52' title='bbox 257 1076 467 1127; x_wconf 85' lang='lat' dir='ltr'>Simoni</span> <span class='ocrx_word' id='word_1_53' title='bbox 489 1090 673 1126; x_wconf 84' lang='lat' dir='ltr'>nomen</span> <span class='ocrx_word' id='word_1_54' title='bbox 713 1076 912 1125; x_wconf 84' lang='lat' dir='ltr'>Petrus</span> <span class='ocrx_word' id='word_1_55' title='bbox 923 1089 945 1136; x_wconf 89' lang='lat'><em>;</em></span> <span class='ocrx_word' id='word_1_56' title='bbox 970 1073 1109 1124; x_wconf 92' lang='lat' dir='ltr'>sicut</span> <span class='ocrx_word' id='word_1_57' title='bbox 1132 1084 1184 1125; x_wconf 93' lang='lat' dir='ltr'>et</span> <span class='ocrx_word' id='word_1_58' title='bbox 1207 1075 1319 1125; x_wconf 88' lang='lat' dir='ltr'>cla-</span> 
     </span>
     <span class='ocr_line' id='line_1_12' title="bbox 254 1147 1318 1213; baseline -0.003 -14"><span class='ocrx_word' id='word_1_59' title='bbox 254 1165 347 1199; x_wconf 84' lang='lat' dir='ltr'>ves</span> <span class='ocrx_word' id='word_1_60' title='bbox 393 1159 514 1199; x_wconf 89' lang='lat' dir='ltr'>ante</span> <span class='ocrx_word' id='word_1_61' title='bbox 559 1147 1006 1198; x_wconf 85' lang='lat' dir='ltr'>resurrectionem</span> <span class='ocrx_word' id='word_1_62' title='bbox 1054 1147 1318 1213; x_wconf 87' lang='lat' dir='ltr'>promisit,</span> 
     </span>
     <span class='ocr_line' id='line_1_13' title="bbox 255 1218 1318 1286; baseline -0.003 -16"><span class='ocrx_word' id='word_1_63' title='bbox 255 1222 348 1270; x_wconf 92' lang='lat' dir='ltr'>sed</span> <span class='ocrx_word' id='word_1_64' title='bbox 376 1230 495 1286; x_wconf 92' lang='lat' dir='ltr'>post</span> <span class='ocrx_word' id='word_1_65' title='bbox 511 1219 686 1269; x_wconf 79' lang='lat' dir='ltr'>dedit.</span> <span class='ocrx_word' id='word_1_66' title='bbox 725 1218 781 1268; x_wconf 91' lang='lat' dir='ltr'>Si</span> <span class='ocrx_word' id='word_1_67' title='bbox 814 1234 942 1269; x_wconf 87' lang='lat' dir='ltr'>vero</span> <span class='ocrx_word' id='word_1_68' title='bbox 970 1233 1168 1268; x_wconf 89' lang='lat' dir='ltr'>nomen</span> <span class='ocrx_word' id='word_1_69' title='bbox 1194 1234 1318 1268; x_wconf 94' lang='lat' dir='ltr'>mo-</span> 
     </span>
     <span class='ocr_line' id='line_1_14' title="bbox 255 1289 1318 1356; baseline -0.001 -15"><span class='ocrx_word' id='word_1_70' title='bbox 255 1292 326 1341; x_wconf 94' lang='lat' dir='ltr'>do</span> <span class='ocrx_word' id='word_1_71' title='bbox 378 1291 668 1355; x_wconf 87' lang='lat' dir='ltr'>imposuit,</span> <span class='ocrx_word' id='word_1_72' title='bbox 704 1299 832 1339; x_wconf 90' lang='lat' dir='ltr'>tunc</span> <span class='ocrx_word' id='word_1_73' title='bbox 879 1289 934 1338; x_wconf 91' lang='lat' dir='ltr'>in</span> <span class='ocrx_word' id='word_1_74' title='bbox 963 1289 1318 1356; x_wconf 89' lang='lat' dir='ltr'>sequentibus</span> 
     </span>
     <span class='ocr_line' id='line_1_15' title="bbox 253 1360 1318 1425; baseline -0.002 -13"><span class='ocrx_word' id='word_1_75' title='bbox 253 1360 615 1423; x_wconf 89' lang='lat' dir='ltr'>confirmavit;</span> <span class='ocrx_word' id='word_1_76' title='bbox 665 1360 740 1410; x_wconf 91' lang='lat' dir='ltr'>sic</span> <span class='ocrx_word' id='word_1_77' title='bbox 781 1360 838 1410; x_wconf 87' lang='lat' dir='ltr'>hi</span> <span class='ocrx_word' id='word_1_78' title='bbox 876 1360 1113 1425; x_wconf 86' lang='lat' dir='ltr'>praedicti</span> <span class='ocrx_word' id='word_1_79' title='bbox 1148 1360 1318 1410; x_wconf 88' lang='lat' dir='ltr'>disci-</span> 
     </span>
     <span class='ocr_line' id='line_1_16' title="bbox 255 1431 1318 1499; baseline -0.002 -15"><span class='ocrx_word' id='word_1_80' title='bbox 255 1433 388 1499; x_wconf 90' lang='lat' dir='ltr'>puli,</span> <span class='ocrx_word' id='word_1_81' title='bbox 413 1433 588 1499; x_wconf 89' lang='lat' dir='ltr'>primo</span> <span class='ocrx_word' id='word_1_82' title='bbox 616 1434 681 1483; x_wconf 93' lang='lat' dir='ltr'>ad</span> <span class='ocrx_word' id='word_1_83' title='bbox 715 1431 889 1482; x_wconf 60' lang='lat' dir='ltr'>fidem*</span> <span class='ocrx_word' id='word_1_84' title='bbox 903 1432 1093 1492; x_wconf 89' lang='lat' dir='ltr'>vocati,</span> <span class='ocrx_word' id='word_1_85' title='bbox 1129 1432 1183 1482; x_wconf 92' lang='lat' dir='ltr'>in</span> <span class='ocrx_word' id='word_1_86' title='bbox 1213 1432 1318 1483; x_wconf 92' lang='lat' dir='ltr'>ali-</span> 
     </span>
     <span class='ocr_line' id='line_1_17' title="bbox 252 1503 1318 1571; baseline -0.002 -18"><span class='ocrx_word' id='word_1_87' title='bbox 252 1505 466 1571; x_wconf 85' lang='lat' dir='ltr'>qualem</span> <span class='ocrx_word' id='word_1_88' title='bbox 510 1503 752 1554; x_wconf 84' lang='lat' dir='ltr'>notitiam</span> <span class='ocrx_word' id='word_1_89' title='bbox 813 1512 863 1554; x_wconf 91' lang='lat' dir='ltr'>et</span> <span class='ocrx_word' id='word_1_90' title='bbox 904 1503 1318 1553; x_wconf 87' lang='lat' dir='ltr'>familiaritatem</span> 
     </span>
     <span class='ocr_line' id='line_1_18' title="bbox 251 1573 1320 1640; baseline -0.001 -15"><span class='ocrx_word' id='word_1_91' title='bbox 251 1576 377 1626; x_wconf 76' lang='lat' dir='ltr'>,lesu</span> <span class='ocrx_word' id='word_1_92' title='bbox 406 1585 679 1638; x_wconf 90' lang='lat' dir='ltr'>venerunt,</span> <span class='ocrx_word' id='word_1_93' title='bbox 713 1585 764 1625; x_wconf 92' lang='lat' dir='ltr'>et</span> <span class='ocrx_word' id='word_1_94' title='bbox 787 1573 981 1624; x_wconf 90' lang='lat' dir='ltr'>deinde</span> <span class='ocrx_word' id='word_1_95' title='bbox 1007 1573 1070 1623; x_wconf 90' lang='lat' dir='ltr'>ad</span> <span class='ocrx_word' id='word_1_96' title='bbox 1104 1573 1320 1640; x_wconf 86' lang='lat' dir='ltr'>propria</span> 
     </span>
     <span class='ocr_line' id='line_1_19' title="bbox 252 1645 543 1696; baseline 0 0"><span class='ocrx_word' id='word_1_97' title='bbox 252 1645 543 1696; x_wconf 87' lang='lat' dir='ltr'>redierunt.</span> 
     </span>
    </p>

    <p class='ocr_par' dir='ltr' id='par_1_3' title="bbox 249 1717 1320 2414">
     <span class='ocr_line' id='line_1_20' title="bbox 316 1717 1319 1775; baseline 0.001 -8"><span class='ocrx_word' id='word_1_98' title='bbox 316 1717 349 1767; x_wconf 88' lang='lat'><em>8</em></span> <span class='ocrx_word' id='word_1_99' title='bbox 382 1718 618 1768; x_wconf 70' lang='lat' dir='ltr'>VocArro</span> <span class='ocrx_word' id='word_1_100' title='bbox 671 1719 926 1775; x_wconf 71' lang='lat' dir='ltr'>Pmmm.</span> <span class='ocrx_word' id='word_1_101' title='bbox 956 1746 1017 1756; x_wconf 96' lang='lat'>—</span> <span class='ocrx_word' id='word_1_102' title='bbox 1049 1718 1113 1768; x_wconf 83' lang='lat' dir='ltr'>In</span> <span class='ocrx_word' id='word_1_103' title='bbox 1189 1733 1319 1769; x_wconf 85' lang='lat' dir='ltr'>cra-</span> 
     </span>
     <span class='ocr_line' id='line_1_21' title="bbox 254 1789 1320 1854; baseline -0.001 -15"><span class='ocrx_word' id='word_1_104' title='bbox 254 1790 450 1840; x_wconf 85' lang='lat' dir='ltr'>stinum</span> <span class='ocrx_word' id='word_1_105' title='bbox 497 1798 696 1847; x_wconf 91' lang='lat' dir='ltr'>autem,</span> <span class='ocrx_word' id='word_1_106' title='bbox 754 1798 874 1854; x_wconf 93' lang='lat' dir='ltr'>post</span> <span class='ocrx_word' id='word_1_107' title='bbox 921 1789 1060 1839; x_wconf 91' lang='lat' dir='ltr'>Petri</span> <span class='ocrx_word' id='word_1_108' title='bbox 1118 1799 1169 1839; x_wconf 91' lang='lat' dir='ltr'>et</span> <span class='ocrx_word' id='word_1_109' title='bbox 1213 1789 1320 1838; x_wconf 88' lang='lat' dir='ltr'>An-</span> 
     </span>
     <span class='ocr_line' id='line_1_22' title="bbox 253 1862 1318 1924; baseline 0 -12"><span class='ocrx_word' id='word_1_110' title='bbox 253 1865 391 1912; x_wconf 84' lang='lat' dir='ltr'>dreae</span> <span class='ocrx_word' id='word_1_111' title='bbox 438 1862 788 1922; x_wconf 89' lang='lat' dir='ltr'>vocationem,</span> <span class='ocrx_word' id='word_1_112' title='bbox 839 1862 1004 1912; x_wconf 82' lang='lat' dir='ltr'>voluit</span> <span class='ocrx_word' id='word_1_113' title='bbox 1038 1862 1217 1924; x_wconf 75' lang='lat' dir='ltr'>JesuS,</span> <span class='ocrx_word' id='word_1_114' title='bbox 1252 1862 1318 1912; x_wconf 92' lang='lat' dir='ltr'>de</span> 
     </span>
     <span class='ocr_line' id='line_1_23' title="bbox 250 1932 1318 1998; baseline -0.001 -14"><span class='ocrx_word' id='word_1_115' title='bbox 250 1933 432 1984; x_wconf 86' lang='lat' dir='ltr'>Judaea</span> <span class='ocrx_word' id='word_1_116' title='bbox 455 1933 599 1998; x_wconf 88' lang='lat' dir='ltr'>large</span> <span class='ocrx_word' id='word_1_117' title='bbox 628 1933 784 1992; x_wconf 87' lang='lat' dir='ltr'>dicta,</span> <span class='ocrx_word' id='word_1_118' title='bbox 826 1932 918 1982; x_wconf 90' lang='lat' dir='ltr'>ubi</span> <span class='ocrx_word' id='word_1_119' title='bbox 953 1934 1189 1983; x_wconf 90' lang='lat' dir='ltr'>Joannes</span> <span class='ocrx_word' id='word_1_120' title='bbox 1217 1933 1318 1983; x_wconf 92' lang='lat' dir='ltr'>ba-</span> 
     </span>
     <span class='ocr_line' id='line_1_24' title="bbox 253 2005 1318 2072; baseline 0.002 -17"><span class='ocrx_word' id='word_1_121' title='bbox 253 2006 501 2072; x_wconf 89' lang='lat' dir='ltr'>ptizabat,</span> <span class='ocrx_word' id='word_1_122' title='bbox 549 2006 727 2056; x_wconf 84' lang='lat' dir='ltr'>redire</span> <span class='ocrx_word' id='word_1_123' title='bbox 774 2005 826 2056; x_wconf 85' lang='lat' dir='ltr'>in</span> <span class='ocrx_word' id='word_1_124' title='bbox 881 2005 1197 2068; x_wconf 86' lang='lat' dir='ltr'>Galilaeam,</span> <span class='ocrx_word' id='word_1_125' title='bbox 1252 2007 1318 2057; x_wconf 91' lang='lat' dir='ltr'>de</span> 
     </span>
     <span class='ocr_line' id='line_1_25' title="bbox 251 2075 1315 2142; baseline 0.001 -17"><span class='ocrx_word' id='word_1_126' title='bbox 251 2092 358 2142; x_wconf 90' lang='lat' dir='ltr'>qua</span> <span class='ocrx_word' id='word_1_127' title='bbox 392 2075 560 2141; x_wconf 89' lang='lat' dir='ltr'>patria</span> <span class='ocrx_word' id='word_1_128' title='bbox 594 2075 888 2142; x_wconf 89' lang='lat' dir='ltr'>discipulos</span> <span class='ocrx_word' id='word_1_129' title='bbox 919 2076 1144 2138; x_wconf 90' lang='lat' dir='ltr'>vocavit,</span> <span class='ocrx_word' id='word_1_130' title='bbox 1174 2086 1227 2126; x_wconf 94' lang='lat' dir='ltr'>et</span> <span class='ocrx_word' id='word_1_131' title='bbox 1251 2078 1315 2127; x_wconf 93' lang='lat' dir='ltr'>ad</span> 
     </span>
     <span class='ocr_line' id='line_1_26' title="bbox 253 2147 1317 2214; baseline 0 -17"><span class='ocrx_word' id='word_1_132' title='bbox 253 2149 476 2197; x_wconf 87' lang='lat' dir='ltr'>Matrem</span> <span class='ocrx_word' id='word_1_133' title='bbox 505 2163 669 2214; x_wconf 88' lang='lat' dir='ltr'>quarn</span> <span class='ocrx_word' id='word_1_134' title='bbox 697 2147 773 2197; x_wconf 88' lang='lat' dir='ltr'>ibi</span> <span class='ocrx_word' id='word_1_135' title='bbox 805 2147 1110 2214; x_wconf 88' lang='lat' dir='ltr'>reliquerat,</span> <span class='ocrx_word' id='word_1_136' title='bbox 1158 2155 1210 2199; x_wconf 86' lang='lat' dir='ltr'>et</span> <span class='ocrx_word' id='word_1_137' title='bbox 1243 2149 1317 2199; x_wconf 88' lang='lat' dir='ltr'>in-</span> 
     </span>
     <span class='ocr_line' id='line_1_27' title="bbox 252 2217 1319 2286; baseline 0.001 -17"><span class='ocrx_word' id='word_1_138' title='bbox 252 2219 395 2269; x_wconf 80' lang='lat' dir='ltr'>venit</span> <span class='ocrx_word' id='word_1_139' title='bbox 433 2218 757 2286; x_wconf 77' lang='lat' dir='ltr'>Philippum,</span> <span class='ocrx_word' id='word_1_140' title='bbox 798 2217 890 2286; x_wconf 89' lang='lat' dir='ltr'>qui</span> <span class='ocrx_word' id='word_1_141' title='bbox 931 2224 1050 2269; x_wconf 84' lang='lat' dir='ltr'>erat</span> <span class='ocrx_word' id='word_1_142' title='bbox 1082 2233 1117 2269; x_wconf 91' lang='lat' dir='ltr'>a</span> <span class='ocrx_word' id='word_1_143' title='bbox 1158 2218 1319 2270; x_wconf 85' lang='lat' dir='ltr'>Beth-</span> 
     </span>
     <span class='ocr_line' id='line_1_28' title="bbox 251 2292 1314 2357; baseline 0.003 -16"><span class='ocrx_word' id='word_1_144' title='bbox 251 2292 427 2354; x_wconf 81' lang='lat' dir='ltr'>saida,</span> <span class='ocrx_word' id='word_1_145' title='bbox 455 2293 670 2344; x_wconf 83' lang='lat' dir='ltr'>civitate</span> <span class='ocrx_word' id='word_1_146' title='bbox 692 2307 853 2357; x_wconf 89' lang='lat' dir='ltr'>supra</span> <span class='ocrx_word' id='word_1_147' title='bbox 888 2307 1034 2346; x_wconf 86' lang='lat' dir='ltr'>mare</span> <span class='ocrx_word' id='word_1_148' title='bbox 1063 2292 1314 2355; x_wconf 83' lang='lat' dir='ltr'>Galilaeae,</span> 
     </span>
     <span class='ocr_line' id='line_1_29' title="bbox 249 2362 1314 2414; baseline 0.001 -1"><span class='ocrx_word' id='word_1_149' title='bbox 249 2363 481 2414; x_wconf 88' lang='lat' dir='ltr'>concivis</span> <span class='ocrx_word' id='word_1_150' title='bbox 515 2362 671 2413; x_wconf 84' lang='lat' dir='ltr'>Petri</span> <span class='ocrx_word' id='word_1_151' title='bbox 710 2370 763 2414; x_wconf 93' lang='lat' dir='ltr'>et</span> <span class='ocrx_word' id='word_1_152' title='bbox 807 2362 1082 2414; x_wconf 82' lang='lat' dir='ltr'>Andraeoe.</span> <span class='ocrx_word' id='word_1_153' title='bbox 1117 2363 1182 2413; x_wconf 91' lang='lat' dir='ltr'>Et</span> <span class='ocrx_word' id='word_1_154' title='bbox 1212 2364 1314 2414; x_wconf 85' lang='lat' dir='ltr'>hoc</span> 
     </span>
    </p>
   </div>
   <div class='ocr_carea' id='block_1_3' title="bbox 162 2434 1314 2501">
    <p class='ocr_par' dir='ltr' id='par_1_4' title="bbox 162 2434 1314 2501">
     <span class='ocr_line' id='line_1_30' title="bbox 162 2434 1314 2501; baseline 0 -16"><span class='ocrx_word' id='word_1_155' title='bbox 162 2461 163 2466; x_wconf 63' lang='lat'><em>=</em></span> <span class='ocrx_word' id='word_1_156' title='bbox 251 2435 497 2501; x_wconf 89' lang='lat' dir='ltr'>congruit</span> <span class='ocrx_word' id='word_1_157' title='bbox 538 2434 813 2500; x_wconf 89' lang='lat' dir='ltr'>mysteri0,</span> <span class='ocrx_word' id='word_1_158' title='bbox 847 2434 1132 2485; x_wconf 88' lang='lat' dir='ltr'>Bethsaida</span> <span class='ocrx_word' id='word_1_159' title='bbox 1167 2436 1314 2485; x_wconf 90' lang='lat' dir='ltr'>enim</span> 
     </span>
    </p>
   </div>
   <div class='ocr_carea' id='block_1_4' title="bbox 226 2503 1316 3994">
    <p class='ocr_par' dir='ltr' id='par_1_5' title="bbox 226 2503 1316 3994">
     <span class='ocr_line' id='line_1_31' title="bbox 253 2503 1314 2571; baseline 0.002 -16"><span class='ocrx_word' id='word_1_160' title='bbox 253 2505 441 2556; x_wconf 83' lang='lat' dir='ltr'>domus</span> <span class='ocrx_word' id='word_1_161' title='bbox 515 2510 820 2554; x_wconf 86' lang='lat' dir='ltr'>venatorum</span> <span class='ocrx_word' id='word_1_162' title='bbox 895 2503 1271 2571; x_wconf 88' lang='lat' dir='ltr'>interpretatur</span> <span class='ocrx_word' id='word_1_163' title='bbox 1299 2523 1314 2557; x_wconf 72' lang='grc' dir='ltr'><strong><em>ε</em></strong></span> 
     </span>
     <span class='ocr_line' id='line_1_32' title="bbox 250 2574 1316 2640; baseline 0.002 -15"><span class='ocrx_word' id='word_1_164' title='bbox 250 2584 312 2625; x_wconf 90' lang='lat' dir='ltr'>ut</span> <span class='ocrx_word' id='word_1_165' title='bbox 338 2575 583 2624; x_wconf 90' lang='lat' dir='ltr'>ostendat</span> <span class='ocrx_word' id='word_1_166' title='bbox 619 2575 763 2640; x_wconf 92' lang='lat' dir='ltr'>quod</span> <span class='ocrx_word' id='word_1_167' title='bbox 799 2574 865 2625; x_wconf 92' lang='lat' dir='ltr'>de</span> <span class='ocrx_word' id='word_1_168' title='bbox 892 2575 1059 2626; x_wconf 90' lang='lat' dir='ltr'>domo</span> <span class='ocrx_word' id='word_1_169' title='bbox 1093 2586 1316 2627; x_wconf 84' lang='lat' dir='ltr'>venato-</span> 
     </span>
     <span class='ocr_line' id='line_1_33' title="bbox 252 2646 1311 2713; baseline 0.002 -17"><span class='ocrx_word' id='word_1_170' title='bbox 252 2661 394 2705; x_wconf 89' lang='lat' dir='ltr'>rum,</span> <span class='ocrx_word' id='word_1_171' title='bbox 425 2660 657 2710; x_wconf 88' lang='lat' dir='ltr'>congrue</span> <span class='ocrx_word' id='word_1_172' title='bbox 685 2654 979 2706; x_wconf 80' lang='lat' dir='ltr'>venatoreS,</span> <span class='ocrx_word' id='word_1_173' title='bbox 1003 2646 1069 2696; x_wconf 89' lang='lat' dir='ltr'>ad</span> <span class='ocrx_word' id='word_1_174' title='bbox 1093 2647 1311 2713; x_wconf 90' lang='lat' dir='ltr'>capien-</span> 
     </span>
     <span class='ocr_line' id='line_1_34' title="bbox 250 2717 1311 2777; baseline 0.003 -10"><span class='ocrx_word' id='word_1_175' title='bbox 250 2718 345 2767; x_wconf 90' lang='lat' dir='ltr'>das</span> <span class='ocrx_word' id='word_1_176' title='bbox 373 2718 599 2777; x_wconf 90' lang='lat' dir='ltr'>animas,</span> <span class='ocrx_word' id='word_1_177' title='bbox 650 2717 715 2768; x_wconf 89' lang='lat' dir='ltr'>ad</span> <span class='ocrx_word' id='word_1_178' title='bbox 740 2718 902 2768; x_wconf 87' lang='lat' dir='ltr'>vitam</span> <span class='ocrx_word' id='word_1_179' title='bbox 929 2729 1156 2769; x_wconf 85' lang='lat' dir='ltr'>vocaret.</span> <span class='ocrx_word' id='word_1_180' title='bbox 1190 2720 1311 2770; x_wconf 90' lang='lat' dir='ltr'>Non</span> 
     </span>
     <span class='ocr_line' id='line_1_35' title="bbox 248 2789 1312 2855; baseline 0.002 -16"><span class='ocrx_word' id='word_1_181' title='bbox 248 2804 279 2839; x_wconf 89' lang='lat' dir='ltr'>a</span> <span class='ocrx_word' id='word_1_182' title='bbox 323 2804 467 2848; x_wconf 88' lang='lat' dir='ltr'>casu,</span> <span class='ocrx_word' id='word_1_183' title='bbox 502 2790 583 2840; x_wconf 90' lang='lat' dir='ltr'>vel</span> <span class='ocrx_word' id='word_1_184' title='bbox 633 2791 785 2855; x_wconf 87' lang='lat' dir='ltr'>quasi</span> <span class='ocrx_word' id='word_1_185' title='bbox 819 2789 1083 2855; x_wconf 89' lang='lat' dir='ltr'>ignotum,</span> <span class='ocrx_word' id='word_1_186' title='bbox 1127 2791 1217 2840; x_wconf 90' lang='lat' dir='ltr'>sed</span> <span class='ocrx_word' id='word_1_187' title='bbox 1248 2807 1312 2841; x_wconf 87' lang='lat' dir='ltr'>ex</span> 
     </span>
     <span class='ocr_line' id='line_1_36' title="bbox 250 2859 1313 2924; baseline 0.001 -14"><span class='ocrx_word' id='word_1_188' title='bbox 250 2874 348 2910; x_wconf 86' lang='lat' dir='ltr'>sua</span> <span class='ocrx_word' id='word_1_189' title='bbox 372 2859 835 2924; x_wconf 75' lang='lat' dir='ltr'>praeordinatione,</span> <span class='ocrx_word' id='word_1_190' title='bbox 866 2870 918 2910; x_wconf 88' lang='lat' dir='ltr'>et</span> <span class='ocrx_word' id='word_1_191' title='bbox 960 2875 1024 2910; x_wconf 85' lang='lat' dir='ltr'>ex</span> <span class='ocrx_word' id='word_1_192' title='bbox 1062 2860 1313 2912; x_wconf 87' lang='lat' dir='ltr'>intentio-</span> 
     </span>
     <span class='ocr_line' id='line_1_37' title="bbox 249 2933 1309 2998; baseline 0.004 -17"><span class='ocrx_word' id='word_1_193' title='bbox 249 2948 316 2983; x_wconf 89' lang='lat' dir='ltr'>ne</span> <span class='ocrx_word' id='word_1_194' title='bbox 353 2933 638 2998; x_wconf 88' lang='lat' dir='ltr'>quaesitum</span> <span class='ocrx_word' id='word_1_195' title='bbox 690 2933 889 2985; x_wconf 90' lang='lat' dir='ltr'>invenit</span> <span class='ocrx_word' id='word_1_196' title='bbox 920 2950 1064 2994; x_wconf 90' lang='lat' dir='ltr'>eum,</span> <span class='ocrx_word' id='word_1_197' title='bbox 1097 2945 1159 2984; x_wconf 91' lang='lat' dir='ltr'>ut</span> <span class='ocrx_word' id='word_1_198' title='bbox 1185 2950 1309 2985; x_wconf 88' lang='lat' dir='ltr'>eum</span> 
     </span>
     <span class='ocr_line' id='line_1_38' title="bbox 250 3002 1308 3070; baseline 0.003 -17"><span class='ocrx_word' id='word_1_199' title='bbox 250 3002 595 3063; x_wconf 89' lang='lat' dir='ltr'>illuminaret,</span> <span class='ocrx_word' id='word_1_200' title='bbox 645 3013 697 3053; x_wconf 91' lang='lat' dir='ltr'>et</span> <span class='ocrx_word' id='word_1_201' title='bbox 739 3005 803 3054; x_wconf 92' lang='lat' dir='ltr'>ad</span> <span class='ocrx_word' id='word_1_202' title='bbox 859 3004 1021 3055; x_wconf 91' lang='lat' dir='ltr'>fidem</span> <span class='ocrx_word' id='word_1_203' title='bbox 1072 3016 1308 3070; x_wconf 87' lang='lat' dir='ltr'>vocaret;</span> 
     </span>
     <span class='ocr_line' id='line_1_39' title="bbox 249 3071 1311 3141; baseline 0.003 -18"><span class='ocrx_word' id='word_1_204' title='bbox 249 3071 394 3123; x_wconf 89' lang='lat' dir='ltr'>unde</span> <span class='ocrx_word' id='word_1_205' title='bbox 417 3073 659 3138; x_wconf 87' lang='lat' dir='ltr'>sequitur</span> <span class='ocrx_word' id='word_1_206' title='bbox 684 3089 697 3122; x_wconf 72' lang='grc' dir='ltr'>ε</span> <span class='ocrx_word' id='word_1_207' title='bbox 727 3074 806 3124; x_wconf 88' lang='lat' dir='ltr'>Et</span> <span class='ocrx_word' id='word_1_208' title='bbox 828 3074 975 3124; x_wconf 80' lang='lat' dir='ltr'>dixit</span> <span class='ocrx_word' id='word_1_209' title='bbox 1009 3074 1060 3126; x_wconf 91' lang='lat' dir='ltr'>ei</span> <span class='ocrx_word' id='word_1_210' title='bbox 1095 3089 1311 3141; x_wconf 82' lang='lat' dir='ltr'>sequere</span> 
     </span>
     <span class='ocr_line' id='line_1_40' title="bbox 249 3146 1309 3213; baseline 0.003 -18"><span class='ocrx_word' id='word_1_211' title='bbox 249 3160 346 3207; x_wconf 87' lang='lat' dir='ltr'>me,</span> <span class='ocrx_word' id='word_1_212' title='bbox 378 3146 481 3196; x_wconf 88' lang='lat' dir='ltr'>hoc</span> <span class='ocrx_word' id='word_1_213' title='bbox 499 3156 579 3196; x_wconf 91' lang='lat' dir='ltr'>est</span> <span class='ocrx_word' id='word_1_214' title='bbox 604 3146 903 3197; x_wconf 86' lang='lat' dir='ltr'>doctrinam</span> <span class='ocrx_word' id='word_1_215' title='bbox 925 3157 976 3198; x_wconf 90' lang='lat' dir='ltr'>et</span> <span class='ocrx_word' id='word_1_216' title='bbox 999 3149 1309 3213; x_wconf 86' lang='lat' dir='ltr'>exemplum</span> 
     </span>
     <span class='ocr_line' id='line_1_41' title="bbox 226 3216 1308 3285; baseline 0.003 -19"><span class='ocrx_word' id='word_1_217' title='bbox 226 3216 490 3281; x_wconf 87' lang='lat' dir='ltr'>imitare,</span> <span class='ocrx_word' id='word_1_218' title='bbox 533 3227 591 3268; x_wconf 90' lang='lat' dir='ltr'>ut</span> <span class='ocrx_word' id='word_1_219' title='bbox 629 3217 762 3267; x_wconf 91' lang='lat' dir='ltr'>dicit</span> <span class='ocrx_word' id='word_1_220' title='bbox 797 3218 1074 3269; x_wconf 86' lang='lat' dir='ltr'>Alcuinus.</span> <span class='ocrx_word' id='word_1_221' title='bbox 1106 3219 1308 3285; x_wconf 91' lang='lat' dir='ltr'>Sequi-</span> 
     </span>
     <span class='ocr_line' id='line_1_42' title="bbox 245 3289 1311 3355; baseline 0.002 -16"><span class='ocrx_word' id='word_1_222' title='bbox 245 3298 336 3339; x_wconf 91' lang='lat' dir='ltr'>tur</span> <span class='ocrx_word' id='word_1_223' title='bbox 364 3289 511 3339; x_wconf 89' lang='lat' dir='ltr'>enim</span> <span class='ocrx_word' id='word_1_224' title='bbox 545 3305 669 3339; x_wconf 90' lang='lat' dir='ltr'>eum</span> <span class='ocrx_word' id='word_1_225' title='bbox 698 3290 792 3355; x_wconf 92' lang='lat' dir='ltr'>qui</span> <span class='ocrx_word' id='word_1_226' title='bbox 820 3290 1060 3341; x_wconf 87' lang='lat' dir='ltr'>imitatur</span> <span class='ocrx_word' id='word_1_227' title='bbox 1089 3291 1311 3341; x_wconf 89' lang='lat' dir='ltr'>humili-</span> 
     </span>
     <span class='ocr_line' id='line_1_43' title="bbox 244 3359 1309 3425; baseline 0.004 -17"><span class='ocrx_word' id='word_1_228' title='bbox 244 3367 407 3408; x_wconf 88' lang='lat' dir='ltr'>tatem</span> <span class='ocrx_word' id='word_1_229' title='bbox 450 3369 502 3409; x_wconf 91' lang='lat' dir='ltr'>et</span> <span class='ocrx_word' id='word_1_230' title='bbox 539 3359 845 3425; x_wconf 89' lang='lat' dir='ltr'>passionem</span> <span class='ocrx_word' id='word_1_231' title='bbox 870 3361 1001 3425; x_wconf 89' lang='lat' dir='ltr'>ejus,</span> <span class='ocrx_word' id='word_1_232' title='bbox 1031 3370 1092 3410; x_wconf 92' lang='lat' dir='ltr'>ut</span> <span class='ocrx_word' id='word_1_233' title='bbox 1119 3360 1190 3411; x_wconf 94' lang='lat' dir='ltr'>sit</span> <span class='ocrx_word' id='word_1_234' title='bbox 1215 3377 1309 3413; x_wconf 89' lang='lat' dir='ltr'>so-</span> 
     </span>
     <span class='ocr_line' id='line_1_44' title="bbox 244 3428 1304 3495; baseline 0.004 -18"><span class='ocrx_word' id='word_1_235' title='bbox 244 3428 361 3478; x_wconf 90' lang='lat' dir='ltr'>cius</span> <span class='ocrx_word' id='word_1_236' title='bbox 406 3429 805 3480; x_wconf 89' lang='lat' dir='ltr'>resurrectionis</span> <span class='ocrx_word' id='word_1_237' title='bbox 852 3439 904 3480; x_wconf 91' lang='lat' dir='ltr'>et</span> <span class='ocrx_word' id='word_1_238' title='bbox 952 3430 1304 3495; x_wconf 89' lang='lat' dir='ltr'>ascensionis;</span> 
     </span>
     <span class='ocr_line' id='line_1_45' title="bbox 244 3497 1308 3564; baseline 0.005 -18"><span class='ocrx_word' id='word_1_239' title='bbox 244 3497 358 3563; x_wconf 87' lang='lat' dir='ltr'>qui,</span> <span class='ocrx_word' id='word_1_240' title='bbox 391 3498 678 3564; x_wconf 87' lang='lat' dir='ltr'>Philippus</span> <span class='ocrx_word' id='word_1_241' title='bbox 701 3497 920 3562; x_wconf 90' lang='lat' dir='ltr'>scilicet,</span> <span class='ocrx_word' id='word_1_242' title='bbox 958 3498 1160 3559; x_wconf 87' lang='lat' dir='ltr'>statim,</span> <span class='ocrx_word' id='word_1_243' title='bbox 1191 3501 1308 3551; x_wconf 89' lang='lat' dir='ltr'>sine</span> 
     </span>
     <span class='ocr_line' id='line_1_46' title="bbox 241 3570 1307 3632; baseline 0.003 -11"><span class='ocrx_word' id='word_1_244' title='bbox 241 3570 353 3621; x_wconf 87' lang='lat' dir='ltr'>ulla</span> <span class='ocrx_word' id='word_1_245' title='bbox 403 3571 819 3622; x_wconf 87' lang='lat' dir='ltr'>contradictione</span> <span class='ocrx_word' id='word_1_246' title='bbox 846 3610 860 3632; x_wconf 90' lang='lat'>,</span> <span class='ocrx_word' id='word_1_247' title='bbox 923 3570 1061 3622; x_wconf 90' lang='lat' dir='ltr'>sicut</span> <span class='ocrx_word' id='word_1_248' title='bbox 1132 3573 1307 3624; x_wconf 89' lang='lat' dir='ltr'>bonus</span> 
     </span>
     <span class='ocr_line' id='line_1_47' title="bbox 242 3640 1308 3701; baseline 0.004 -11"><span class='ocrx_word' id='word_1_249' title='bbox 242 3640 520 3701; x_wconf 87' lang='lat' dir='ltr'>obediens,</span> <span class='ocrx_word' id='word_1_250' title='bbox 555 3652 767 3692; x_wconf 88' lang='lat' dir='ltr'>secutus</span> <span class='ocrx_word' id='word_1_251' title='bbox 801 3652 881 3692; x_wconf 90' lang='lat' dir='ltr'>est</span> <span class='ocrx_word' id='word_1_252' title='bbox 920 3656 1078 3693; x_wconf 89' lang='lat' dir='ltr'>eum.·</span> <span class='ocrx_word' id='word_1_253' title='bbox 1100 3644 1308 3694; x_wconf 88' lang='lat' dir='ltr'>Secun-</span> 
     </span>
     <span class='ocr_line' id='line_1_48' title="bbox 242 3713 1306 3780; baseline 0.004 -18"><span class='ocrx_word' id='word_1_254' title='bbox 242 3713 376 3763; x_wconf 90' lang='lat' dir='ltr'>dum</span> <span class='ocrx_word' id='word_1_255' title='bbox 428 3714 542 3764; x_wconf 86' lang='lat' dir='ltr'>haec</span> <span class='ocrx_word' id='word_1_256' title='bbox 591 3714 746 3776; x_wconf 92' lang='lat' dir='ltr'>dicta,</span> <span class='ocrx_word' id='word_1_257' title='bbox 810 3714 1018 3780; x_wconf 86' lang='lat' dir='ltr'>primus</span> <span class='ocrx_word' id='word_1_258' title='bbox 1060 3715 1306 3767; x_wconf 89' lang='lat' dir='ltr'>omnium</span> 
     </span>
     <span class='ocr_line' id='line_1_49' title="bbox 243 3783 1305 3851; baseline 0.005 -19"><span class='ocrx_word' id='word_1_259' title='bbox 243 3783 626 3848; x_wconf 89' lang='lat' dir='ltr'>Apostolorum</span> <span class='ocrx_word' id='word_1_260' title='bbox 659 3784 940 3851; x_wconf 89' lang='lat' dir='ltr'>Philippus</span> <span class='ocrx_word' id='word_1_261' title='bbox 957 3785 1166 3835; x_wconf 88' lang='lat' dir='ltr'>videtur</span> <span class='ocrx_word' id='word_1_262' title='bbox 1189 3802 1305 3837; x_wconf 90' lang='lat' dir='ltr'>esse</span> 
     </span>
     <span class='ocr_line' id='line_1_50' title="bbox 242 3856 1304 3923; baseline 0.006 -19"><span class='ocrx_word' id='word_1_263' title='bbox 242 3866 475 3906; x_wconf 83' lang='lat' dir='ltr'>vocatus.</span> <span class='ocrx_word' id='word_1_264' title='bbox 508 3856 575 3907; x_wconf 87' lang='lat' dir='ltr'>Hi</span> <span class='ocrx_word' id='word_1_265' title='bbox 620 3868 852 3922; x_wconf 86' lang='lat' dir='ltr'>quatuor</span> <span class='ocrx_word' id='word_1_266' title='bbox 894 3858 1153 3923; x_wconf 86' lang='lat' dir='ltr'>praedicti,</span> <span class='ocrx_word' id='word_1_267' title='bbox 1193 3859 1304 3910; x_wconf 92' lang='lat' dir='ltr'>sci-</span> 
     </span>
     <span class='ocr_line' id='line_1_51' title="bbox 239 3922 1301 3994; baseline 0.008 -22"><span class='ocrx_word' id='word_1_268' title='bbox 239 3922 365 3973; x_wconf 88' lang='lat' dir='ltr'>licet</span> <span class='ocrx_word' id='word_1_269' title='bbox 397 3939 411 3973; x_wconf 75' lang='grc' dir='ltr'><strong><em>ε</em></strong></span> <span class='ocrx_word' id='word_1_270' title='bbox 441 3925 700 3986; x_wconf 85' lang='lat' dir='ltr'>Andreas,</span> <span class='ocrx_word' id='word_1_271' title='bbox 742 3938 794 3979; x_wconf 90' lang='lat' dir='ltr'>et</span> <span class='ocrx_word' id='word_1_272' title='bbox 832 3928 965 3978; x_wconf 89' lang='lat' dir='ltr'>alter</span> <span class='ocrx_word' id='word_1_273' title='bbox 1009 3927 1158 3994; x_wconf 84' lang='lat' dir='ltr'>cujus</span> <span class='ocrx_word' id='word_1_274' title='bbox 1196 3944 1301 3980; x_wconf 92' lang='lat' dir='ltr'>no-</span> 
     </span>
    </p>
   </div>
   <div class='ocr_carea' id='block_1_5' title="bbox 896 315 1901 367">
    <p class='ocr_par' dir='ltr' id='par_1_6' title="bbox 896 315 1901 367">
     <span class='ocr_line' id='line_1_52' title="bbox 896 315 1901 367; baseline 0.001 -1"><span class='ocrx_word' id='word_1_275' title='bbox 896 316 1134 366; x_wconf 81' lang='lat' dir='ltr'>PRIMAE</span> <span class='ocrx_word' id='word_1_276' title='bbox 1172 315 1417 366; x_wconf 83' lang='lat' dir='ltr'>PARTIS</span> <span class='ocrx_word' id='word_1_277' title='bbox 1450 315 1683 367; x_wconf 84' lang='lat' dir='ltr'>CAPUT</span> <span class='ocrx_word' id='word_1_278' title='bbox 1715 316 1901 367; x_wconf 88' lang='lat' dir='ltr'>XXIV.</span> 
     </span>
    </p>
   </div>
   <div class='ocr_carea' id='block_1_6' title="bbox 1422 431 2495 1641">
    <p class='ocr_par' dir='ltr' id='par_1_7' title="bbox 1426 431 2495 789">
     <span class='ocr_line' id='line_1_53' title="bbox 1427 431 2495 500; baseline 0.005 -21"><span class='ocrx_word' id='word_1_279' title='bbox 1427 445 1552 481; x_wconf 91' lang='lat' dir='ltr'>men</span> <span class='ocrx_word' id='word_1_280' title='bbox 1599 441 1818 494; x_wconf 84' lang='lat' dir='ltr'>tacetur,</span> <span class='ocrx_word' id='word_1_281' title='bbox 1862 446 1922 483; x_wconf 80' lang='lat' dir='ltr'>ac</span> <span class='ocrx_word' id='word_1_282' title='bbox 1957 431 2144 481; x_wconf 89' lang='lat' dir='ltr'>Petrus</span> <span class='ocrx_word' id='word_1_283' title='bbox 2186 442 2239 482; x_wconf 91' lang='lat' dir='ltr'>et</span> <span class='ocrx_word' id='word_1_284' title='bbox 2276 432 2495 500; x_wconf 88' lang='lat' dir='ltr'>Philip-</span> 
     </span>
     <span class='ocr_line' id='line_1_54' title="bbox 1427 502 2491 574; baseline 0.006 -21"><span class='ocrx_word' id='word_1_285' title='bbox 1427 519 1546 568; x_wconf 88' lang='lat' dir='ltr'>pus,</span> <span class='ocrx_word' id='word_1_286' title='bbox 1580 502 1798 554; x_wconf 91' lang='lat' dir='ltr'>fuerunt</span> <span class='ocrx_word' id='word_1_287' title='bbox 1825 503 2073 568; x_wconf 89' lang='lat' dir='ltr'>discipuli</span> <span class='ocrx_word' id='word_1_288' title='bbox 2103 504 2350 570; x_wconf 89' lang='lat' dir='ltr'>Joannis;</span> <span class='ocrx_word' id='word_1_289' title='bbox 2396 508 2491 574; x_wconf 90' lang='lat' dir='ltr'>qui</span> 
     </span>
     <span class='ocr_line' id='line_1_55' title="bbox 1426 576 2492 643; baseline 0.006 -18"><span class='ocrx_word' id='word_1_290' title='bbox 1426 576 1670 628; x_wconf 89' lang='lat' dir='ltr'>videntes</span> <span class='ocrx_word' id='word_1_291' title='bbox 1703 577 1886 643; x_wconf 53' lang='lat' dir='ltr'>‘quod</span> <span class='ocrx_word' id='word_1_292' title='bbox 1923 578 2158 628; x_wconf 88' lang='lat' dir='ltr'>Joannes</span> <span class='ocrx_word' id='word_1_293' title='bbox 2242 578 2309 628; x_wconf 90' lang='lat' dir='ltr'>de</span> <span class='ocrx_word' id='word_1_294' title='bbox 2365 580 2492 631; x_wconf 81' lang='lat' dir='ltr'>Jesu</span> 
     </span>
     <span class='ocr_line' id='line_1_56' title="bbox 1427 647 2489 715; baseline 0.006 -19"><span class='ocrx_word' id='word_1_295' title='bbox 1427 647 1800 697; x_wconf 91' lang='lat' dir='ltr'>testimonium</span> <span class='ocrx_word' id='word_1_296' title='bbox 1880 648 2094 698; x_wconf 88' lang='lat' dir='ltr'>dederat</span> <span class='ocrx_word' id='word_1_297' title='bbox 2120 686 2134 709; x_wconf 97' lang='lat'>,</span> <span class='ocrx_word' id='word_1_298' title='bbox 2216 650 2489 715; x_wconf 89' lang='lat' dir='ltr'>conjuncti</span> 
     </span>
     <span class='ocr_line' id='line_1_57' title="bbox 1427 719 2484 789; baseline 0.005 -20"><span class='ocrx_word' id='word_1_299' title='bbox 1427 729 1555 769; x_wconf 90' lang='lat' dir='ltr'>sunt</span> <span class='ocrx_word' id='word_1_300' title='bbox 1585 719 1653 771; x_wconf 90' lang='lat' dir='ltr'>ei.</span> <span class='ocrx_word' id='word_1_301' title='bbox 2480 783 2484 789; x_wconf 29' lang='lat'>¹</span> 
     </span>
    </p>

    <p class='ocr_par' dir='ltr' id='par_1_8' title="bbox 1422 792 2492 1641">
     <span class='ocr_line' id='line_1_58' title="bbox 1489 792 2492 858; baseline 0.005 -18"><span class='ocrx_word' id='word_1_302' title='bbox 1489 807 1522 858; x_wconf 86' lang='lat'>9</span> <span class='ocrx_word' id='word_1_303' title='bbox 1558 792 1844 841; x_wconf 71' lang='lat' dir='ltr'>Pmmrrus</span> <span class='ocrx_word' id='word_1_304' title='bbox 1897 792 2224 842; x_wconf 57' lang='lat' dir='ltr'>Nar-mmm„</span> <span class='ocrx_word' id='word_1_305' title='bbox 2276 808 2492 845; x_wconf 72' lang='lat' dir='ltr'>mvrrAr</span> 
     </span>
     <span class='ocr_line' id='line_1_59' title="bbox 1422 867 2491 934; baseline 0.004 -20"><span class='ocrx_word' id='word_1_306' title='bbox 1422 881 1491 914; x_wconf 74' lang='lat' dir='ltr'>An</span> <span class='ocrx_word' id='word_1_307' title='bbox 1535 880 1805 915; x_wconf 66' lang='lat' dir='ltr'>vrnannuu</span> <span class='ocrx_word' id='word_1_308' title='bbox 1847 867 2144 917; x_wconf 67' lang='lat' dir='ltr'>Cfflus‘rum.</span> <span class='ocrx_word' id='word_1_309' title='bbox 2179 894 2246 904; x_wconf 96' lang='lat'>—-</span> <span class='ocrx_word' id='word_1_310' title='bbox 2272 867 2491 934; x_wconf 90' lang='lat' dir='ltr'>Philip-</span> 
     </span>
     <span class='ocr_line' id='line_1_60' title="bbox 1425 935 2489 1000; baseline 0.004 -16"><span class='ocrx_word' id='word_1_311' title='bbox 1425 951 1524 1000; x_wconf 90' lang='lat' dir='ltr'>pus</span> <span class='ocrx_word' id='word_1_312' title='bbox 1573 945 1773 994; x_wconf 88' lang='lat' dir='ltr'>autem,</span> <span class='ocrx_word' id='word_1_313' title='bbox 1812 951 1843 986; x_wconf 92' lang='lat' dir='ltr'>a</span> <span class='ocrx_word' id='word_1_314' title='bbox 1889 935 2109 986; x_wconf 89' lang='lat' dir='ltr'>Christo</span> <span class='ocrx_word' id='word_1_315' title='bbox 2157 936 2489 998; x_wconf 87' lang='lat' dir='ltr'>instructus,</span> 
     </span>
     <span class='ocr_line' id='line_1_61' title="bbox 1424 1006 2489 1072; baseline 0.004 -17"><span class='ocrx_word' id='word_1_316' title='bbox 1424 1006 1521 1055; x_wconf 91' lang='lat' dir='ltr'>ivit</span> <span class='ocrx_word' id='word_1_317' title='bbox 1569 1006 1635 1056; x_wconf 92' lang='lat' dir='ltr'>ad</span> <span class='ocrx_word' id='word_1_318' title='bbox 1682 1006 2035 1072; x_wconf 78' lang='lat' dir='ltr'>quaerendum</span> <span class='ocrx_word' id='word_1_319' title='bbox 2085 1007 2489 1072; x_wconf 87' lang='lat' dir='ltr'>Nathanaelem,</span> 
     </span>
     <span class='ocr_line' id='line_1_62' title="bbox 1423 1076 2489 1136; baseline 0.005 -11"><span class='ocrx_word' id='word_1_320' title='bbox 1423 1076 1640 1127; x_wconf 89' lang='lat' dir='ltr'>fratrem</span> <span class='ocrx_word' id='word_1_321' title='bbox 1671 1093 1851 1136; x_wconf 88' lang='lat' dir='ltr'>suum,</span> <span class='ocrx_word' id='word_1_322' title='bbox 1882 1077 2191 1127; x_wconf 90' lang='lat' dir='ltr'>desiderans</span> <span class='ocrx_word' id='word_1_323' title='bbox 2235 1093 2358 1128; x_wconf 89' lang='lat' dir='ltr'>eum</span> <span class='ocrx_word' id='word_1_324' title='bbox 2387 1079 2489 1130; x_wconf 88' lang='lat' dir='ltr'>ha-</span> 
     </span>
     <span class='ocr_line' id='line_1_63' title="bbox 1426 1146 2490 1213; baseline 0.004 -17"><span class='ocrx_word' id='word_1_325' title='bbox 1426 1147 1548 1198; x_wconf 90' lang='lat' dir='ltr'>bere</span> <span class='ocrx_word' id='word_1_326' title='bbox 1576 1147 1792 1197; x_wconf 88' lang='lat' dir='ltr'>fratrem</span> <span class='ocrx_word' id='word_1_327' title='bbox 1821 1147 1879 1197; x_wconf 93' lang='lat' dir='ltr'>in</span> <span class='ocrx_word' id='word_1_328' title='bbox 1907 1146 2028 1210; x_wconf 86' lang='lat' dir='ltr'>fide,</span> <span class='ocrx_word' id='word_1_329' title='bbox 2061 1147 2199 1198; x_wconf 89' lang='lat' dir='ltr'>sicut</span> <span class='ocrx_word' id='word_1_330' title='bbox 2230 1148 2287 1198; x_wconf 91' lang='lat' dir='ltr'>in</span> <span class='ocrx_word' id='word_1_331' title='bbox 2311 1165 2490 1213; x_wconf 87' lang='lat' dir='ltr'>carne,</span> 
     </span>
     <span class='ocr_line' id='line_1_64' title="bbox 1423 1216 2489 1280; baseline 0.005 -14"><span class='ocrx_word' id='word_1_332' title='bbox 1423 1227 1474 1267; x_wconf 91' lang='lat' dir='ltr'>et</span> <span class='ocrx_word' id='word_1_333' title='bbox 1512 1217 1719 1268; x_wconf 86' lang='lat' dir='ltr'>invenit</span> <span class='ocrx_word' id='word_1_334' title='bbox 1747 1232 1871 1267; x_wconf 90' lang='lat' dir='ltr'>eum</span> <span class='ocrx_word' id='word_1_335' title='bbox 1901 1218 2004 1267; x_wconf 93' lang='lat' dir='ltr'>sub</span> <span class='ocrx_word' id='word_1_336' title='bbox 2045 1216 2167 1278; x_wconf 90' lang='lat' dir='ltr'>ficu,</span> <span class='ocrx_word' id='word_1_337' title='bbox 2196 1235 2306 1270; x_wconf 93' lang='lat' dir='ltr'>non</span> <span class='ocrx_word' id='word_1_338' title='bbox 2345 1235 2489 1280; x_wconf 89' lang='lat' dir='ltr'>casu,</span> 
     </span>
     <span class='ocr_line' id='line_1_65' title="bbox 1424 1290 2492 1357; baseline 0.003 -17"><span class='ocrx_word' id='word_1_339' title='bbox 1424 1291 1514 1340; x_wconf 91' lang='lat' dir='ltr'>sed</span> <span class='ocrx_word' id='word_1_340' title='bbox 1563 1291 1849 1356; x_wconf 86' lang='lat' dir='ltr'>diligenter</span> <span class='ocrx_word' id='word_1_341' title='bbox 1896 1290 2206 1357; x_wconf 73' lang='lat' dir='ltr'>quaesitum,</span> <span class='ocrx_word' id='word_1_342' title='bbox 2263 1299 2316 1342; x_wconf 85' lang='lat' dir='ltr'>et</span> <span class='ocrx_word' id='word_1_343' title='bbox 2343 1292 2492 1343; x_wconf 80' lang='lat' dir='ltr'>dixit</span> 
     </span>
     <span class='ocr_line' id='line_1_66' title="bbox 1424 1360 2487 1428; baseline 0.003 -18"><span class='ocrx_word' id='word_1_344' title='bbox 1424 1361 1473 1410; x_wconf 85' lang='lat' dir='ltr'>ei</span> <span class='ocrx_word' id='word_1_345' title='bbox 1495 1377 1512 1410; x_wconf 89' lang='lat'>.·</span> <span class='ocrx_word' id='word_1_346' title='bbox 1540 1361 1702 1422; x_wconf 87' lang='lat' dir='ltr'>Quem</span> <span class='ocrx_word' id='word_1_347' title='bbox 1726 1360 1943 1427; x_wconf 81' lang='lat' dir='ltr'>scripsit</span> <span class='ocrx_word' id='word_1_348' title='bbox 1968 1360 2201 1427; x_wconf 80' lang='lat' dir='ltr'>Moyses</span> <span class='ocrx_word' id='word_1_349' title='bbox 2239 1362 2291 1413; x_wconf 82' lang='lat' dir='ltr'>in</span> <span class='ocrx_word' id='word_1_350' title='bbox 2321 1363 2487 1428; x_wconf 82' lang='lat' dir='ltr'>Lege,</span> 
     </span>
     <span class='ocr_line' id='line_1_67' title="bbox 1425 1430 2492 1496; baseline 0.002 -14"><span class='ocrx_word' id='word_1_351' title='bbox 1425 1439 1476 1482; x_wconf 88' lang='lat' dir='ltr'>et</span> <span class='ocrx_word' id='word_1_352' title='bbox 1521 1430 1810 1496; x_wconf 83' lang='lat' dir='ltr'>Prophetae</span> <span class='ocrx_word' id='word_1_353' title='bbox 1854 1431 2247 1494; x_wconf 83' lang='lat' dir='ltr'>nuntiaverunt,</span> <span class='ocrx_word' id='word_1_354' title='bbox 2299 1433 2492 1484; x_wconf 85' lang='lat' dir='ltr'>inveni-</span> 
     </span>
     <span class='ocr_line' id='line_1_68' title="bbox 1424 1502 2491 1567; baseline 0.002 -15"><span class='ocrx_word' id='word_1_355' title='bbox 1424 1517 1557 1565; x_wconf 85' lang='lat' dir='ltr'>mus,</span> <span class='ocrx_word' id='word_1_356' title='bbox 1589 1502 1683 1552; x_wconf 90' lang='lat' dir='ltr'>diu</span> <span class='ocrx_word' id='word_1_357' title='bbox 1731 1512 2110 1567; x_wconf 84' lang='lat' dir='ltr'>exspectatum,</span> <span class='ocrx_word' id='word_1_358' title='bbox 2152 1503 2354 1566; x_wconf 87' lang='lat' dir='ltr'>Jesum‚</span> <span class='ocrx_word' id='word_1_359' title='bbox 2400 1520 2491 1554; x_wconf 90' lang='lat' dir='ltr'>sa-</span> 
     </span>
     <span class='ocr_line' id='line_1_69' title="bbox 1424 1573 2488 1641; baseline 0.002 -18"><span class='ocrx_word' id='word_1_360' title='bbox 1424 1574 1553 1624; x_wconf 92' lang='lat' dir='ltr'>lutis</span> <span class='ocrx_word' id='word_1_361' title='bbox 1594 1584 1881 1634; x_wconf 88' lang='lat' dir='ltr'>auctorem,</span> <span class='ocrx_word' id='word_1_362' title='bbox 1896 1573 2081 1639; x_wconf 86' lang='lat' dir='ltr'>filium</span> <span class='ocrx_word' id='word_1_363' title='bbox 2117 1574 2348 1641; x_wconf 86' lang='lat' dir='ltr'>Joseph,</span> <span class='ocrx_word' id='word_1_364' title='bbox 2379 1574 2488 1625; x_wconf 89' lang='lat' dir='ltr'>sci-</span> 
     </span>
    </p>
   </div>
   <div class='ocr_carea' id='block_1_7' title="bbox 1424 1646 2578 1713">
    <p class='ocr_par' dir='ltr' id='par_1_9' title="bbox 1424 1646 2578 1713">
     <span class='ocr_line' id='line_1_70' title="bbox 1424 1646 2578 1713; baseline 0.003 -18"><span class='ocrx_word' id='word_1_365' title='bbox 1424 1646 1548 1697; x_wconf 90' lang='lat' dir='ltr'>licet</span> <span class='ocrx_word' id='word_1_366' title='bbox 1599 1646 1916 1712; x_wconf 89' lang='lat' dir='ltr'>putativum,</span> <span class='ocrx_word' id='word_1_367' title='bbox 1945 1661 1980 1696; x_wconf 92' lang='lat' dir='ltr'>a</span> <span class='ocrx_word' id='word_1_368' title='bbox 2027 1647 2327 1713; x_wconf 64' lang='lat' dir='ltr'>Nazareth,</span> <span class='ocrx_word' id='word_1_369' title='bbox 2361 1647 2491 1713; x_wconf 90' lang='lat' dir='ltr'>quia</span> <span class='ocrx_word' id='word_1_370' title='bbox 2571 1667 2578 1671; x_wconf 96' lang='lat'>·</span> 
     </span>
    </p>
   </div>
   <div class='ocr_carea' id='block_1_8' title="bbox 1409 1716 2490 3855">
    <p class='ocr_par' dir='ltr' id='par_1_10' title="bbox 1409 1716 2490 3855">
     <span class='ocr_line' id='line_1_71' title="bbox 1425 1716 2488 1782; baseline 0.003 -17"><span class='ocrx_word' id='word_1_371' title='bbox 1425 1716 1499 1766; x_wconf 90' lang='lat' dir='ltr'>ibi</span> <span class='ocrx_word' id='word_1_372' title='bbox 1550 1727 1837 1782; x_wconf 89' lang='lat' dir='ltr'>conceptus</span> <span class='ocrx_word' id='word_1_373' title='bbox 1887 1726 1939 1766; x_wconf 95' lang='lat' dir='ltr'>et</span> <span class='ocrx_word' id='word_1_374' title='bbox 1988 1717 2223 1767; x_wconf 88' lang='lat' dir='ltr'>nutritus</span> <span class='ocrx_word' id='word_1_375' title='bbox 2274 1727 2403 1777; x_wconf 90' lang='lat' dir='ltr'>erat,</span> <span class='ocrx_word' id='word_1_376' title='bbox 2436 1728 2488 1768; x_wconf 91' lang='lat' dir='ltr'>et</span> 
     </span>
     <span class='ocr_line' id='line_1_72' title="bbox 1424 1787 2487 1853; baseline 0.002 -16"><span class='ocrx_word' id='word_1_377' title='bbox 1424 1787 1551 1853; x_wconf 89' lang='lat' dir='ltr'>quia</span> <span class='ocrx_word' id='word_1_378' title='bbox 1579 1789 1644 1838; x_wconf 92' lang='lat' dir='ltr'>de</span> <span class='ocrx_word' id='word_1_379' title='bbox 1684 1803 1747 1838; x_wconf 91' lang='lat' dir='ltr'>eo</span> <span class='ocrx_word' id='word_1_380' title='bbox 1785 1803 1878 1853; x_wconf 89' lang='lat' dir='ltr'>per</span> <span class='ocrx_word' id='word_1_381' title='bbox 1910 1788 2200 1852; x_wconf 86' lang='lat' dir='ltr'>Prophetas</span> <span class='ocrx_word' id='word_1_382' title='bbox 2232 1788 2487 1850; x_wconf 84' lang='lat' dir='ltr'>audierat,</span> 
     </span>
     <span class='ocr_line' id='line_1_73' title="bbox 1423 1859 2489 1925; baseline 0.002 -18"><span class='ocrx_word' id='word_1_383' title='bbox 1423 1859 1682 1924; x_wconf 89' lang='lat' dir='ltr'>quoniam</span> <span class='ocrx_word' id='word_1_384' title='bbox 1715 1859 2027 1925; x_wconf 60' lang='lat' dir='ltr'>Nazaraeus</span> <span class='ocrx_word' id='word_1_385' title='bbox 2048 1859 2339 1909; x_wconf 82' lang='lat' dir='ltr'>vocabitur.</span> <span class='ocrx_word' id='word_1_386' title='bbox 2372 1859 2489 1910; x_wconf 88' lang='lat' dir='ltr'>Phi-</span> 
     </span>
     <span class='ocr_line' id='line_1_74' title="bbox 1423 1931 2490 1996; baseline 0.003 -17"><span class='ocrx_word' id='word_1_387' title='bbox 1423 1931 1623 1996; x_wconf 79' lang='lat' dir='ltr'>lippuS,</span> <span class='ocrx_word' id='word_1_388' title='bbox 1661 1931 1953 1981; x_wconf 89' lang='lat' dir='ltr'>secundum</span> <span class='ocrx_word' id='word_1_389' title='bbox 1996 1946 2338 1980; x_wconf 89' lang='lat' dir='ltr'>communem</span> <span class='ocrx_word' id='word_1_390' title='bbox 2364 1947 2490 1982; x_wconf 86' lang='lat' dir='ltr'>mo-</span> 
     </span>
     <span class='ocr_line' id='line_1_75' title="bbox 1422 2001 2488 2069; baseline 0.001 -18"><span class='ocrx_word' id='word_1_391' title='bbox 1422 2003 1553 2052; x_wconf 90' lang='lat' dir='ltr'>dum</span> <span class='ocrx_word' id='word_1_392' title='bbox 1595 2002 1866 2069; x_wconf 90' lang='lat' dir='ltr'>loquendi,</span> <span class='ocrx_word' id='word_1_393' title='bbox 1932 2001 2191 2068; x_wconf 89' lang='lat' dir='ltr'>loquitur,</span> <span class='ocrx_word' id='word_1_394' title='bbox 2240 2002 2368 2068; x_wconf 90' lang='lat' dir='ltr'>quia</span> <span class='ocrx_word' id='word_1_395' title='bbox 2417 2001 2488 2052; x_wconf 86' lang='lat' dir='ltr'>fi·-</span> 
     </span>
     <span class='ocr_line' id='line_1_76' title="bbox 1422 2074 2489 2141; baseline 0.001 -16"><span class='ocrx_word' id='word_1_396' title='bbox 1422 2075 1529 2125; x_wconf 90' lang='lat' dir='ltr'>lius</span> <span class='ocrx_word' id='word_1_397' title='bbox 1567 2075 1784 2141; x_wconf 73' lang='lat' dir='ltr'>joseph,</span> <span class='ocrx_word' id='word_1_398' title='bbox 1823 2074 1906 2125; x_wconf 89' lang='lat' dir='ltr'>cui</span> <span class='ocrx_word' id='word_1_399' title='bbox 1962 2075 2280 2139; x_wconf 90' lang='lat' dir='ltr'>desponsata</span> <span class='ocrx_word' id='word_1_400' title='bbox 2321 2085 2489 2126; x_wconf 88' lang='lat' dir='ltr'>mater</span> 
     </span>
     <span class='ocr_line' id='line_1_77' title="bbox 1423 2145 2486 2212; baseline 0.002 -16"><span class='ocrx_word' id='word_1_401' title='bbox 1423 2147 1536 2211; x_wconf 89' lang='lat' dir='ltr'>ejus</span> <span class='ocrx_word' id='word_1_402' title='bbox 1609 2157 1734 2210; x_wconf 91' lang='lat' dir='ltr'>erat,</span> <span class='ocrx_word' id='word_1_403' title='bbox 1777 2147 2081 2212; x_wconf 88' lang='lat' dir='ltr'>putabatur.</span> <span class='ocrx_word' id='word_1_404' title='bbox 2139 2147 2203 2196; x_wconf 85' lang='lat' dir='ltr'>Et</span> <span class='ocrx_word' id='word_1_405' title='bbox 2255 2145 2486 2198; x_wconf 87' lang='lat' dir='ltr'>miratus</span> 
     </span>
     <span class='ocr_line' id='line_1_78' title="bbox 1424 2217 2487 2284; baseline 0.002 -17"><span class='ocrx_word' id='word_1_406' title='bbox 1424 2217 1717 2268; x_wconf 88' lang='lat' dir='ltr'>Nathanael</span> <span class='ocrx_word' id='word_1_407' title='bbox 1745 2219 1890 2284; x_wconf 87' lang='lat' dir='ltr'>quod</span> <span class='ocrx_word' id='word_1_408' title='bbox 1916 2217 2248 2277; x_wconf 62' lang='lat' dir='ltr'>de‘Galilaea,</span> <span class='ocrx_word' id='word_1_409' title='bbox 2276 2234 2381 2267; x_wconf 91' lang='lat' dir='ltr'>non</span> <span class='ocrx_word' id='word_1_410' title='bbox 2419 2218 2487 2269; x_wconf 89' lang='lat' dir='ltr'>de</span> 
     </span>
     <span class='ocr_line' id='line_1_79' title="bbox 1419 2288 2488 2355; baseline 0 -16"><span class='ocrx_word' id='word_1_411' title='bbox 1419 2288 1601 2339; x_wconf 83' lang='lat' dir='ltr'>Judaea</span> <span class='ocrx_word' id='word_1_412' title='bbox 1664 2298 1904 2354; x_wconf 87' lang='lat' dir='ltr'>surgeret</span> <span class='ocrx_word' id='word_1_413' title='bbox 1952 2288 2236 2353; x_wconf 90' lang='lat' dir='ltr'>Propheta,</span> <span class='ocrx_word' id='word_1_414' title='bbox 2264 2297 2317 2338; x_wconf 93' lang='lat' dir='ltr'>et</span> <span class='ocrx_word' id='word_1_415' title='bbox 2356 2288 2488 2355; x_wconf 89' lang='lat' dir='ltr'>quia</span> 
     </span>
     <span class='ocr_line' id='line_1_80' title="bbox 1421 2358 2484 2424; baseline 0.002 -16"><span class='ocrx_word' id='word_1_416' title='bbox 1421 2359 1684 2424; x_wconf 90' lang='lat' dir='ltr'>scriptura</span> <span class='ocrx_word' id='word_1_417' title='bbox 1712 2358 1930 2409; x_wconf 87' lang='lat' dir='ltr'>Micheae</span> <span class='ocrx_word' id='word_1_418' title='bbox 1958 2358 2162 2409; x_wconf 86' lang='lat' dir='ltr'>dixerat</span> <span class='ocrx_word' id='word_1_419' title='bbox 2207 2360 2484 2410; x_wconf 87' lang='lat' dir='ltr'>Christum</span> 
     </span>
     <span class='ocr_line' id='line_1_81' title="bbox 1422 2431 2488 2493; baseline 0.001 -12"><span class='ocrx_word' id='word_1_420' title='bbox 1422 2433 1477 2482; x_wconf 92' lang='lat' dir='ltr'>in</span> <span class='ocrx_word' id='word_1_421' title='bbox 1525 2432 1842 2482; x_wconf 89' lang='lat' dir='ltr'>Bethlehem</span> <span class='ocrx_word' id='word_1_422' title='bbox 1889 2432 2235 2493; x_wconf 88' lang='lat' dir='ltr'>nasciturum,</span> <span class='ocrx_word' id='word_1_423' title='bbox 2292 2431 2367 2482; x_wconf 89' lang='lat' dir='ltr'>ait</span> <span class='ocrx_word' id='word_1_424' title='bbox 2400 2448 2488 2483; x_wconf 85' lang='lat' dir='ltr'>ne-</span> 
     </span>
     <span class='ocr_line' id='line_1_82' title="bbox 1421 2503 2485 2569; baseline 0.001 -16"><span class='ocrx_word' id='word_1_425' title='bbox 1421 2503 1592 2569; x_wconf 86' lang='lat' dir='ltr'>gative</span> <span class='ocrx_word' id='word_1_426' title='bbox 1665 2513 1717 2553; x_wconf 91' lang='lat' dir='ltr'>et</span> <span class='ocrx_word' id='word_1_427' title='bbox 1790 2503 2116 2564; x_wconf 87' lang='lat' dir='ltr'>dubitative,</span> <span class='ocrx_word' id='word_1_428' title='bbox 2187 2503 2485 2554; x_wconf 89' lang='lat' dir='ltr'>secundum</span> 
     </span>
     <span class='ocr_line' id='line_1_83' title="bbox 1422 2574 2487 2643; baseline 0.002 -18"><span class='ocrx_word' id='word_1_429' title='bbox 1422 2576 1863 2643; x_wconf 81' lang='lat' dir='ltr'>Chrysostomum</span> <span class='ocrx_word' id='word_1_430' title='bbox 1886 2576 1965 2626; x_wconf 84' lang='lat' dir='ltr'>:A</span> <span class='ocrx_word' id='word_1_431' title='bbox 1993 2574 2277 2642; x_wconf 62' lang='lat' dir='ltr'>Nazareth</span> <span class='ocrx_word' id='word_1_432' title='bbox 2305 2581 2487 2641; x_wconf 83' lang='lat' dir='ltr'>potest</span> 
     </span>
     <span class='ocr_line' id='line_1_84' title="bbox 1419 2643 2484 2712; baseline 0.002 -17"><span class='ocrx_word' id='word_1_433' title='bbox 1419 2645 1625 2712; x_wconf 82' lang='lat' dir='ltr'>aliquid</span> <span class='ocrx_word' id='word_1_434' title='bbox 1661 2646 1782 2696; x_wconf 87' lang='lat' dir='ltr'>boni</span> <span class='ocrx_word' id='word_1_435' title='bbox 1818 2643 1981 2695; x_wconf 76' lang='lat' dir='ltr'>esse?</span> <span class='ocrx_word' id='word_1_436' title='bbox 2031 2645 2197 2705; x_wconf 87' lang='lat' dir='ltr'>Quasi</span> <span class='ocrx_word' id='word_1_437' title='bbox 2244 2644 2484 2697; x_wconf 87' lang='lat' dir='ltr'>diceret:</span> 
     </span>
     <span class='ocr_line' id='line_1_85' title="bbox 1421 2718 2485 2785; baseline 0 -16"><span class='ocrx_word' id='word_1_438' title='bbox 1421 2720 1561 2770; x_wconf 90' lang='lat' dir='ltr'>Non.</span> <span class='ocrx_word' id='word_1_439' title='bbox 1589 2719 1686 2769; x_wconf 91' lang='lat' dir='ltr'>Vel</span> <span class='ocrx_word' id='word_1_440' title='bbox 1717 2719 1845 2785; x_wconf 90' lang='lat' dir='ltr'>quia</span> <span class='ocrx_word' id='word_1_441' title='bbox 1887 2719 2005 2778; x_wconf 91' lang='lat' dir='ltr'>iste,</span> <span class='ocrx_word' id='word_1_442' title='bbox 2060 2718 2216 2784; x_wconf 88' lang='lat' dir='ltr'>Legis</span> <span class='ocrx_word' id='word_1_443' title='bbox 2262 2719 2485 2785; x_wconf 81' lang='lat' dir='ltr'>peritus,</span> 
     </span>
     <span class='ocr_line' id='line_1_86' title="bbox 1420 2791 2487 2859; baseline 0 -17"><span class='ocrx_word' id='word_1_444' title='bbox 1420 2793 1615 2858; x_wconf 87' lang='lat' dir='ltr'>legerat</span> <span class='ocrx_word' id='word_1_445' title='bbox 1664 2791 1720 2842; x_wconf 90' lang='lat' dir='ltr'>in</span> <span class='ocrx_word' id='word_1_446' title='bbox 1763 2792 2027 2857; x_wconf 87' lang='lat' dir='ltr'>Propheta</span> <span class='ocrx_word' id='word_1_447' title='bbox 2079 2791 2185 2857; x_wconf 83' lang='lat' dir='ltr'>alio</span> <span class='ocrx_word' id='word_1_448' title='bbox 2228 2808 2241 2841; x_wconf 91' lang='lat'><strong>:</strong></span> <span class='ocrx_word' id='word_1_449' title='bbox 2289 2792 2487 2859; x_wconf 63' lang='lat' dir='ltr'>Naza—</span> 
     </span>
     <span class='ocr_line' id='line_1_87' title="bbox 1417 2860 2483 2927; baseline 0 -15"><span class='ocrx_word' id='word_1_450' title='bbox 1417 2876 1570 2923; x_wconf 60' lang='lat' dir='ltr'>raeus</span> <span class='ocrx_word' id='word_1_451' title='bbox 1607 2862 1896 2924; x_wconf 83' lang='lat' dir='ltr'>vocabitur,</span> <span class='ocrx_word' id='word_1_452' title='bbox 1951 2871 2003 2911; x_wconf 89' lang='lat' dir='ltr'>et</span> <span class='ocrx_word' id='word_1_453' title='bbox 2049 2860 2203 2927; x_wconf 89' lang='lat' dir='ltr'>signa</span> <span class='ocrx_word' id='word_1_454' title='bbox 2262 2860 2483 2912; x_wconf 90' lang='lat' dir='ltr'>Domini</span> 
     </span>
     <span class='ocr_line' id='line_1_88' title="bbox 1416 2934 2483 2999; baseline -0.001 -16"><span class='ocrx_word' id='word_1_455' title='bbox 1416 2935 1677 2985; x_wconf 89' lang='lat' dir='ltr'>adventus</span> <span class='ocrx_word' id='word_1_456' title='bbox 1722 2934 1858 2984; x_wconf 89' lang='lat' dir='ltr'>forte</span> <span class='ocrx_word' id='word_1_457' title='bbox 1927 2943 2196 2984; x_wconf 87' lang='lat' dir='ltr'>notaverat</span> <span class='ocrx_word' id='word_1_458' title='bbox 2206 2948 2221 2996; x_wconf 90' lang='lat'>;</span> <span class='ocrx_word' id='word_1_459' title='bbox 2266 2934 2483 2999; x_wconf 90' lang='lat' dir='ltr'>quando</span> 
     </span>
     <span class='ocr_line' id='line_1_89' title="bbox 1417 3002 2482 3071; baseline 0.001 -18"><span class='ocrx_word' id='word_1_460' title='bbox 1417 3004 1583 3070; x_wconf 89' lang='lat' dir='ltr'>igitur</span> <span class='ocrx_word' id='word_1_461' title='bbox 1631 3004 1832 3055; x_wconf 89' lang='lat' dir='ltr'>audivit</span> <span class='ocrx_word' id='word_1_462' title='bbox 1871 3019 1906 3054; x_wconf 92' lang='lat' dir='ltr'>a</span> <span class='ocrx_word' id='word_1_463' title='bbox 1962 3002 2259 3071; x_wconf 61' lang='lat' dir='ltr'>Nazareth,</span> <span class='ocrx_word' id='word_1_464' title='bbox 2302 3002 2482 3054; x_wconf 87' lang='lat' dir='ltr'>statim</span> 
     </span>
     <span class='ocr_line' id='line_1_90' title="bbox 1416 3074 2486 3140; baseline 0 -16"><span class='ocrx_word' id='word_1_465' title='bbox 1416 3085 1617 3125; x_wconf 90' lang='lat' dir='ltr'>erectus</span> <span class='ocrx_word' id='word_1_466' title='bbox 1641 3076 1698 3126; x_wconf 92' lang='lat' dir='ltr'>in</span> <span class='ocrx_word' id='word_1_467' title='bbox 1728 3091 1822 3140; x_wconf 91' lang='lat' dir='ltr'>spe</span> <span class='ocrx_word' id='word_1_468' title='bbox 1849 3075 2022 3125; x_wconf 91' lang='lat' dir='ltr'>dicere</span> <span class='ocrx_word' id='word_1_469' title='bbox 2044 3074 2272 3133; x_wconf 88' lang='lat' dir='ltr'>volebat,</span> <span class='ocrx_word' id='word_1_470' title='bbox 2296 3089 2486 3125; x_wconf 88' lang='lat' dir='ltr'>secun·</span> 
     </span>
     <span class='ocr_line' id='line_1_91' title="bbox 1416 3145 2483 3220; baseline 0.001 -24"><span class='ocrx_word' id='word_1_471' title='bbox 1416 3147 1566 3220; x_wconf 57' lang='lat' dir='ltr'>dum·</span> <span class='ocrx_word' id='word_1_472' title='bbox 1607 3147 1996 3212; x_wconf 70' lang='lat' dir='ltr'>Aug-ustitiam,</span> <span class='ocrx_word' id='word_1_473' title='bbox 2049 3145 2360 3196; x_wconf 84' lang='lat' dir='ltr'>affirmative</span> <span class='ocrx_word' id='word_1_474' title='bbox 2429 3157 2483 3197; x_wconf 86' lang='lat' dir='ltr'>et</span> 
     </span>
     <span class='ocr_line' id='line_1_92' title="bbox 1415 3216 2484 3282; baseline -0.001 -15"><span class='ocrx_word' id='word_1_475' title='bbox 1415 3217 1687 3273; x_wconf 81' lang='lat' dir='ltr'>assertive,</span> <span class='ocrx_word' id='word_1_476' title='bbox 1724 3232 1867 3267; x_wconf 91' lang='lat' dir='ltr'>nunc</span> <span class='ocrx_word' id='word_1_477' title='bbox 1896 3218 2110 3266; x_wconf 87' lang='lat' dir='ltr'>tandem</span> <span class='ocrx_word' id='word_1_478' title='bbox 2139 3231 2174 3266; x_wconf 95' lang='lat' dir='ltr'>a</span> <span class='ocrx_word' id='word_1_479' title='bbox 2198 3216 2484 3282; x_wconf 62' lang='lat' dir='ltr'>Nazareth</span> 
     </span>
     <span class='ocr_line' id='line_1_93' title="bbox 1409 3288 2484 3356; baseline -0.001 -15"><span class='ocrx_word' id='word_1_480' title='bbox 1409 3296 1587 3356; x_wconf 88' lang='lat' dir='ltr'>potest</span> <span class='ocrx_word' id='word_1_481' title='bbox 1619 3289 1828 3355; x_wconf 71' lang='lat' dir='ltr'>aliquid</span> <span class='ocrx_word' id='word_1_482' title='bbox 1884 3289 2005 3340; x_wconf 83' lang='lat' dir='ltr'>boni</span> <span class='ocrx_word' id='word_1_483' title='bbox 2049 3304 2183 3340; x_wconf 86' lang='lat' dir='ltr'>esse.</span> <span class='ocrx_word' id='word_1_484' title='bbox 2248 3289 2314 3339; x_wconf 91' lang='lat' dir='ltr'>Et</span> <span class='ocrx_word' id='word_1_485' title='bbox 2354 3288 2484 3355; x_wconf 90' lang='lat' dir='ltr'>quia</span> 
     </span>
     <span class='ocr_line' id='line_1_94' title="bbox 1416 3359 2479 3427; baseline -0.001 -17"><span class='ocrx_word' id='word_1_486' title='bbox 1416 3360 1702 3426; x_wconf 90' lang='lat' dir='ltr'>Philippus</span> <span class='ocrx_word' id='word_1_487' title='bbox 1731 3376 1841 3410; x_wconf 93' lang='lat' dir='ltr'>non</span> <span class='ocrx_word' id='word_1_488' title='bbox 1875 3370 1986 3410; x_wconf 90' lang='lat' dir='ltr'>erat</span> <span class='ocrx_word' id='word_1_489' title='bbox 2014 3359 2086 3410; x_wconf 92' lang='lat' dir='ltr'>ita</span> <span class='ocrx_word' id='word_1_490' title='bbox 2128 3359 2352 3427; x_wconf 89' lang='lat' dir='ltr'>perfecte</span> <span class='ocrx_word' id='word_1_491' title='bbox 2387 3359 2479 3409; x_wconf 91' lang='lat' dir='ltr'>in·-</span> 
     </span>
     <span class='ocr_line' id='line_1_95' title="bbox 1414 3431 2481 3495; baseline -0.001 -12"><span class='ocrx_word' id='word_1_492' title='bbox 1414 3442 1667 3495; x_wconf 90' lang='lat' dir='ltr'>structus,</span> <span class='ocrx_word' id='word_1_493' title='bbox 1707 3442 1759 3481; x_wconf 90' lang='lat' dir='ltr'>et</span> <span class='ocrx_word' id='word_1_494' title='bbox 1791 3432 1911 3482; x_wconf 92' lang='lat' dir='ltr'>ideo</span> <span class='ocrx_word' id='word_1_495' title='bbox 1957 3432 2110 3483; x_wconf 84' lang='lat' dir='ltr'>duxit</span> <span class='ocrx_word' id='word_1_496' title='bbox 2158 3447 2282 3483; x_wconf 89' lang='lat' dir='ltr'>eum</span> <span class='ocrx_word' id='word_1_497' title='bbox 2310 3431 2377 3482; x_wconf 92' lang='lat' dir='ltr'>ad</span> <span class='ocrx_word' id='word_1_498' title='bbox 2400 3433 2481 3482; x_wconf 86' lang='lat' dir='ltr'>Je-</span> 
     </span>
     <span class='ocr_line' id='line_1_96' title="bbox 1413 3503 2476 3570; baseline -0.003 -15"><span class='ocrx_word' id='word_1_499' title='bbox 1413 3521 1555 3565; x_wconf 89' lang='lat' dir='ltr'>sum,</span> <span class='ocrx_word' id='word_1_500' title='bbox 1606 3514 1667 3556; x_wconf 92' lang='lat' dir='ltr'>ut</span> <span class='ocrx_word' id='word_1_501' title='bbox 1721 3505 1788 3554; x_wconf 89' lang='lat' dir='ltr'>ab</span> <span class='ocrx_word' id='word_1_502' title='bbox 1833 3503 1928 3554; x_wconf 87' lang='lat' dir='ltr'>illo</span> <span class='ocrx_word' id='word_1_503' title='bbox 1978 3503 2191 3570; x_wconf 86' lang='lat' dir='ltr'>plenius</span> <span class='ocrx_word' id='word_1_504' title='bbox 2237 3503 2476 3566; x_wconf 83' lang='lat' dir='ltr'>audiret3</span> 
     </span>
     <span class='ocr_line' id='line_1_97' title="bbox 1414 3573 2482 3643; baseline -0.002 -17"><span class='ocrx_word' id='word_1_505' title='bbox 1414 3586 1631 3641; x_wconf 87' lang='lat' dir='ltr'>propter</span> <span class='ocrx_word' id='word_1_506' title='bbox 1680 3576 1824 3642; x_wconf 91' lang='lat' dir='ltr'>quod</span> <span class='ocrx_word' id='word_1_507' title='bbox 1900 3575 2143 3643; x_wconf 90' lang='lat' dir='ltr'>sequitur</span> <span class='ocrx_word' id='word_1_508' title='bbox 2189 3591 2204 3625; x_wconf 71' lang='grc' dir='ltr'>ς</span> <span class='ocrx_word' id='word_1_509' title='bbox 2246 3574 2397 3625; x_wconf 86' lang='lat' dir='ltr'>Dicit</span> <span class='ocrx_word' id='word_1_510' title='bbox 2430 3573 2482 3624; x_wconf 89' lang='lat' dir='ltr'>ei</span> 
     </span>
     <span class='ocr_line' id='line_1_98' title="bbox 1412 3646 2477 3713; baseline -0.001 -15"><span class='ocrx_word' id='word_1_511' title='bbox 1412 3648 1698 3713; x_wconf 85' lang='lat' dir='ltr'>Philippus</span> <span class='ocrx_word' id='word_1_512' title='bbox 1724 3665 1741 3698; x_wconf 90' lang='grc'>.·</span> <span class='ocrx_word' id='word_1_513' title='bbox 1778 3648 1907 3698; x_wconf 89' lang='lat' dir='ltr'>Veni</span> <span class='ocrx_word' id='word_1_514' title='bbox 1934 3654 1986 3699; x_wconf 86' lang='lat' dir='ltr'>et</span> <span class='ocrx_word' id='word_1_515' title='bbox 2022 3647 2158 3709; x_wconf 85' lang='lat' dir='ltr'>vide,</span> <span class='ocrx_word' id='word_1_516' title='bbox 2194 3646 2250 3696; x_wconf 93' lang='lat' dir='ltr'>id</span> <span class='ocrx_word' id='word_1_517' title='bbox 2303 3656 2383 3697; x_wconf 92' lang='lat' dir='ltr'>est</span> <span class='ocrx_word' id='word_1_518' title='bbox 2410 3646 2477 3697; x_wconf 87' lang='lat' dir='ltr'>ab</span> 
     </span>
     <span class='ocr_line' id='line_1_99' title="bbox 1410 3716 2475 3785; baseline -0.003 -16"><span class='ocrx_word' id='word_1_519' title='bbox 1410 3734 1473 3769; x_wconf 91' lang='lat' dir='ltr'>eo</span> <span class='ocrx_word' id='word_1_520' title='bbox 1503 3718 1733 3779; x_wconf 89' lang='lat' dir='ltr'>addisce,</span> <span class='ocrx_word' id='word_1_521' title='bbox 1773 3732 1867 3785; x_wconf 89' lang='lat' dir='ltr'>per</span> <span class='ocrx_word' id='word_1_522' title='bbox 1894 3718 2323 3783; x_wconf 84' lang='lat' dir='ltr'>experimentum</span> <span class='ocrx_word' id='word_1_523' title='bbox 2359 3716 2475 3767; x_wconf 87' lang='lat' dir='ltr'>vir-</span> 
     </span>
     <span class='ocr_line' id='line_1_100' title="bbox 1411 3785 2476 3855; baseline -0.005 -16"><span class='ocrx_word' id='word_1_524' title='bbox 1411 3788 1560 3853; x_wconf 89' lang='lat' dir='ltr'>tutis,</span> <span class='ocrx_word' id='word_1_525' title='bbox 1608 3805 1728 3855; x_wconf 86' lang='lat' dir='ltr'>quae</span> <span class='ocrx_word' id='word_1_526' title='bbox 1766 3799 1846 3839; x_wconf 90' lang='lat' dir='ltr'>est</span> <span class='ocrx_word' id='word_1_527' title='bbox 1875 3788 1930 3839; x_wconf 92' lang='lat' dir='ltr'>in</span> <span class='ocrx_word' id='word_1_528' title='bbox 1964 3788 2099 3855; x_wconf 82' lang='lat' dir='ltr'>ipso,</span> <span class='ocrx_word' id='word_1_529' title='bbox 2143 3788 2211 3838; x_wconf 91' lang='lat' dir='ltr'>Et</span> <span class='ocrx_word' id='word_1_530' title='bbox 2253 3785 2476 3838; x_wconf 82' lang='lat' dir='ltr'>adduxit</span> 
     </span>
    </p>
   </div>
   <div class='ocr_carea' id='block_1_9' title="bbox 1397 3855 2473 3925">
    <p class='ocr_par' dir='ltr' id='par_1_11' title="bbox 1397 3855 2473 3925">
     <span class='ocr_line' id='line_1_101' title="bbox 1397 3855 2473 3925; baseline -0.005 -15"><span class='ocrx_word' id='word_1_531' title='bbox 1397 3875 1533 3910; x_wconf 86' lang='lat' dir='ltr'>eum</span> <span class='ocrx_word' id='word_1_532' title='bbox 1579 3860 1861 3925; x_wconf 88' lang='lat' dir='ltr'>Philippus</span> <span class='ocrx_word' id='word_1_533' title='bbox 1890 3860 1954 3910; x_wconf 94' lang='lat' dir='ltr'>ad</span> <span class='ocrx_word' id='word_1_534' title='bbox 1982 3860 2185 3917; x_wconf 84' lang='lat' dir='ltr'>Jesum,</span> <span class='ocrx_word' id='word_1_535' title='bbox 2233 3867 2295 3909; x_wconf 91' lang='lat' dir='ltr'>ut</span> <span class='ocrx_word' id='word_1_536' title='bbox 2342 3855 2473 3906; x_wconf 91' lang='lat' dir='ltr'>dicit</span> 
     </span>
    </p>
   </div>
   <div class='ocr_carea' id='block_1_10' title="bbox 1411 3927 2472 4000">
    <p class='ocr_par' dir='ltr' id='par_1_12' title="bbox 1411 3927 2472 4000">
     <span class='ocr_line' id='line_1_102' title="bbox 1411 3927 2472 4000; baseline -0.003 -19"><span class='ocrx_word' id='word_1_537' title='bbox 1411 3930 1859 4000; x_wconf 74' lang='lat' dir='ltr'>chrysostomus5</span> <span class='ocrx_word' id='word_1_538' title='bbox 1891 3930 2057 3981; x_wconf 88' lang='lat' dir='ltr'>trahit</span> <span class='ocrx_word' id='word_1_539' title='bbox 2085 3927 2307 3995; x_wconf 88' lang='lat' dir='ltr'>quidem</span> <span class='ocrx_word' id='word_1_540' title='bbox 2348 3941 2472 3979; x_wconf 87' lang='lat' dir='ltr'>eum</span> 
     </span>
    </p>
   </div>
  </div>
 </body>
</html>
