2784 4452
783 207 876 258 DE
908 206 1497 258 DESPONSATIONE
1527 208 1793 259 MARIAE.
2346 212 2412 263 31

190 339 279 390 per
328 334 377 374 et
421 323 534 373 sine
583 338 716 388 ruga
731 338 746 385 ;
811 323 963 387 cujus
1016 321 1245 388 virginis

186 409 371 444 sumus
424 393 521 442 filii
577 392 634 443 in
682 391 788 442 fide
841 393 968 442 Jesu
1020 391 1245 453 Christi,

184 465 328 532 quia,
370 464 666 515 secundum
714 465 975 514 Lenonem
1005 465 1204 530 Papam
1231 502 1246 522 ‚

186 553 290 604 quo
337 537 530 604 spiritu
571 538 637 586 de
681 536 927 602 Virginis
964 547 1119 588 utero
1151 552 1248 587 na·-

187 611 347 662 scitur
363 611 631 671 Christu5‚
656 611 759 660 hoc
787 611 853 660 de
869 610 1116 663 Ecclesiae
1135 620 1250 661 ute-

183 697 242 732 ro
264 681 496 732 nascitur
528 680 890 732 Christianus.

247 767 309 801 10
368 753 549 801 MAmA
589 767 696 799 cun
735 766 906 801 ranno
958 746 1250 801 NuPsEmr?

182 839 403 882 musone
428 838 657 874 Ficum.
676 851 737 860 —
772 823 895 873 Ideo
921 832 1120 885 autem,
1158 839 1251 874 se·-

184 890 410 948 cundum
444 897 909 964 Chrysostomum,
942 897 1094 947 beata
1136 899 1250 946 Ma·-

182 967 260 1019 ria
297 968 445 1018 fabro
487 966 720 1033 lignario
761 967 1084 1037 desponsata
1126 967 1248 1029 fuit,

187 1037 310 1104 quia
333 1038 584 1090 Christus
605 1037 856 1089 Ecclesiae
883 1053 1116 1103 sponsus
1140 1055 1251 1088 om·

182 1111 334 1162 nium
382 1112 609 1161 salutem
671 1127 764 1176 per
815 1111 1028 1176 lignum
1079 1113 1250 1163 crucis

180 1182 381 1248 operari
417 1181 674 1245 debebat3
711 1192 764 1231 et
796 1183 1093 1232 secundum
1128 1185 1250 1234 Au-

178 1254 468 1320 gustinum,
531 1252 783 1303 Christus
842 1254 1111 1304 nascendo
1179 1254 1249 1304 de

176 1335 363 1389 matre,
407 1340 530 1390 quae
580 1323 731 1374 fabro
766 1325 1087 1390 desponsata
1117 1336 1246 1387 erat,

172 1409 393 1445 omnem
442 1394 670 1444 carnalis
718 1394 1020 1444 nobilitatis
1061 1404 1249 1445 tumo-

172 1482 287 1518 rem
321 1466 569 1517 extinxit.
598 1467 724 1516 Haec
763 1465 866 1516 fuit
914 1465 1251 1533 praefigurata

173 1553 268 1604 per
298 1537 573 1603 virginem
619 1537 824 1599 Saram,
876 1537 1134 1602 Raguelis
1178 1536 1250 1588 fi-

168 1608 320 1668 liam,
359 1606 553 1656 Tobiae
584 1606 979 1671 desponsatam,
1013 1622 1138 1672 quae
1182 1610 1250 1660 ab

170 1677 329 1728 omni
359 1675 798 1741 concupiscentia
834 1678 1096 1728 mundam
1132 1693 1249 1730 ser-

168 1747 318 1799 vavit
347 1747 617 1808 animam3
669 1747 841 1796 multo
875 1748 1049 1813 magis
1085 1749 1252 1799 Maria

172 1817 376 1882 loseph
422 1808 767 1882 desponsata}
810 1833 935 1882 quae
981 1818 1134 1884 virgo
1191 1819 1249 1869 in

172 1898 437 1939 aeternum
506 1887 805 1952 permansit
872 1889 1248 1942 immaculata.

172 1963 532 2028 eomparatur
558 1961 720 2011 etiam
746 1962 897 2030 virgo
923 1964 1091 2014 Maria
1114 1964 1249 2015 turri

173 2035 513 2096 fortissimae‚
562 2051 685 2101 quae
740 2037 1014 2087 dicebatur
1067 2038 1248 2100 Bari·S‚

170 2120 323 2172 quae,
350 2116 411 2156 ut
434 2105 492 2156 in
517 2105 845 2157 Scholastica
878 2107 1117 2159 Historia
1159 2109 1250 2158 di-

174 2177 335 2239 citur,
390 2177 606 2226 duobus
661 2179 976 2230 custodibus
1033 2179 1249 2231 defendi

170 2261 385 2319 poterat
405 2252 476 2302 ab
497 2252 757 2303 omnibus
780 2254 1112 2319 viventibus3
1139 2266 1248 2306 tam

171 2322 476 2373 fortissima
515 2332 569 2372 et
612 2322 947 2375 invincibilis
971 2325 1077 2376 fuit
1096 2325 1250 2392 virgo

1357 321 1520 372 etiam
1544 333 1882 388 comparatur
1905 325 2038 374 turri
2073 326 2260 391 David,
2302 344 2422 394 quae

1355 393 1568 443 munita
1597 405 1707 445 erat
1732 394 1882 445 mille
1907 396 2124 461 clypeiS,
2152 398 2246 463 qui
2271 398 2338 447 de
2364 414 2425 449 ea

1354 464 1728 529 dependebant
1760 481 1775 528 ;
1838 466 1965 531 quia
2010 467 2159 517 mille
2201 467 2427 520 virtutes

1348 544 1410 585 et
1430 535 1604 584 multo
1628 537 1808 600 plures
1833 536 1890 585 in
1903 537 2070 586 Maria
2082 541 2426 602 apparebant,

1355 606 1559 672 quibus
1583 606 1692 657 vita
1712 608 1826 672 ejus
1852 607 2060 657 munita
2087 618 2197 658 erat
2221 609 2279 659 in
2301 621 2427 661 tan-

1355 685 1494 741 tum,
1521 678 1666 743 quod
1686 676 1876 727 omnes
1904 677 2225 728 tentationes
2242 691 2293 730 et
2315 697 2428 746 pec·

1356 758 1471 799 cata
1503 750 1788 814 superabat
1821 767 1836 799 ι
1870 759 1920 799 et
1965 766 2074 799 non
2108 751 2286 800 solum
2325 753 2428 804 hoc

1355 835 1386 870 a
1433 835 1509 881 se,
1556 820 1649 870 sed
1695 821 1859 870 etiam
1906 822 1973 871 ab
2022 822 2161 885 aliis,
2200 823 2426 888 gratiam

1355 906 1511 941 suam
1533 891 1887 956 infundendO,
1940 894 2242 959 repellebat.
2292 896 2428 946 Con-

1355 961 1531 1012 sidera
1568 963 1731 1012 modo
1753 974 1967 1028 quantae
1989 974 2111 1014 ante
2136 965 2275 1014 hanc
2298 965 2426 1016 bea-

1355 1041 1467 1081 tam
1492 1033 1794 1099 Virginem,
1820 1045 1873 1084 et
1891 1035 2052 1085 etiam
2069 1047 2281 1102 quantae
2308 1047 2429 1102 post

1354 1120 1475 1156 eam
1522 1107 1777 1158 mulieres
1806 1118 1858 1158 et
1904 1109 2141 1174 virgines
2184 1110 2385 1160 fuerint
2412 1129 2428 1162 ι

1355 1179 1469 1230 haec
1503 1189 1684 1230 tamen
1710 1181 1823 1230 sola
1853 1191 2022 1231 mater
2062 1183 2283 1232 Domini
2311 1183 2427 1234 fieri

1356 1250 1571 1300 meruit.
1627 1252 1820 1317 Magna
1865 1253 2012 1301 enim
2050 1263 2102 1302 et
2138 1253 2429 1305 ineffabilis

1355 1321 1524 1386 gratia
1546 1331 1645 1385 est,
1672 1333 1733 1372 ut
1756 1338 1865 1372 una
1889 1338 1955 1372 ex
1983 1323 2148 1373 tantis
2183 1323 2428 1375 millibus

1354 1391 1600 1456 eligatur.
1663 1392 1787 1441 Ideo
1850 1402 2036 1455 autem·
2078 1409 2185 1458 prae
2240 1395 2430 1446 ceteris

1354 1465 1521 1514 electa
1544 1462 1664 1524 fuit,
1694 1464 1824 1529 quia
1848 1480 2039 1541 omnes
2060 1465 2193 1516 alias
2225 1468 2431 1518 sancti-

1353 1545 1463 1586 tate
1516 1537 1828 1602 praecelluit.
1894 1539 2050 1588 Unde
2094 1540 2381 1592 Anselmus
2414 1559 2432 1591 ε

1354 1624 1385 1653 α
1408 1608 1540 1657 Earn
1557 1608 1745 1668 solam,
1765 1616 2015 1659 scrutans
2027 1611 2195 1660 corda
2210 1617 2261 1660 et
2278 1625 2432 1662 renes

1355 1678 1524 1741 Deus,
1551 1693 1617 1728 ex
1654 1680 1912 1730 omnibus
1947 1680 2253 1746 virginibus
2296 1698 2433 1747 quas

1356 1748 1598 1814 capiebat
1622 1751 1861 1800 mundus
1894 1750 2056 1816 elegit
2091 1760 2143 1800 et
2185 1752 2429 1818 sacravit,

1354 1829 1419 1869 ut
1489 1819 1755 1870 habitaret
1811 1821 1869 1870 in
1944 1836 2006 1871 ea
2059 1822 2428 1886 corporaliter,

1356 1905 1523 1955 quam
1565 1891 1674 1955 jam
1712 1891 1919 1956 pridem
1953 1893 2166 1957 plenam
2211 1893 2431 1943 virtuti-

1357 1962 1462 2012 bus
1512 1962 1742 2028 fovebat,
1797 1975 1850 2015 et
1902 1964 2432 2030 circumplectebatur

1357 2033 1729 2098 spiritualiter.
1778 2035 1955 2099 Ipsam
2011 2045 2190 2085 autem
2240 2050 2431 2087 omnes

1357 2103 1614 2154 mulieres
1633 2105 1912 2156 sanctitate
1923 2107 2305 2170 praecelluisse,
2322 2121 2430 2171 pu·-

1356 2182 1414 2224 to
1440 2175 1586 2241 quod
1610 2175 1877 2242 intelligit,
1913 2177 2007 2243 qui
2033 2175 2429 2226 animadvertit.

1358 2246 1499 2296 Nam
1524 2248 1642 2297 aliae
1673 2248 1895 2313 quidem
1929 2259 2104 2313 partes
2136 2247 2428 2313 gratiarum

1358 2326 1703 2380 meruerunt3
1757 2317 1875 2383 ipsa
1912 2327 2091 2367 autem
2109 2318 2275 2384 plena
2300 2333 2430 2385 gra-

1357 2387 1454 2449 tia,
1480 2388 1547 2437 ab
1571 2389 1780 2454 Angelo
1803 2389 2099 2439 salutatur:
2125 2408 2153 2436 n
2183 2389 2296 2440 haec
2323 2391 2431 2441 An·

172 2392 366 2456 Maria,
399 2394 553 2458 cujus
575 2404 756 2444 custos
801 2396 1100 2461 praecipuus
1141 2406 1251 2447 erat

1356 2458 1573 2510 selum.

176 2462 322 2515 Deus
362 2472 563 2514 aeterna
608 2465 887 2530 sapientia.
934 2467 1102 2531 Cujus
1140 2467 1250 2518 vita

1172 2645 1446 2698 ORATIO

247 2811 425 2873 Salve,
467 2811 622 2878 virga
648 2814 800 2863 Jesse
826 2814 1017 2865 florida
1046 2826 1103 2867 et
1128 2816 1421 2880 fructifera,
1464 2819 1636 2870 Maria
1665 2818 1818 2885 virgo
1859 2819 2186 2881 beatissima,
2227 2820 2295 2869 de
2325 2835 2433 2887 qua

185 2883 387 2935 unicus
416 2883 511 2934 ille
545 2894 602 2935 et
642 2884 934 2951 singularis
970 2887 1071 2938 flos
1122 2898 1175 2939 et
1204 2889 1414 2941 fructus
1443 2890 1663 2957 prodiit,
1705 2892 1852 2941 unde
1878 2892 2142 2942 virtutum
2171 2891 2432 2957 spiritua-

181 2957 327 3008 lium
358 2972 580 3023 germen
614 2959 793 3024 erupit
829 2977 842 3009 z
878 2960 980 3011 flos
1005 2963 1394 3014 suavissimum
1424 2965 1678 3016 emittens
1703 2967 1942 3026 odorem-⁴,
1969 2966 2173 3016 fructus
2196 2967 2433 3033 sapidis-

182 3030 383 3091 simuS,
408 3031 713 3088 immittens
731 3032 1033 3098 dulcorem3
1062 3034 1181 3099 flos,
1204 3038 1359 3102 cujus
1382 3038 1598 3089 bonitas
1618 3039 1835 3105 expellit
1848 3040 2179 3102 moestitiam,
2206 3040 2431 3103 fructuS,

183 3103 349 3169 cujus
378 3103 596 3153 satietas
622 3104 836 3169 plenam
860 3106 954 3156 dat
984 3106 1246 3159 laetitiam.
1272 3109 1563 3160 Benedicta
1589 3110 1740 3176 virga
1759 3112 1824 3161 de
1846 3112 2021 3161 radice
2043 3112 2219 3163 Jesse!
2259 3114 2435 3168 Bene-

187 3175 369 3227 dictus
402 3175 522 3238 flos,
559 3178 657 3243 qui
701 3178 767 3227 de
804 3179 899 3229 tali
936 3180 1115 3230 radice
1156 3181 1435 3233 ascendit!
1485 3183 1770 3233 Benedicta
1804 3186 1980 3246 arbor,
2030 3185 2344 3237 benedictus
2382 3195 2435 3236 et

183 3246 398 3298 arboris
424 3246 662 3299 fructus!
689 3250 809 3299 Tuo
841 3264 968 3315 ergo
1001 3250 1135 3301 flore
1172 3265 1262 3302 me
1300 3266 1507 3315 reenea3
1555 3263 1649 3303 tuo
1676 3253 1852 3305 fructu
1904 3256 1972 3307 ab
2018 3257 2168 3308 omni
2216 3255 2434 3311 miseria

186 3331 275 3369 me
315 3317 504 3381 libera,
549 3319 720 3385 Virgo
745 3320 929 3384 Maria,
956 3321 1018 3373 in
1045 3330 1307 3376 ueternum
1336 3321 1636 3377 benedicta.
1666 3325 1859 3380 Amen.
1954 3334 1963 3342 ‘
