2784 4452
606 308 701 359 DE
728 307 976 359 scama
997 290 1281 361 DoLoSo
1315 311 1409 362 ET
1435 310 1719 365 Duossus
1750 313 1945 366 Ams,

151 429 301 474 retro
327 427 452 472 sunt
477 421 810 484 obliviscenS,
842 422 995 488 quasi
1023 423 1215 474 Domi-

150 510 254 545 nus
282 495 423 545 dicat
444 493 492 543 ei
519 511 533 544 ε
563 494 729 545 Vocat
751 504 804 545 te
832 495 1047 556 Oriens,
1075 505 1128 547 et
1158 506 1216 547 tu

149 565 383 616 attendis
424 565 490 614 ad
530 565 910 617 Occidentem!
947 568 1048 619 Hic
1090 585 1217 634 ergo

151 645 457 686 removetur
529 635 738 686 inutilis
813 637 1021 703 dilatio,
1091 638 1219 704 quia

152 721 278 757 cum
346 705 685 773 propositum
754 708 998 758 mutandi
1052 707 1218 758 vitam

151 776 465 843 parentibus
487 778 769 838 revelatur,
803 779 1126 845 quandoque
1152 779 1220 828 ab

152 850 230 899 eis
271 859 561 899 revocatur.
610 851 802 899 Arator
842 849 1045 916 quippe
1078 859 1220 900 retro

151 920 421 986 aspiciens
447 919 574 969 facit
597 921 807 970 sulcum
839 930 1141 971 tortuosum
1171 929 1223 970 et

154 992 399 1057 ineptum
429 1006 444 1054 ;
519 990 597 1041 sic
661 990 925 1058 accipiens
983 991 1225 1041 melioris

155 1063 284 1113 vitae
317 1073 531 1122 statum,
567 1072 619 1112 et
633 1063 843 1114 'habens
871 1063 1117 1114 affectum
1152 1079 1228 1113 re-

158 1135 361 1187 deundi
379 1136 443 1185 ad
465 1145 663 1185 statum
684 1135 993 1200 pristinum,
1011 1135 1227 1200 ineptus

158 1220 242 1261 est
281 1210 343 1260 ad
392 1225 617 1276 regnum
656 1210 752 1260 Dei
802 1209 1224 1276 adipiscendum.

162 1283 314 1334 Talis
356 1293 436 1333 est
482 1282 763 1348 religiosus
809 1284 903 1349 qui
958 1283 1225 1333 mundum

161 1352 419 1419 reliquit,
471 1353 564 1402 sed
618 1353 683 1403 ad
732 1354 999 1403 mundum
1054 1363 1229 1403 mente

160 1423 415 1483 recurrit,
451 1438 596 1472 nunc
624 1423 751 1482 hoS,
783 1439 928 1473 nunc
954 1423 1104 1487 illos,
1134 1438 1229 1473 seu

162 1494 317 1559 prius
357 1492 539 1542 habita
573 1493 655 1542 vel
693 1491 826 1543 facta
862 1492 920 1542 in
960 1493 1117 1543 corde
1141 1508 1230 1542 re-

160 1563 451 1623 volvend0‚
496 1571 548 1612 et
584 1578 822 1612 amorem
868 1578 963 1613 seu
1002 1563 1232 1613 delecta-

159 1635 369 1685 tionem
436 1635 501 1684 ad
566 1634 877 1700 hujusmodi
951 1634 1229 1686 flectando.

161 1706 322 1757 Unde
343 1705 630 1756 Maximus
651 1706 947 1773 Episcopus
968 1722 981 1755 ε
999 1705 1234 1770 «'‚Omnis

161 1777 311 1828 enim
346 1792 501 1828 arans
530 1778 575 1828 si
612 1778 963 1843 retroaspicit,
997 1788 1089 1828 aut
1118 1788 1234 1828 tor-

161 1859 383 1900 tuosum
425 1859 477 1899 et
524 1848 772 1900 inutilem
814 1847 939 1900 facit
983 1850 1233 1910 sulcum,

161 1930 256 1971 aut
294 1930 530 1970 aratrum
563 1921 729 1970 boum
762 1935 985 1970 suorum
1012 1920 1238 1986 vestigia

162 1989 485 2042 vulnerabit.
531 1992 608 2041 Ita
644 2001 696 2041 et
737 1991 832 2057 qui
869 1991 1072 2041 directo
1122 2001 1236 2040 tra-

167 2061 302 2112 mite
351 2076 409 2110 ac
476 2060 739 2126 spirituali
818 2077 1032 2112 vomere
1108 2060 1238 2111 vitia

168 2132 444 2183 mundana
470 2132 778 2197 persulcans
804 2131 1005 2182 incedit
1035 2132 1100 2182 ad
1147 2146 1237 2180 re-

170 2218 344 2269 gnum
388 2201 508 2263 Dei,
555 2202 600 2253 si
639 2212 911 2269 aspectum
959 2217 1120 2254 suum
1171 2200 1237 2251 ad

172 2272 342 2339 impia
370 2283 422 2323 et
444 2288 580 2323 vana
612 2273 957 2337 converterit;
998 2283 1051 2323 et
1091 2273 1239 2339 juges

170 2359 334 2404 suos,
383 2343 488 2393 hoc
533 2353 612 2393 est
666 2360 860 2411 corpus
908 2354 1068 2411 atque
1119 2344 1239 2395 ani-

170 2431 318 2466 mam
360 2414 659 2465 vulnerabit
704 2425 757 2465 et
804 2415 995 2481 optimi
1038 2415 1240 2465 itineris

167 2484 537 2553 periculosum
590 2484 756 2535 nimis
808 2485 1039 2535 incurrit
1090 2501 1240 2536 erro-

169 2572 307 2607 rem.
336 2573 363 2602 »
399 2555 547 2605 Unde
578 2555 923 2620 Augustinus
948 2572 966 2605 .-
993 2573 1021 2601 ιι
1053 2555 1240 2620 Appo-

169 2628 253 2678 nit
286 2642 507 2677 manum
544 2636 737 2690 aratr0‚
784 2626 878 2693 qui
921 2626 1242 2677 affectuosus

169 2708 253 2749 est
304 2698 371 2747 ad
422 2697 795 2762 sequendum3
859 2708 1000 2748 retro
1063 2706 1241 2747 tamen

169 2769 408 2835 respicit,
438 2770 533 2833 qui
563 2768 876 2820 dilationem
907 2769 1056 2836 petit,
1088 2784 1243 2819 occa-

174 2842 331 2892 sione
365 2839 620 2890 redeundi
659 2841 723 2890 ad
755 2841 979 2891 domurn
1025 2851 1076 2891 et
1119 2857 1244 2891 cum

175 2911 370 2964 amicis
413 2909 738 2961 conferendi.
762 2930 790 2958 n
821 2911 974 2962 Unde
1013 2922 1066 2961 et
1100 2912 1246 2962 Ber-

176 2980 386 3033 nardus
415 2997 432 3030 .·
463 2997 490 3026 «
519 2979 575 3029 Si
605 2991 785 3030 autem
815 2990 1101 3031 secuturus
1129 2982 1244 3031 Do-

179 3051 398 3101 minum
439 3049 768 3116 discipulus,
809 3050 903 3117 qui
941 3051 1024 3101 vel
1060 3049 1245 3100 domui

179 3120 488 3173 renuntiare
518 3120 644 3171 velit
673 3121 953 3188 arguitur:
986 3120 1119 3187 quid
1158 3119 1248 3170 fiet

180 3192 294 3244 illis
326 3191 419 3257 qui
458 3192 605 3242 nulla
641 3191 905 3252 utilitatiS,
943 3192 1090 3242 nulla
1124 3190 1246 3241 fidei

182 3261 511 3315 aedificandae
562 3262 728 3327 gratia
778 3262 974 3329 saepius
1025 3278 1247 3313 suorum

184 3350 330 3404 quos
346 3335 404 3384 in
425 3336 627 3385 mundo
645 3335 950 3401 relinquere
966 3336 1157 3386 domos
1175 3350 1251 3385 re-

183 3410 360 3482 visere
389 3424 499 3459 non
523 3408 747 3461 timent?
780 3411 895 3461 Hoc
920 3409 1044 3461 facit
1069 3418 1251 3460 contra

185 3482 483 3534 monachos
511 3480 569 3531 in
595 3481 850 3533 domibus
880 3492 1159 3549 parentum
1199 3490 1252 3532 et

183 3554 514 3607 secularium
595 3553 953 3607 conviventes.
1017 3573 1047 3602 υ
1096 3553 1252 3605 Unde

186 3626 353 3677 etiam
405 3625 828 3693 chrysostomus
863 3643 883 3676 .-
928 3644 957 3673 «
1001 3623 1253 3676 Ostendit

184 3697 337 3763 quod
362 3695 457 3761 qui
480 3695 633 3762 sequi
655 3696 949 3747 Dominum
972 3696 1249 3754 desiderat,

186 3768 286 3835 qui
327 3783 546 3818 manum
587 3769 645 3818 in
673 3779 846 3821 aratro
879 3768 1048 3836 ponit,
1079 3768 1134 3820 id
1172 3777 1253 3818 est

188 3840 288 3908 qui
317 3841 376 3892 in
404 3857 499 3908 spe
526 3842 698 3895 crucis
716 3842 918 3895 Christi
939 3841 1254 3909 Evangelica

189 3911 301 3967 fide
360 3911 642 3978 fundatus,
708 3914 886 3967 seculo
941 3911 1213 3967 renuntiat
1236 3951 1252 3975 ,

2273 333 2380 386 429

1325 429 1589 495 respicere
1631 440 1770 482 retro
1813 446 1922 481 non
1961 431 2176 494 debeat,
2219 431 2273 481 id
2309 442 2389 483 est

1325 516 1511 550 rursus
1540 502 1605 552 ad
1630 517 1689 552 ea
1717 518 1835 568 quae
1859 501 2021 552 seculi
2048 512 2172 551 sunt
2199 503 2388 563 redire,

1327 586 1396 621 ne
1423 586 1517 637 per
1543 573 1851 638 hujusmodi
1875 573 2091 623 inanem
2112 573 2275 623 seculi
2300 589 2393 623 cu-

1326 656 1441 690 ram
1495 651 1548 691 et
1593 658 1783 692 vanam
1840 643 2182 709 cupiditatem
2225 659 2389 709 regno

1326 711 1424 761 Dei
1469 712 1727 763 efficiatur
1771 713 2044 779 indignus·
2087 713 2242 765 Unde
2279 730 2390 763 non

1327 783 1602 836 immerito
1630 787 1918 851 Apostolus
1946 788 2195 835 admonet
2222 801 2289 835 ne
2325 786 2392 834 ad

1328 856 1541 908 infirma
1558 869 1610 909 et
1632 875 1790 925 egena
1813 859 1998 908 mundi
2019 868 2392 909 revertamur.»

1330 929 1486 980 Unde
1521 928 1715 979 iterum
1747 929 2062 980 Bernardus
2087 947 2105 979 .·
2135 948 2162 975 «
2191 930 2257 980 Et
2292 929 2395 979 hoc

1329 999 1554 1049 omnino
1582 999 1884 1050 timendum
1913 1009 2018 1059 est,
2058 1015 2122 1049 ne
2150 999 2275 1066 quis
2303 1010 2397 1050 aut

1331 1069 1489 1119 corde
1527 1070 1670 1133 s010‚
1715 1079 1807 1119 aut
1844 1069 2004 1120 etiarn
2047 1085 2266 1136 corpore
2305 1069 2396 1120 fiat

1331 1149 1586 1205 apostata.
1643 1139 1896 1205 Legimus
1947 1140 2090 1190 enim
2151 1140 2217 1190 de
2268 1139 2396 1189 filiis

1334 1211 1513 1271 Israel,
1540 1210 1669 1277 quia
1691 1211 1849 1260 corde
1872 1210 2141 1260 redierunt
2160 1211 2214 1260 in
2237 1211 2399 1276 AEgy-

1332 1292 1505 1348 ptum.
1536 1282 1672 1331 Nam
1696 1296 1915 1347 corpore
1939 1280 2127 1331 reverti
2155 1281 2396 1331 clausum

1335 1362 1459 1419 post
1490 1368 1678 1403 eorum
1706 1353 1840 1403 talos
1873 1351 2097 1402 rubrum
2129 1367 2274 1402 mare
2300 1367 2398 1402 ve-

1337 1426 1506 1488 tabat;
1549 1425 1653 1475 hoc
1689 1434 1786 1484 est,
1834 1423 1981 1489 quod
2031 1438 2130 1489 ego
2183 1438 2400 1483 vereor,

1337 1497 1540 1557 fratres,
1582 1511 1649 1547 ne
1677 1495 1814 1546 forte
1850 1495 1958 1546 sint
1993 1495 2159 1561 aliqui
2202 1495 2402 1561 quibus

1337 1567 1382 1618 si
1412 1568 1585 1633 pudor
1606 1576 1763 1632 negat
1785 1565 2107 1631 apostasiam
2145 1566 2401 1630 corporis,

1336 1649 1488 1706 tepor
1527 1639 1682 1689 faciat
1719 1638 2040 1704 apostasiam
2091 1637 2296 1697 cordis,
2342 1647 2403 1687 ut

1337 1709 1584 1760 videlicet
1637 1709 1695 1759 in
1745 1708 1931 1759 habitu
1989 1706 2267 1773 religionis
2313 1723 2404 1756 cor

1339 1781 1575 1830 seculare
1609 1789 1821 1846 gerant,
1862 1787 1915 1829 et
1940 1777 2205 1843 quidquid
2245 1792 2405 1828 secu-

1339 1851 1468 1902 laris
1505 1849 1892 1901 consolationis
1935 1848 2176 1899 invenire
2211 1858 2406 1913 potue-

1340 1922 1466 1981 rint,
1489 1921 1596 1973 laeti
1621 1919 1915 1986 suscipiant
1938 1936 1951 1968 ε
1977 1939 2004 1966 n
2033 1918 2149 1968 haec
2175 1919 2409 1968 Bernar-
2458 1964 2463 1967 ,

1343 1994 1462 2044 dus,
1506 1993 1612 2053 Qui
1655 2006 1781 2057 ergo
1821 1991 2000 2041 seculo
2045 1988 2369 2039 renuntiavit
2391 2027 2405 2048 ‚

1341 2064 1646 2113 nullatenus
1685 2071 1825 2111 retro
1857 2058 2125 2125 respiciat,
2163 2057 2310 2123 quia,
2348 2067 2410 2107 ut

1341 2135 1418 2185 ait
1458 2134 1779 2200 GregoriuS,
1817 2131 1894 2182 nil
1934 2130 2153 2196 Angelis
2195 2129 2406 2192 cariuS,

1345 2207 1424 2259 nil
1451 2207 1564 2257 Deo
1590 2205 1879 2272 acceptius,
1922 2203 1999 2254 nil
2038 2201 2249 2252 homini
2287 2201 2409 2253 fru-

1341 2280 1599 2340 ctuosius,
1621 2293 1784 2345 quam
1813 2277 1869 2327 in
1896 2285 2141 2341 suscepta
2154 2274 2411 2340 religione

1275 2407 1280 2410 ,
1345 2350 1646 2417 persistere,
1690 2350 1914 2414 juraque
1950 2344 2264 2396 obedientiae
2303 2344 2409 2394 ob-

1344 2438 1553 2474 servare
1580 2431 1633 2472 et
1659 2421 1945 2485 complere.
1982 2418 2071 2477 Et,
2103 2427 2162 2467 ut
2190 2416 2264 2467 ait
2297 2416 2410 2467 Isi-

1344 2496 1530 2558 doruS,
1578 2492 1822 2544 atrociter
1859 2492 1917 2541 in
1959 2489 2294 2540 discussione
2320 2488 2411 2538 di-

1346 2565 1461 2616 vini
1486 2564 1666 2631 judicii
1697 2561 1955 2629 arguendi
1986 2570 2130 2620 sunt,
2151 2559 2244 2626 qui
2265 2559 2411 2626 quod

1347 2634 1678 2702 professione
1705 2632 2124 2699 spoponderunt,
2142 2645 2298 2695 opere
2317 2629 2414 2678 im·

1348 2708 1492 2773 plere
1521 2713 1983 2771 contempserunt3
2025 2712 2077 2752 et
2119 2701 2238 2751 ideo
2273 2700 2411 2751 cauti

1350 2793 1466 2829 esse
1509 2778 1767 2828 debemus
1815 2791 1882 2826 ne
1926 2772 2131 2823 mundo
2174 2771 2415 2837 undique

1351 2851 1672 2910 retrahente,
1695 2859 1748 2899 et
1768 2857 1887 2914 post
1916 2847 2140 2896 dorsum
2176 2854 2236 2895 ut
2274 2854 2414 2894 retro

1351 2921 1699 2988 respiciamus
1733 2927 2016 2985 strepente,
2063 2917 2412 2976 seducamur,

1350 3002 1405 3043 et
1445 3001 1583 3042 retro
1623 3006 1747 3042 cum
1789 3003 1955 3040 uxore
1990 2988 2158 3048 Loth,
2197 3002 2318 3053 quae
2360 2985 2417 3035 in

1350 3073 1581 3115 statuam
1605 3062 1730 3113 salis
1756 3076 1907 3112 versa
1930 3070 2027 3121 est,
2051 3058 2414 3125 respiciamus.

1353 3134 1510 3185 Unde
1538 3142 1679 3195 nota,
1708 3132 1854 3197 quod
1883 3141 2056 3182 statua
2081 3129 2241 3192 habet
2270 3126 2416 3193 figu-

1354 3220 1471 3255 ram
1514 3203 1824 3262 humanam,
1857 3202 1948 3252 sed
1980 3216 2089 3251 non
2121 3198 2283 3249 sentit
2318 3212 2415 3247 nec

1354 3282 1629 3336 movetur-3
1659 3272 1737 3323 sic
1763 3286 2004 3338 personae
2027 3284 2146 3335 quae
2172 3267 2417 3318 exierunt

1355 3344 1655 3403 mundum,
1704 3343 1960 3393 habentes
1999 3354 2093 3390 cor
2135 3338 2309 3389 adhuc
2349 3338 2415 3387 ad

1355 3414 1570 3481 negotia
1597 3412 1804 3473 mundi,
1840 3427 1950 3461 non
1974 3409 2173 3459 habent
2195 3423 2414 3457 sensum

1352 3487 1439 3537 vel
1495 3493 1706 3535 motum
1756 3480 1981 3545 alicujus
2038 3476 2166 3528 boni
2219 3476 2414 3542 operis.

1356 3557 1490 3607 Item
1525 3565 1664 3605 terra
1691 3551 1785 3604 ubi
1802 3549 1880 3602 sal
1902 3548 2217 3608 seminatur,
2245 3546 2419 3597 effici-

1356 3640 1446 3680 tur
1476 3627 1699 3690 sterilis;
1733 3623 1810 3675 sic
1831 3622 1962 3673 tales
1988 3622 2218 3672 reddunt
2240 3619 2418 3671 socie-

1356 3709 1539 3761 tatem,
1574 3699 1638 3749 in
1675 3710 1782 3763 qua
1819 3703 1963 3757 sunt,
1999 3692 2255 3743 sterilem.
2286 3692 2418 3741 Item

1357 3772 1436 3824 sal
1478 3771 1679 3838 praebet
1732 3780 1974 3833 saporem
2025 3764 2149 3815 aliis
2167 3802 2184 3826 ,
2238 3772 2419 3813 tamen

1358 3857 1456 3910 per
1497 3836 1960 3904 consumptionem
1997 3834 2114 3898 sui;
2164 3833 2243 3884 sic
2285 3832 2420 3883 tales

1358 3918 1755 3966 consumuntur
1832 3906 1887 3958 in
1967 3904 2222 3973 religione
2300 3902 2420 3955 sine
