2784 4452
368 319 473 383 452
1184 314 1407 366 1NDEx
1438 313 1768 364 cam-uu.

1120 588 1375 653 PARS
1437 588 1796 652 PRIMA.

647 830 879 880 CAPUT
913 831 953 879 Ι.
981 857 1041 866 -
1071 829 1156 879 De
1191 828 1373 878 divina
1398 833 1450 878 et
1474 833 1677 878 aeterna
1713 826 1919 878 Christi
1945 827 2307 893 generatione.

409 1069 427 1102 1
486 1049 757 1116 Evangelii
804 1051 857 1100 S.
898 1049 1119 1101 Joannis
1146 1067 1271 1101 sco-
1564 1067 1595 1117 7
1618 1050 1738 1110 Quo
1763 1065 1925 1100 sensu
1950 1048 2129 1099 vitain
2157 1049 2432 1110 omnibu8‚

429 1139 551 1189 pus.
699 1120 702 1125 ’
1359 1120 1419 1171 13
1593 1120 1887 1186 praesertim
1943 1119 1999 1170 in
2059 1134 2219 1185 opere
2262 1120 2435 1170 virtu-

401 1213 431 1245 2
462 1198 683 1248 AEterna
707 1195 871 1248 Verbi
898 1191 1187 1261 generatio·
1360 1191 1418 1242 13
1593 1191 1678 1241 tis.
2530 1189 2594 1240 16

398 1266 426 1316 3
456 1267 754 1318 Personalis
773 1267 941 1316 Patris
956 1274 1007 1315 et
1021 1262 1145 1314 Filii
1165 1263 1268 1312 dis·
1560 1261 1592 1312 8
1627 1263 1865 1313 Verbum
1895 1262 1992 1313 Dei
2026 1262 2118 1312 lux
2144 1262 2453 1313 hominum.
2530 1280 2592 1329 17

426 1337 635 1389 tinctio.
1356 1348 1421 1398 14
1559 1352 1592 1402 9
1624 1336 1743 1396 Quo
1787 1336 1949 1387 modo
1984 1335 2078 1385 lux
2102 1335 2159 1385 in
2197 1335 2436 1385 tenebris

394 1424 431 1472 4
457 1405 1001 1459 Consubstantialitas
1019 1405 1195 1455 Patris
1214 1413 1266 1454 et
1590 1407 1750 1456 lucet.
2530 1423 2546 1456 1
2561 1423 2592 1472 7

422 1478 567 1528 Filii.
1356 1474 1415 1525 15
1536 1492 1599 1527 10
1633 1476 1915 1528 Generatio
1935 1476 2059 1527 Filii
2081 1477 2174 1527 Dei
2198 1494 2307 1527 non
2324 1493 2436 1528 car-

396 1546 424 1596 5
475 1548 824 1599 Coaeternitas
873 1546 1043 1597 Patris
1089 1555 1141 1595 et
1167 1544 1263 1595 Fi-
1589 1547 1779 1598 naliter
1806 1547 2129 1613 accipienda.
2527 1547 2589 1599 18

421 1620 498 1672 lii.
1355 1619 1414 1670 15
1534 1635 1552 1668 1
1569 1635 1588 1669 1
1634 1620 1807 1680 Quam
1836 1619 2068 1669 sublime
2095 1618 2316 1670 initium
2340 1620 2439 1670 hu-

393 1689 426 1739 6
452 1691 681 1741 Indivisa
707 1690 876 1741 Patris
903 1699 952 1740 et
996 1689 1119 1740 Filii
1144 1706 1265 1756 ope·
1586 1690 1670 1755 jus
1701 1691 1996 1757 Evangelii.
2534 1691 2595 1742 18

423 1761 574 1811 ratic.
1352 1760 1412 1810 15

428 2009 669 2061 CAPUT
700 2010 761 2059 11.
791 2037 851 2046 -
885 2009 968 2058 De
994 2007 1289 2059 inventione
1319 2009 1544 2059 remedii
1574 2024 1676 2074 pro
1714 2009 2012 2060 salvatione
2037 2011 2257 2076 generis
2293 2011 2530 2074 humani,

1061 2103 1113 2148 et
1141 2097 1418 2148 nativitate
1444 2098 1682 2164 virginis
1701 2098 1925 2150 Mariae.

407 2311 423 2344 1
460 2295 629 2345 Casus
665 2293 893 2345 Luciferi
932 2304 984 2344 et
1014 2304 1272 2360 protopa-
1567 2293 1599 2344 6
1650 2294 2049 2345 Praedestinatio
2102 2296 2164 2345 Β.
2199 2296 2265 2346 V.
2322 2297 2441 2346 Ma-

433 2366 622 2417 rentis.
1361 2384 1425 2436 19
1596 2365 1705 2416 riae.
2526 2385 2593 2418 22

402 2453 430 2486 2
467 2438 780 2487 Humanum
815 2452 984 2502 genus
1016 2437 1081 2487 ad
1120 2453 1271 2503 spem
1569 2454 1601 2502 7
1635 2438 1764 2503 Ejus
1791 2438 1951 2505 stirps
1978 2448 2031 2489 et
2051 2434 2315 2504 parentes,
2526 2440 2591 2491 23

429 2507 653 2573 erigitur
696 2507 764 2556 ab
805 2507 938 2557 Abel
989 2523 1160 2574 usque
1208 2508 1271 2558 ad
1565 2507 1597 2558 8
1636 2511 1955 2561 Praeservata
1977 2509 2081 2559 fuit
2105 2510 2172 2560 ab
2187 2509 2439 2575 originali

430 2580 695 2629 Joannem
722 2579 1033 2644 Baptistam.
1355 2596 1425 2630 20
1597 2581 1772 2645 culpa.
2524 2580 2588 2631 23

401 2648 429 2700 3
467 2651 577 2701 Cur
602 2651 852 2702 Christus
882 2666 977 2701 nec
1004 2651 1153 2717 prius
1176 2668 1272 2703 nec
1566 2667 1599 2717 9
1644 2650 1775 2716 Ejus
1825 2650 2165 2715 praesentatio
2201 2650 2257 2701 in
2296 2661 2440 2703 tem-

433 2722 701 2788 posterius
728 2722 907 2773 venit?
1356 2739 1425 2774 20
1599 2720 1705 2785 plo,
2528 2720 2591 2771 23

402 2810 440 2857 4
465 2793 691 2843 Justitiae
757 2802 808 2843 et
890 2792 1273 2843 misericordiae
1544 2809 1605 2843 10
1664 2794 1864 2843 Votum
1899 2794 2226 2860 virginitatis
2264 2795 2442 2862 prima

433 2864 724 2914 contentio,
1358 2881 1387 2913 2
1402 2881 1419 2914 1
1598 2865 1813 2916 emittit.
2525 2884 2598 2933 24

407 2933 434 2982 5
467 2933 783 2982 Remedium
803 2932 1043 2983 unicum.
1358 2950 1424 2983 22
1544 2952 1562 2985 1
1581 2952 1598 2985 1
1644 2937 1702 2986 B.
1734 2936 1798 2986 V.
1830 2936 2010 2988 Mariae
2039 2936 2243 3002 figurae.
2520 2939 2587 2989 25

873 3179 1106 3231 CAPUT
1135 3182 1223 3231 111.
1253 3210 1313 3219 —
1339 3182 1424 3232 De
1453 3183 1860 3249 desponsatione
1878 3183 2098 3234 Mariae.

410 3391 426 3424 1
468 3374 772 3425 Concilium
796 3389 956 3439 super
970 3374 1150 3425 Mariae
1175 3392 1277 3426 vo·
1604 3389 1772 3442 potes.
2532 3395 2603 3449 29

434 3458 508 3498 to,
1344 3448 1432 3513 526
1577 3466 1608 3515 7
1643 3450 1751 3500 Cur
1776 3449 1840 3499 de
1864 3450 2181 3514 desponsata
2195 3451 2448 3502 Christus

408 3535 438 3568 2
471 3517 637 3584 Virga
664 3517 864 3584 Joseph
891 3517 1102 3568 florida.
1363 3536 1432 3586 27
1607 3519 1749 3570 nasci
1769 3518 1966 3569 voluit?
1997 3520 2182 3572 Causae
2208 3537 2271 3571 ex
2299 3532 2448 3588 parte

408 3587 435 3638 3
467 3586 820 3654 Desponsatio
845 3587 1039 3638 Mariae.
1363 3605 1432 3656 27
1608 3590 1776 3657 pueri.
2170 3616 2178 3622 ·
2325 3618 2329 3622 v
2528 3609 2599 3661 29

405 3677 442 3725 4
470 3659 671 3724 Joseph
696 3669 750 3709 et
777 3658 890 3724 ipse
920 3658 1088 3725 virgo.
1307 3681 1312 3688 ·
1360 3662 1431 3710 28
1575 3660 1607 3711 8
1641 3662 1826 3713 Causae
1848 3675 1912 3710 ex
1941 3671 2087 3726 parte
2105 3663 2307 3714 matriS.
2383 3689 2389 3693 >
2534 3662 2605 3714 30

413 3729 441 3781 5
475 3730 857 3797 Virginitatem
904 3741 956 3782 et
979 3730 1279 3781 fecundita-
1413 3747 1429 3758 “
1576 3751 1610 3803 9
1640 3735 1827 3785 Causae
1853 3750 1916 3784 ex
1945 3745 2092 3800 parte
2123 3736 2371 3789 aliorum.
2535 3737 2605 3788 30

436 3809 546 3852 tem
570 3799 766 3851 amavit
795 3810 846 3850 et
871 3799 1062 3850 habuit
1089 3800 1273 3852 Maria.
1361 3801 1431 3852 28
1552 3821 1612 3856 ιο
1648 3804 1815 3856 Maria
1842 3820 1936 3856 cur
1981 3804 2134 3858 fabro
2162 3809 2442 3875 nupserit?

407 3870 441 3921 6
473 3873 532 3924 Β.
558 3874 725 3921 Annae
752 3870 948 3933 mariti,
970 3870 1092 3922 filiae
1109 3882 1161 3923 et
1179 3888 1277 3923 ne·
1606 3874 1826 3941 ejusque
1853 3874 2052 3941 figurae.
2534 3875 2562 3927 Ξ
2577 3894 2599 3929 1
