2784 4452
834 231 927 282 DE
958 229 1224 281 REDITU
1254 229 1513 281 DOMINI
1547 229 1641 280 Ex
1672 227 2006 278 AEGYPTO.

308 360 372 411 in
398 373 459 409 se
483 365 614 419 erat,
645 364 768 405 ante
790 351 1031 418 privatus
1053 348 1242 400 fuerat.
1259 348 1387 398 Pro-

310 439 427 496 pter
453 428 600 510 quod
612 423 815 505 ‚loseph
840 421 1044 473 ibidem
1063 434 1190 469 cum
1217 418 1387 468 Puero

310 498 552 551 securius
576 495 810 557 mansit3
861 506 983 559 quae
1011 499 1064 540 et
1090 488 1206 555 ipsa
1245 497 1388 538 terra

314 570 476 622 Israel
501 578 640 630 erat,
674 566 807 632 quia
832 579 952 614 eam
982 561 1142 612 Israel
1178 559 1389 609 incole-

313 642 422 693 bat.
446 640 530 691 Et
556 637 790 700 veniens,
814 631 1115 686 habitavit
1096 647 1150 682 m
1168 631 1388 683 civitate

313 725 433 779 quoe
482 715 710 761 vocatur
766 705 1057 773 Nazareth
1110 722 1128 755 .·
1191 713 1254 753 ut
1309 700 1385 753 ibi

315 782 567 835 Christus
596 779 910 841 nutriretur,
939 776 1035 827 ubi
1056 774 1230 825 fuerat
1253 789 1389 824 con-

310 865 497 919 ceptus
518 890 534 916 ,
591 851 714 901 licet
762 850 821 899 in
855 848 1172 899 Bethlehem
1218 844 1389 895 fuerat

314 935 489 976 natus.
536 923 617 973 Ibi
670 920 817 972 enim
863 918 1106 971 securius
1148 911 1388 968 habitare

314 1005 523 1063 poterat
574 1010 737 1060 quam
790 993 851 1043 in
902 992 1194 1044 Jerusalem
1219 1027 1235 1051 ,
1303 988 1388 1040 vel

315 1066 657 1128 Bethlehem,
681 1063 775 1114 ubi
796 1062 1088 1113 Archelaus
1117 1060 1385 1111 manebat.

316 1137 471 1187 Unde
502 1136 975 1204 Chrysostomus:
1002 1132 1204 1182 «Venit
1226 1130 1389 1197 igitur

310 1208 512 1259 Jesus’
499 1224 558 1256 in
588 1205 867 1268 Nazareth,
899 1220 1010 1254 non
1040 1205 1218 1253 solum
1238 1202 1388 1269 peri-

314 1278 424 1328 culi
478 1277 704 1336 timore,
755 1290 943 1326 verum
994 1273 1155 1324 etiam
1204 1271 1388 1339 patriae

310 1366 500 1400 amore
529 1359 772 1414 cogente,
803 1347 1005 1398 scilicet
1046 1356 1108 1396 ut
1143 1344 1387 1395 securius

317 1421 397 1470 ibi
424 1419 707 1478 habitaret,
723 1428 775 1468 et
790 1418 1009 1485 gratius.
1026 1436 1053 1464 n
1073 1418 1187 1467 Hoc
1205 1427 1387 1466 autem

317 1490 519 1541 factum
549 1499 628 1539 est
657 1496 715 1539 ut
736 1488 1123 1553 adimpleretur
1144 1486 1287 1553 quod
1299 1485 1387 1536 di-

316 1568 458 1612 ctum
494 1566 577 1609 est
593 1573 698 1626 per
723 1558 1030 1623 Prophetas
1070 1575 1088 1609 ε
1123 1555 1388 1618 Quoniam

318 1633 636 1698 Nazaroeus
664 1630 962 1682 vocabitw.
982 1627 1098 1679 Hoc
1123 1636 1199 1691 ut,
1234 1638 1387 1679 tene-

316 1715 408 1755 tur
427 1703 789 1763 consecutive,
807 1719 921 1753 non
940 1700 1238 1767 causaliter,
1259 1700 1388 1787 qui-a

319 1778 604 1845 prophetia
628 1793 738 1828 non
760 1787 840 1828 est
859 1792 1019 1828 causa
1040 1787 1259 1827 eventus
1286 1775 1386 1836 rei,

319 1849 414 1898 sed
465 1858 690 1897 eventus
745 1857 825 1898 est
860 1862 1016 1898 causa
1059 1844 1390 1912 impletionis

321 1919 638 1984 prophetiae.
675 1918 990 1985 Nazaroeus
1016 1927 1193 1968 autem
1223 1915 1389 1968 Chri-

318 2001 439 2042 stus
467 2001 547 2041 est
576 2002 933 2057 nuncupatus,
954 2001 1062 2041 tam
1092 2006 1157 2041 ex
1185 1990 1390 2055 10c1ap-

322 2067 634 2133 pellatione,
666 2066 763 2116 ubi
789 2076 1077 2133 conceptus
1099 2076 1180 2117 est
1207 2076 1261 2116 et
1285 2082 1389 2116 nu-

314 2141 498 2199 trituS‚
543 2156 706 2207 quam
727 2144 805 2191 'ex
853 2152 1185 2192 sacramento
1213 2141 1387 2206 LegiS,

314 2213 620 2263 secundum
651 2228 814 2278 quam
845 2213 1127 2264 Nazaraeus
1155 2213 1391 2265 Sanctus

318 2282 728 2348 interpretatur,
764 2293 816 2334 et
846 2283 1152 2334 Dominum
1201 2298 1391 2334 omnes

315 2355 611 2421 Scripturae
659 2357 911 2407 Sanctum
965 2356 1170 2417 dicunt,
1203 2367 1256 2407 et
1308 2365 1394 2407 te-

318 2437 547 2476 stantur.
606 2426 760 2476 Sicut
788 2442 915 2492 ergo
942 2428 1103 2493 elegit
1126 2429 1305 2478 locum
1336 2427 1392 2477 in

318 2513 433 2564 quo
464 2509 783 2562 nasceretur,
828 2499 905 2550 sic
937 2509 989 2549 et
1021 2499 1307 2561 civitatem,
1334 2499 1391 2549 in

319 2583 431 2633 qua
460 2569 836 2619 coadolescens
869 2569 1182 2621 nutriretur.
1227 2569 1395 2634 Cujus

323 2655 526 2689 nomen
560 2650 641 2690 est
683 2640 901 2700 indici0,
953 2641 1100 2707 quod
1129 2641 1395 2692 essentia—

320 2710 446 2763 li‘ter
477 2712 591 2778 ipse
621 2712 740 2763 fons
773 2713 1069 2765 sanctitatis
1103 2713 1158 2764 in
1194 2714 1396 2765 sancti-

321 2785 432 2832 t'ate
488 2783 746 2848 nutritus,
807 2785 1034 2835 Sanctus
1064 2795 1392 2850 sanctorum,

323 2854 482 2919 quasi
515 2855 795 2905 Nazaraeus
822 2856 1213 2917 Nazaraeorum,
1253 2866 1397 2906 recte

323 2924 542 2975 dicitur.
574 2926 831 2977 Nazareth
869 2927 1012 2976 enim
1035 2928 1152 2992 flos
1198 2928 1395 2993 campi,

323 2997 411 3045 vel
448 3012 667 3061 germen
696 2997 976 3059 novellum,
1013 2997 1095 3047 vel
1133 2999 1398 3049 sanctitas

324 3065 724 3130 interpretatur,
754 3068 821 3118 de
862 3068 1013 3132 cujus
1054 3068 1232 3119 radice
1272 3084 1397 3134 ger-

324 3138 524 3202 miniS,
571 3141 802 3190 Sanctus
840 3150 1168 3202 sanctorum,
1202 3138 1268 3192 ‘id
1318 3150 1402 3191 est

325 3208 629 3274 NazaraeuS,
657 3210 962 3261 ascendisse
996 3211 1208 3278 legitur.
1244 3212 1401 3263 Unde

322 3290 382 3330 et
410 3296 475 3330 ex
504 3281 610 3331 hoc
652 3282 800 3348 quod
826 3282 1075 3334 Christus
1119 3283 1297 3335 dictus
1319 3294 1403 3335 est

328 3351 675 3418 Nazaroeus,
705 3353 960 3420 discipuli
995 3356 1110 3420 ejus
1150 3365 1203 3406 et
1238 3355 1404 3406 Chri-

330 3422 512 3483 stiani,
540 3424 690 3489 prius
715 3425 994 3477 communi
1022 3426 1242 3478 nomine
1266 3443 1404 3477 con-

328 3505 624 3545 sueverunt
649 3496 883 3548 Nazaraei
910 3498 1105 3549 vocari.
1129 3499 1230 3549 Sed
1258 3508 1406 3565 post-

329 3580 499 3630 quam
554 3567 741 3617 Petrus
782 3568 1178 3620 Antiochenam
1218 3571 1404 3621 sedem

333 3636 527 3696 tenuit,
547 3637 823 3688 communi
836 3639 1068 3690 consilio
1097 3641 1285 3692 Graeco
1303 3657 1405 3691 no·

339 3778 403 3828 In
434 3779 697 3829 Nazareth
739 3796 866 3847 ergo
890 3781 1099 3848 concipi
1131 3790 1184 3833 et
1208 3782 1406 3833 nutriri

339 3848 591 3902 Christus
617 3852 809 3914 voluit,
830 3861 889 3902 ut
912 3868 1006 3918 per
1025 3853 1127 3903 hoc
1153 3855 1302 3904 daret
1328 3853 1408 3904 in-

2456 240 2586 300 ¹47,

1493 344 1681 428 telligi,
1705 343 1850 426 quod
1874 341 2065 392 florida
2092 341 2195 393 fuit
2222 351 2274 392 et
2300 341 2416 407 ejus
2434 357 2559 393 con—

1492 418 1691 484 ceptiO,
1718 414 1847 482 quia
1874 414 1993 464 sine
2032 423 2242 478 peccato
2275 413 2555 479 originali·
2540 450 2558 478 ‚

1494 500 1546 539 et
1560 490 1678 554 ejus
1691 485 2046 545 conversatiO,
2075 483 2205 550 quia
2219 485 2559 537 sineactuali.

1496 560 1653 610 Unde
1690 558 1825 608 dicit
1855 555 2192 617 Ber-nardus,
2239 556 2387 621 quod
2414 567 2564 608 amat

1493 632 1798 698 florigeram
1846 628 2072 696 patriam
2090 666 2104 688 ,
2157 627 2257 678 flos
2289 629 2355 678 de
2388 629 2565 680 radice

1493 705 1657 754 ,lense-
1693 705 1754 754 In
1784 702 1889 752 hoc
1905 711 2088 752 autem
2112 701 2260 767 quod
2275 701 2566 768 dereliquit

1493 776 1790 841 AEgyptum
1813 813 1827 834 ,
1871 784 1929 825 et
1966 773 2115 824 venit
2155 773 2214 823 in
2252 774 2562 836 Galilaeam,

1497 846 1863 912 habitavitque
1896 846 1954 896 in
1971 845 2251 908 Nazareth,
2279 845 2439 894 datur
2462 861 2563 896 no·-

1497 918 1581 968 bis
1612 919 1938 984 exemplum,
1985 916 2131 983 quod
2163 926 2364 966 statum
2395 916 2566 981 culpoe

1495 991 1757 1041 debemus
1797 990 2060 1050 deserere,
2107 999 2161 1039 et
2206 990 2271 1038 de
2297 987 2448 1038 vitiis
2495 987 2564 1038 ad

1493 1063 1719 1114 virtutes
1745 1062 2000 1122 transire,
2057 1061 2113 1111 in
2141 1057 2566 1127 perseverantia-

1494 1151 1601 1201 que
1649 1136 1915 1185 bonorum
1968 1149 2192 1199 operum
2237 1132 2458 1191 florere,
2504 1140 2564 1181 ut

1494 1205 1571 1255 sic
1599 1206 1664 1255 ad
1718 1205 1945 1271 patriam
1994 1205 2262 1254 coelestem
2290 1206 2564 1253 valeamus

1494 1276 1789 1342 pervenire.

1559 1366 1593 1417 9
1618 1350 1697 1399 Da
1724 1365 2048 1400 sanonum
2060 1350 2254 1399 Mamm:
2274 1365 2326 1398 m
2344 1348 2562 1399 Famis.

1495 1450 1555 1459 —
1586 1421 1718 1471 Ecce
1746 1421 2060 1471 reduximus
2103 1436 2333 1487 puerum
2380 1420 2565 1470 Jesum

1493 1491 1561 1542 de
1582 1492 1834 1560 AEgyptO.
1864 1491 1947 1542 Eo
1975 1506 2206 1552 revers0,
2234 1506 2445 1541 sorores
2465 1490 2569 1540 Do·

1495 1563 1676 1625 minae,
1706 1563 1908 1631 aliique
1928 1562 2317 1629 consanguinei
2335 1573 2387 1613 et
2402 1559 2565 1612 amici

1495 1645 1836 1697 concurrunt,
1889 1645 1940 1687 et
1988 1637 2059 1686 ad
2095 1635 2426 1685 visitandum
2471 1648 2569 1685 eos

1496 1706 1770 1759 festinant.
1806 1707 1912 1773 Ipsi
1966 1716 2145 1758 autem
2184 1707 2446 1757 Nazareth
2486 1719 2571 1756 re-

1497 1789 1737 1838 manent,
1755 1787 1807 1829 et
1834 1793 2123 1846 pauperem
2146 1778 2313 1828 vitam
2346 1778 2567 1829 ducunt.

1498 1849 1622 1910 Ubi,
1655 1864 1805 1900 more
1834 1850 2011 1912 solito,
2042 1850 2242 1915 Joseph
2270 1864 2457 1916 operas
2482 1847 2571 1899 fa—

1498 1920 1662 1970 briles
1708 1920 1918 1982 locavit,
1963 1932 2015 1972 et
2053 1920 2218 1972 Maria
2245 1919 2466 1981 filando,
2516 1929 2571 1970 et

1496 1992 1719 2052 suendo,
1751 2001 1802 2042 et
1827 1992 1976 2055 aliaS,
2008 2001 2168 2059 prout
2191 1991 2381 2057 potuit,
2413 1990 2572 2041 labo-

1497 2065 1650 2127 ravit,
1705 2080 1765 2116 ac
1794 2065 2154 2116 nihilominus
2195 2065 2338 2115 circa
2366 2064 2571 2114 Filium

1499 2151 1659 2188 suum
1689 2136 1924 2202 diligens
1960 2147 2012 2188 et
2056 2137 2284 2187 sollicita
2326 2135 2443 2187 fuit.
2497 2138 2572 2189 Ut

1498 2210 1642 2261 enirn
1672 2210 1746 2261 ait
1764 2212 2088 2264 AnselmuS.
2078 2231 2090 2244 ·
2110 2213 2257 2263 «Nec
2286 2223 2363 2264 est
2388 2213 2569 2279 aliqua

1497 2281 1739 2345 scientia,
1782 2299 1904 2349 quae
1946 2285 2116 2351 possit
2143 2296 2436 2350 penetrare,
2472 2300 2571 2336 nec

1499 2354 1838 2420 eloquentia,
1868 2370 1989 2420 quae
2039 2358 2209 2424 possit
2253 2359 2571 2425 praedicare,

1502 2435 1704 2492 quanta
1734 2423 2035 2475 dulcedinis
2064 2424 2343 2474 sedulitate
2363 2425 2574 2474 Parvu-

1505 2497 1619 2545 lum
1652 2494 1863 2554 foverit,
1891 2503 2091 2560 quanta
2120 2493 2401 2560 diligentia
2426 2493 2578 2544 obse-

1501 2567 1744 2634 quioque
1772 2567 2202 2630 Adolescentem,
2233 2577 2285 2617 et
2313 2566 2372 2616 in
2407 2567 2577 2617 robur

1500 2638 1673 2689 aetatis
1713 2637 2016 2705 provexerit
2069 2638 2369 2688 vadentem.
2405 2636 2486 2687 ’Et
2512 2646 2575 2687 ut

1501 2710 1728 2776 ipsamet
1751 2709 1966 2760 cuidam
1985 2708 2185 2759 devotae
2220 2725 2461 2774 personae
2489 2725 2576 2760 re-

1501 2783 1709 2843 velavit,
1741 2782 2016 2832 multoties
2043 2797 2164 2832 cum
2181 2782 2383 2832 Filium
2412 2799 2578 2833 suum

1503 2857 1708 2923 gremio
1749 2855 2068 2919 confoveret,
2093 2871 2202 2921 prae
2226 2856 2396 2907 nimia
2411 2858 2579 2908 devo-

1501 2929 1668 2980 tionis
1699 2930 2001 2990 dulcedine,
2027 2941 2183 2996 caput
2217 2946 2378 2981 suum
2420 2931 2577 2997 capiti

1503 3001 1626 3051 Filii
1656 3000 1941 3061 acclinanS,
1958 3010 2129 3051 tantas
2156 3003 2417 3069 lacrymas
2440 3001 2579 3052 effu-

1505 3072 1602 3132 dit,
1628 3083 1691 3123 ut
1719 3082 1877 3139 caput
1914 3083 1968 3123 et
2013 3084 2180 3125 totam
2227 3077 2341 3141 ejus
2385 3075 2579 3126 faciem

1507 3144 1763 3210 lacrymis
1786 3145 1988 3195 amoris
2009 3145 2226 3212 rigaret,
2255 3156 2307 3197 et
2335 3147 2541 3197 dicebat
2560 3162 2578 3196 ε

1511 3215 1563 3265 Ο
1605 3216 1751 3266 salus
1797 3224 1851 3266 et
1891 3217 2149 3283 gaudium
2190 3219 2385 3269 animae
2413 3215 2578 3269 mee!

1515 3288 1658 3348 Quis
1683 3289 1800 3341 haec
1826 3291 2071 3352 audiens,
2113 3293 2197 3343 vel
2240 3301 2419 3342 mente
2469 3300 2583 3342 tra-

1511 3368 1694 3438 ctans,
1723 3376 1783 3412 se
1821 3376 1855 3413 a
1879 3362 2134 3429 lacrymis
2175 3362 2369 3429 poterit
2402 3361 2584 3414 conti·

1512 3442 1663 3481 neret
1697 3449 1728 3479 n
2165 3470 2184 3494 ,

1585 3516 1648 3551 10
1682 3501 1910 3554 Causa-r
1957 3518 2204 3554 xm-mxs
2246 3518 2472 3553 omma·
2515 3527 2585 3545 --

1513 3571 1726 3623 Exinde
1770 3590 1944 3642 usque
1970 3576 2037 3625 ad
2065 3575 2448 3625 duodecimum
2481 3588 2586 3625 an-

1517 3658 1651 3694 num
1670 3645 1822 3709 pueri
1850 3646 1993 3707 Jesu,
2019 3661 2130 3696 non
2154 3646 2353 3712 legitur
2373 3645 2594 3711 aliquid¹

1513 3715 1579 3765 de
1598 3716 1736 3781 ipso,
1765 3717 1849 3767 vel
1879 3718 1995 3782 ejus
2019 3718 2346 3784 parentibus·
2375 3718 2587 3769 Dicitur

1512 3796 1708 3852 tamen,
1764 3798 1817 3839 et
1853 3789 2147 3840 verisimile
2188 3801 2295 3855 est,
2338 3793 2486 3858 quod
2523 3791 2585 3841 in

1514 3858 1777 3910 Nazareth
1803 3859 1978 3910 adhuc
2002 3872 2082 3912 est
2112 3861 2236 3913 fons
2263 3877 2478 3928 parvus,
2513 3862 2581 3913 ad
