2784 4452
327 316 344 350 1
364 314 422 349 12
992 291 1232 343 PRIMAE
1271 290 1517 341 PARTIS
1552 290 1785 342 CAPUT
1818 291 1908 341 xl.

321 426 373 466 et
403 427 497 480 per
523 410 743 462 semitas
771 408 1036 469 virtutum
1068 408 1135 459 ad
1161 407 1389 474 patriam

318 493 666 537 revertantur.
728 480 829 531 Hic
895 480 1074 546 itaque
1128 480 1390 530 admone-

317 572 442 606 mur
483 568 699 604 omnem
746 551 972 602 salutem
1014 560 1067 601 et
1125 565 1276 616 spem
1329 549 1386 600 in

317 626 535 678 Christo
562 626 750 684 locare,
783 632 835 672 et
874 621 942 671 ab
971 621 1164 671 itinere
1182 620 1388 686 ¹prioris

313 696 437 746 vitae
461 694 750 753 abstinere,
783 702 836 742 et
864 706 960 756 per
987 692 1135 742 aliud
1165 691 1266 741 iter
1298 691 1387 741 in-

315 757 719 818 cedereTUfi'de
746 763 1105 829 Augustinus
1147 780 1164 814 .·
1195 781 1224 810 «
1262 763 1384 813 Non

316 853 423 903 qua
474 836 723 887 venimus
769 833 856 884 via
921 834 1234 897 redeamuS‚
1289 847 1387 882 nec

314 905 515 971 prioris
555 913 751 955 nostrae
796 903 1220 953 conversationis
1287 917 1385 952 ve-

314 976 472 1042 stigia
505 984 811 1040 repetamus
841 991 856 1024 ε
887 974 974 1024 via
1008 982 1213 1023 mutata
1227 983 1325 1023 est.
1355 991 1382 1021 ι)

313 1048 468 1099 Unde
482 1058 535 1098 et
550 1047 856 1114 Gregorius
881 1064 899 1097 .-
912 1093 915 1094 γ
929 1064 955 1093 «
985 1047 1241 1112 Magnum
1256 1061 1383 1096 vero

313 1118 471 1168 nobis
517 1117 723 1183 aliquid
765 1116 907 1183 Magi
954 1115 1205 1176 innuunt,
1236 1117 1384 1181 quod

312 1190 372 1239 in
407 1189 684 1256 regionem
723 1205 880 1241 suam
929 1204 1022 1256 per
1050 1188 1194 1239 viam
1221 1188 1382 1238 aliam

310 1269 666 1311 revertuntur.
720 1259 892 1326 Regio
941 1259 1147 1326 quippe
1200 1268 1384 1309 nostra

311 1333 588 1399 paradisus
606 1344 704 1395 est,
719 1335 784 1384 ad
805 1348 988 1399 quam,
1003 1333 1030 1384 J
1034 1348 1128 1383 esu
1145 1331 1379 1397 cognit0‚

311 1403 484 1454 redire
515 1420 612 1470 per
641 1405 784 1455 viam
815 1419 928 1471 qua
951 1403 1222 1463 venimuS,
1251 1418 1382 1468 pro-

313 1476 584 1526 hibemur.
623 1477 671 1526 A
717 1476 935 1542 regione
972 1474 1175 1526 etenim
1201 1484 1383 1524 nostra

310 1546 673 1612 superbiendo
693 1586 706 1608 ‚
739 1545 1134 1606 inobediend0‚
1185 1544 1381 1595 visibi-

310 1616 383 1667 lia
419 1617 715 1683 sequendo,
763 1616 948 1667 cibum
1002 1616 1231 1666 vetitum
1275 1630 1382 1680 gu-

254 1685 261 1690 ‘
310 1690 502 1740 stando
527 1689 904 1751 discessimus3
937 1688 1029 1739 sed
1059 1688 1125 1738 ad
1150 1702 1268 1737 eam
1295 1702 1382 1738 ne-

307 1774 454 1809 cesse
503 1770 584 1810 est
639 1768 698 1809 ut
758 1758 968 1819 flend0‚
1029 1757 1332 1808 obediendo
1363 1796 1377 1819 ,

263 1886 267 1891 ,
308 1828 548 1879 visibilia
592 1828 1010 1889 contemnendo,
1067 1837 1228 1894 atque
1277 1843 1378 1893 ap-

310 1900 539 1965 petitum
587 1900 764 1950 carnis
814 1898 1153 1960 refrenand0,
1205 1901 1380 1951 redea-

309 1991 450 2026 mus.
534 1975 635 2026 Per
694 1975 857 2025 aliam
934 1990 1062 2041 ergo
1116 1974 1261 2026 viam
1319 1976 1376 2026 in

309 2049 586 2115 regionem
615 2059 856 2101 nostram
870 2049 1223 2115 regredimur,
1235 2065 1378 2117 quo·

308 2120 456 2169 niam
511 2119 606 2186 qui
657 2136 690 2171 a
729 2120 960 2186 paradisi
1008 2120 1220 2187 gaudiis
1284 2136 1379 2187 per

306 2191 689 2244 delectamenta
726 2192 1106 2254 discessimus,
1144 2193 1211 2244 ad
1261 2193 1378 2245 haec

307 2279 402 2329 per
453 2265 690 2316 lamenta
764 2280 1076 2316 revocamur
1125 2282 1140 2316 ε
1179 2285 1207 2314 n
1248 2266 1378 2317 =haec

308 2335 630 2402 Gregorius.
677 2336 760 2387 Ad
808 2337 911 2387 hoc
951 2336 1114 2387 etiam
1160 2336 1376 2403 signifi-

305 2406 539 2456 candum
587 2407 734 2472 quod
774 2422 869 2472 per
913 2407 1073 2458 aliam
1129 2407 1272 2460 viam
1315 2407 1374 2458 in

305 2475 579 2540 regionem
643 2485 885 2527 nostram
946 2477 1121 2527 redire
1174 2478 1373 2528 debea-

304 2559 447 2602 muS,
493 2544 762 2594 Dominus
802 2545 946 2611 Papa
985 2545 1040 2595 in
1070 2548 1372 2612 processio-

304 2613 468 2664 nibus
495 2613 632 2664 redit
671 2629 764 2679 per
816 2615 978 2665 aliam
1018 2615 1180 2676 viam,
1210 2617 1278 2668 ab
1312 2633 1372 2669 ea

304 2698 398 2748 per
424 2699 589 2749 quam
631 2693 712 2734 est
739 2700 1003 2750 egressus.
1027 2715 1088 2724 —
1112 2687 1254 2753 Magi
1276 2704 1371 2738 ve-

302 2771 365 2806 ro
391 2756 588 2807 reversi
617 2757 856 2809 studiose
879 2759 1002 2825 plus
1028 2775 1192 2826 quam
1218 2761 1370 2827 prius

301 2830 475 2880 Deum
529 2832 767 2883 colentes
808 2832 1265 2900 glorificaverunt,
1318 2846 1371 2887 et

301 2901 651 2966 praedicantes
678 2905 879 2955 multos
905 2905 1235 2957 erudierunt.

371 2986 433 3037 19
470 2972 671 3022 Aurum
699 2975 895 3025 Manu-2
922 2991 1102 3026 nunu
1141 2992 1367 3029 zoam-1-

302 3054 418 3101 nus,
450 3056 591 3092 uuor:
619 3059 981 3098 moran-rum
1021 3052 1364 3100 'pnaecommn

301 3139 362 3148 -
417 3111 508 3161 Pie
568 3124 748 3164 autem
793 3117 935 3167 credi
967 3128 1141 3183 potest
1158 3157 1171 3179 ,
1218 3120 1364 3186 quod

302 3182 537 3234 Domina
578 3187 907 3252 paupertatis
964 3190 1225 3254 amatrix,
1271 3206 1366 3241 ze-

299 3253 419 3303 lans
485 3253 695 3306 fortiter
758 3273 856 3322 pro
904 3271 1212 3326 paupertate
1232 3298 1246 3321 ,
1313 3270 1365 3312 et

301 3322 606 3389 intelligens
650 3326 776 3376 Filii
839 3327 923 3378 stii
982 3322 1316 3382 voluntatem
1347 3370 1362 3394 ,

297 3408 473 3448 totum
501 3414 693 3450 aurum
714 3401 856 3452 infra
879 3418 1074 3469 paucos
1097 3404 1210 3455 dies
1241 3421 1364 3472 pau-

296 3470 516 3536 peribus
540 3473 794 3539 erogavit.
835 3475 990 3526 Unde
1020 3477 1238 3542 quando
1274 3477 1363 3528 in—

296 3541 456 3592 travit
477 3545 763 3610 templum,
795 3563 906 3597 non
937 3547 1127 3608 habuit
1164 3549 1229 3599 de
1252 3566 1361 3616 quo

294 3627 497 3678 agnum
536 3627 766 3680 emeret,
821 3634 984 3684 quem
1024 3618 1236 3671 offerret
1262 3636 1361 3687 pro

296 3683 454 3749 Filio,
487 3686 580 3736 sed
608 3688 742 3739 emit
765 3698 1002 3740 turtures
1038 3691 1120 3741 vel
1149 3693 1363 3742 colum-

296 3756 416 3818 baS‚
461 3775 586 3825 quae
636 3771 748 3812 erat
798 3778 1095 3830 pauperum
1140 3765 1358 3818 oblatio,

293 3828 459 3881 Vides
487 3832 600 3883 haec
627 3836 897 3900 praeconia
938 3838 1264 3903 paupertatis
1301 3839 1359 3890 in

295 3900 551 3956 duobus:
582 3907 785 3972 primo,
846 3909 976 3975 quia
1015 3910 1178 3963 hodie
1227 3926 1359 3977 puer

1456 442 1463 448 -
1496 408 1651 458 Jesus
1680 407 2078 472 eleemosynam
2114 405 2320 478 accepit
2341 414 2403 456 ut
2429 401 2570 471 pau-‘-

1497 492 1608 542 per,
1634 486 1688 528 et
1724 478 1891 527 Mater
1918 492 2014 527 sua
2050 476 2332 539 similiter;
2369 492 2572 527 secun-

1494 548 1582 607 do,
1612 546 1743 613 quia
1770 563 1882 597 non
1910 548 2087 597 solum
2116 563 2222 596 non
2245 548 2568 613 procurabat

1493 618 1789 684 acquirere,
1826 619 1918 669 sed
1946 618 2109 669 etiam
2147 634 2267 684 quae
2297 618 2567 669 dabantur

1494 688 1708 738 nolebat
1753 688 1995 738 retinere.
2042 688 2370 738 lncrescebat
2416 689 2565 738 desi-

1491 760 1702 811 derium
1732 760 2087 826 paupertatis;
2140 760 2185 810 si
2217 771 2397 811 autem
2427 762 2565 812 bene

1491 831 1786 892 attendisti,
1825 841 1877 882 et
1912 830 2247 897 profunditas
2277 831 2444 883 crevit
2468 833 2565 884 hu-

1449 917 1463 925 *
1492 899 1758 952 militatis.
1808 902 1947 951 Sunt
1989 902 2149 951 etiam
2200 901 2296 967 qui
2331 917 2388 951 se
2428 902 2564 953 viles

1491 980 1543 1020 et
1570 971 1804 1037 abjectos
1844 972 1904 1022 in
1933 971 2115 1021 animo
2155 988 2253 1022 suo
2293 982 2562 1038 reputant,

1491 1051 1543 1092 et
1590 1042 1647 1092 in
1677 1044 1848 1094 oculis
1886 1044 2002 1093 suis
2034 1060 2143 1094 non
2189 1045 2558 1107 extolluntur;

1490 1113 1583 1163 sed
1622 1113 1701 1164 sic
1737 1129 1853 1165 esse
1883 1115 2075 1166 nolunt
2115 1116 2173 1165 in
2204 1115 2379 1165 oculis
2418 1115 2561 1165 alio-

1491 1201 1632 1237 rum.
1674 1186 1795 1237 Non
1825 1187 1903 1237 sic
1941 1203 2076 1254 puer
2103 1188 2258 1238 Jesus
2287 1187 2561 1238 Dominus

1491 1256 1771 1321 omnium;
1804 1257 1965 1308 etiam
2008 1257 2130 1307 aliis
2171 1273 2299 1307 suos
2323 1257 2562 1307 defectus

1490 1339 1541 1380 et
1569 1329 1696 1380 vilia
1727 1340 1904 1396 patere
1928 1330 2121 1391 voluit,
2162 1340 2215 1380 et
2244 1346 2352 1382 non
2381 1331 2562 1397 parvis

1490 1412 1542 1452 et
1570 1402 1771 1467 paucis,
1800 1404 1892 1453 sed
1920 1403 2139 1469 regibus
2163 1413 2215 1453 et
2245 1419 2433 1453 eorum
2468 1420 2563 1454 so·-

1490 1476 1606 1536 ciis,
1637 1491 1777 1542 quos
1815 1476 1873 1527 in
1903 1477 2163 1528 comitatu
2192 1493 2291 1527 suo
2320 1478 2563 1529 adduxe-

1489 1554 1627 1606 rant,
1667 1556 1718 1596 et
1751 1546 1808 1596 in
1838 1546 1929 1597 tali
1955 1559 2081 1597 casu
2124 1557 2177 1597 et
2211 1557 2474 1614 tempore,
2510 1548 2566 1599 in

1487 1634 1597 1685 quo
1640 1620 1877 1670 multum
1906 1620 2211 1671 timendum
2251 1630 2378 1671 erat.
2428 1622 2568 1671 Nam

1488 1709 1611 1743 cum
1652 1694 1731 1745 illi
1761 1694 2022 1756 venirent,
2048 1705 2108 1746 ut
2137 1693 2314 1761 regem
2340 1696 2562 1747 Judaeo-

1489 1778 1631 1826 rum,
1667 1778 1830 1830 quem
1876 1765 2039 1815 etiam
2067 1765 2242 1815 Deum
2284 1781 2399 1816 esse
2438 1781 2559 1818 cre-

1486 1836 1717 1901 debant,
1758 1835 2092 1899 invenirent,
2123 1838 2369 1889 dubitare
2402 1848 2559 1904 pote—

1487 1919 1637 1973 rant,
1706 1924 1775 1959 ne
1841 1909 2038 1960 talibus
2091 1911 2157 1961 de
2225 1910 2344 1975 ipso
2391 1911 2556 1971 visis,

1487 1989 1793 2044 reputantes
1838 1994 1896 2029 se
1929 1981 2145 2030 delusos
2163 2020 2176 2040 ‚
2206 1980 2321 2031 sine
2348 1980 2454 2031 fide
2505 1992 2560 2033 et

1484 2047 1765 2100 devotione
1871 2050 2187 2101 recederent.
2279 2052 2381 2101 Sed
2462 2067 2560 2103 nec

1487 2128 1764 2185 propterea
1799 2118 2010 2169 dimisit
2050 2119 2375 2171 humilitatis
2417 2136 2559 2171 ama-

1487 2200 1600 2253 tor,
1633 2191 1766 2243 dans
1798 2191 1956 2243 nobis
1988 2194 2322 2259 exemplum,
2355 2210 2422 2245 ne
2452 2195 2556 2246 sub

1486 2261 1662 2327 specie
1714 2262 1938 2327 alicujus
1974 2264 2281 2328 apparentis
2314 2265 2441 2315 boni
2477 2281 2552 2316 re·
2629 2276 2649 2293 ⁶

1484 2331 1736 2381 cedamus
1784 2332 1852 2382 ab
1901 2331 2206 2383 humilitate
2228 2372 2242 2398 ,
2299 2344 2351 2384 et
2402 2337 2548 2400 quod

1483 2404 1753 2456 discamus
1797 2406 1960 2456 etiam
2005 2406 2058 2456 in
2096 2407 2328 2457 aliorum
2377 2409 2549 2460 oculis

1482 2477 1616 2528 viles
1641 2488 1693 2528 et
1718 2478 1907 2544 abjecti
1935 2481 2070 2530 velle
2097 2496 2367 2546 apparere.

1545 2571 1612 2605 20
1647 2556 1744 2606 Pu
1794 2572 2196 2608 courssupmno
2248 2560 2443 2609 Mamm
2493 2575 2547 2610 m

1481 2641 1765 2678 PRAEsamo.
1800 2655 1864 2667 —
1897 2628 2174 2693 Expeditis
2225 2628 2390 2694 igitur
2430 2631 2548 2681 Ma·—

1479 2698 1590 2764 giS‚
1620 2708 1674 2749 et
1691 2714 1879 2750 versus
1907 2700 2134 2766 patriam
2166 2716 2319 2752 suam
2340 2718 2550 2768 regres-

1478 2770 1573 2834 sis,
1611 2771 1788 2821 adhuc
1823 2780 1926 2822 stat
1950 2771 2185 2822 Domina
2208 2773 2395 2822 mundi
2419 2789 2548 2847 cum

1475 2858 1641 2909 puero
1704 2859 1804 2895 suo
1852 2845 1977 2896 Jesu
1996 2884 2008 2904 ,
2065 2855 2116 2895 et
2148 2846 2373 2896 nutritio
2432 2848 2548 2912 ejus

1474 2916 1675 2982 Joseph
1714 2919 1857 2983 apud
1886 2933 2139 2984 praesepe,
2179 2918 2234 2968 in
2266 2919 2359 2968 illo
2392 2920 2548 2970 locel-

1475 2986 1528 3037 lo
1573 2988 1832 3054 patienter
1860 2999 1913 3039 et
1953 2989 2233 3039 humiliter
2261 3005 2435 3056 usque
2479 2992 2545 3040 ad

1475 3058 1949 3124 quadragesimum
1978 3060 2141 3120 diem,
2170 3075 2229 3110 ac
2261 3060 2306 3110 si
2338 3060 2544 3126 quaevis

1475 3129 1671 3180 mulier
1694 3129 1799 3180 alia
1826 3130 1893 3181 de
1921 3132 2139 3197 popu10‚
2162 3140 2215 3181 et
2239 3147 2370 3196 puer
2392 3131 2545 3183 Jesus

1474 3198 1642 3251 homo
1667 3216 1836 3266 purus
1864 3211 2021 3260 esset,
2061 3211 2113 3252 et
2143 3201 2246 3266 ipsi
2272 3201 2428 3267 Legis
2453 3203 2545 3253 ob·

1472 3270 1770 3320 servatione
1806 3271 2126 3337 indigerent.
2159 3271 2341 3322 Stabat
2379 3272 2545 3338 igitur

1472 3340 1705 3391 Domina
1730 3340 1979 3407 vigilans,
1992 3352 2044 3392 et
2072 3352 2269 3393 attenta
2292 3359 2453 3409 super
2464 3344 2543 3395 di-

1472 3413 1590 3463 lecti
1612 3412 1735 3463 Filii
1760 3413 1844 3464 sui
1864 3415 2120 3466 custodia.
2153 3416 2202 3466 O
2225 3432 2349 3466 cum
2374 3432 2537 3483 quan-

1471 3491 1525 3533 ta
1551 3481 1915 3534 sollicitudine
1944 3494 1996 3534 et
2036 3485 2315 3551 diligentia
2354 3486 2535 3552 ipsum

1471 3552 1819 3618 gubernabat,
1855 3569 1923 3605 ne
1956 3556 2039 3605 vel
2076 3555 2133 3605 in
2170 3555 2401 3606 minimo
2438 3557 2536 3607 de-

1468 3624 1666 3676 fectum
1696 3626 1939 3679 haberet!
1972 3628 2110 3678 Cum
2148 3639 2348 3695 quanta
2374 3629 2534 3681 etiam

1468 3697 1790 3757 reverentia,
1837 3699 2063 3760 cautela,
2108 3708 2158 3751 et
2207 3701 2298 3766 pio
2338 3701 2533 3751 timore

1468 3770 1649 3836 ipsum
1706 3773 2090 3834 contrectabat,
2146 3788 2309 3840 quem
2371 3789 2529 3825 suum

1468 3842 1640 3893 Deum
1689 3851 1740 3894 et
1788 3843 2084 3893 Dominum
2131 3859 2248 3895 esse
2298 3843 2529 3895 sciebat!

1468 3913 1646 3966 Flexis
1691 3914 1912 3982 quidem
1961 3915 2208 3982 genibus,
2241 3915 2532 3982 accipiebat
