2784 4452
350 382 417 433 26
1073 381 1314 434 PRIMAE
1349 382 1599 437 PARTIS
1629 384 1863 435 CAPUT
1894 385 1983 436 111.

344 499 673 552 Scholastica
729 499 969 550 Historia
1016 516 1034 549 t
1119 499 1415 552 Piscatores

345 572 493 622 enim
524 571 743 639 quidam
783 581 891 621 rete
920 572 977 621 in
1011 587 1156 622 mare
1184 572 1414 623 mitten-

345 654 444 705 tes,
487 660 611 694 casu
653 644 889 694 mirabili
923 660 1167 694 mensam
1194 660 1415 696 auream

343 725 702 775 extraxerunt,
742 730 863 781 quae
924 715 1029 781 ipsi
1079 715 1181 766 soli
1238 726 1413 767 mate-

343 786 482 847 riali,
552 801 715 852 quem
782 801 914 851 gens
991 785 1085 837 illa
1152 796 1412 853 tanquam

343 857 516 907 Deum
557 856 724 907 coluit
769 857 946 907 oblata
989 855 1093 907 fuit
1148 855 1209 908 in
1267 867 1413 907 tem-

343 931 451 996 plo,
482 931 643 996 quod·
669 929 871 979 ibidem
913 930 970 979 in
999 931 1180 981 littore
1221 931 1410 992 mariS,

342 1002 404 1054 in
459 1003 648 1053 sabulo
704 1012 1073 1067 constructum
1128 1013 1257 1055 erat.
1311 1005 1413 1054 Per

340 1075 491 1126 illam
547 1090 819 1136 mensam,
893 1091 1013 1142 quae
1083 1074 1142 1126 in
1204 1077 1409 1142 templo

341 1145 474 1197 solis
524 1144 816 1196 materialis
869 1156 950 1196 est
1004 1145 1202 1206 oblata,
1273 1146 1411 1197 bene

338 1224 421 1265 est
462 1215 630 1264 Maria
670 1214 913 1281 figurata,
958 1232 1081 1283 quae
1119 1232 1249 1267 vero
1274 1218 1412 1279 Soli,

338 1284 395 1334 id
437 1294 517 1335 est
559 1300 776 1335 summo
817 1287 949 1348 De0,
1001 1296 1053 1338 et
1096 1287 1155 1337 in
1206 1288 1411 1354 templo

335 1354 479 1406 Solis
519 1356 785 1406 aeternalis
825 1366 906 1406 est
945 1357 1139 1408 oblata.
1171 1357 1240 1407 Et
1281 1358 1413 1423 pul-

337 1425 466 1476 chre
505 1440 600 1490 per
642 1442 887 1477 mensam
931 1426 1098 1477 Maria
1139 1437 1222 1478 est
1262 1426 1410 1495 figu-

337 1504 467 1556 rata,
518 1495 644 1560 quia
701 1512 795 1562 per
838 1513 955 1547 eam
1004 1497 1234 1548 coelestis
1291 1513 1410 1548 esca

339 1563 499 1616 nobis
535 1575 616 1615 est
644 1568 861 1630 collata3
899 1582 1024 1616 nam
1056 1566 1175 1632 ipsa
1200 1566 1408 1627 Filium

336 1636 436 1688 Dei
475 1636 658 1687 Jesum
704 1637 984 1687 Christum
1028 1636 1188 1687 nobis
1239 1652 1408 1703 gene-

339 1707 492 1768 ravit,
535 1707 630 1773 qui
672 1724 771 1758 nos
803 1723 903 1758 suo
944 1723 1165 1774 corpore
1193 1717 1247 1757 et
1274 1723 1406 1757 san-

338 1777 503 1842 guine
543 1776 878 1829 refocillavit.
938 1780 1090 1839 Item,
1123 1793 1405 1844 praemon-

338 1855 501 1898 strata
540 1846 644 1897 fuit
692 1863 786 1914 per
835 1847 1028 1914 Jephte
1067 1846 1256 1899 filiam.
1297 1847 1403 1899 Sed

1523 501 1615 552 illa
1641 517 1708 552 ex
1733 502 1961 568 abrupto
1999 512 2050 553 et
2070 503 2359 555 indiscrete
2389 503 2592 566 oblata,

1522 572 1634 622 Deo
1677 581 1859 637 postea
1884 573 2084 624 servire
2111 574 2376 640 nequivit,
2418 575 2599 627 Maria

1521 657 1648 693 vero
1698 642 1799 693 rite
1847 653 1899 693 et
1941 643 2165 694 discrete
2216 644 2411 704 oblata,
2463 653 2595 710 post

1521 713 1851 764 oblationem
1891 729 2045 764 suam
2098 730 2311 779 semper
2348 715 2596 769 Domino

1521 785 1769 849 servivit;
1820 785 1913 836 illa
1966 796 2088 852 post
2143 785 2424 837 victoriam
2477 787 2596 839 ho·-

1520 856 1688 906 stium
1728 857 2125 923 temporalium,
2156 873 2254 923 pro
2288 857 2592 924 gratiarum

1520 927 1745 988 actione,
1793 927 1961 978 Maria
2000 938 2124 978 ante
2156 929 2455 990 victoriam,
2482 944 2593 994 pro

1511 996 1753 1063 *victoriae
1795 997 2037 1049 hostium
2075 997 2455 1063 temporalium
2483 999 2599 1050 colr-

1519 1067 1797 1118 locatione.
1845 1067 2086 1127 Qualiter
2120 1077 2300 1119 autem
2334 1068 2447 1118 Deo
2482 1083 2600 1122 set-

1517 1136 1670 1199 vivit,
1714 1147 1767 1189 et
1803 1153 1966 1204 quam
2006 1138 2174 1189 vitam
2215 1137 2424 1200 habuit,
2483 1139 2601 1194 hoc

1519 1205 1585 1259 in'
1622 1208 1782 1258 horto
1829 1208 1923 1258 illo
1959 1223 2222 1274 suspenso
2256 1208 2600 1262 demonstra-

1517 1286 1637 1328 tum
1665 1277 1768 1329 fuit
1795 1293 1958 1344 quem
1989 1294 2081 1328 rex
2112 1279 2398 1328 Persarum
2425 1279 2597 1331 uxori

1518 1348 1576 1398 in
1604 1350 1710 1399 alta
1737 1358 2003 1400 structura
2044 1348 2334 1414 plantavit,
2374 1348 2442 1400 de
2472 1364 2597 1415 quo

1518 1419 1744 1484 patriam
1799 1434 1953 1470 suam
2009 1419 2076 1469 de
2121 1420 2281 1485 longe
2334 1428 2598 1471 contem-

1518 1491 1650 1555 plari
1680 1491 1969 1554 affectavit;
2012 1507 2106 1557 per
2142 1507 2307 1557 quam
2333 1501 2597 1542 contem-

1516 1562 1713 1626 plativa
1743 1563 1853 1613 vita
1880 1562 2061 1612 Mariae
2079 1562 2418 1628 designatur,
2459 1577 2599 1628 quae

1515 1634 1575 1683 in
1620 1636 1823 1700 templo
1877 1633 2098 1684 Domini
2139 1633 2594 1700 contemplationi

1516 1703 1797 1765 insistens,
1856 1704 2083 1771 patriam
2135 1705 2404 1756 coelestem
2443 1718 2595 1756 sem-

1514 1789 1609 1840 per
1642 1775 2120 1843 contemplabatur.

1326 2046 1599 2100 ORATIO

396 2208 447 2260 O
489 2207 656 2275 Virgo
682 2208 977 2275 virginum,
1017 2209 1202 2270 Maria,
1230 2224 1351 2276 quae
1384 2223 1479 2261 nec
1503 2209 1746 2277 ¹primam
1786 2207 2018 2260 similem
2057 2210 2174 2259 visa
2220 2222 2295 2272 eS,
2346 2221 2441 2259 nec
2470 2207 2586 2261 ha-

337 2280 458 2332 bere
497 2287 812 2346 sequentem,
864 2296 985 2343 quae
1022 2280 1196 2347 prima
1243 2281 1385 2331 inter
1425 2280 1656 2332 feminas
1689 2280 1959 2332 servandae
2003 2279 2332 2345 virginitatis
2385 2289 2587 2334 votum

334 2350 547 2411 vovisti,
580 2362 632 2401 et
660 2351 959 2417 gloriosum
1001 2367 1203 2402 munus
1245 2352 1359 2402 Deo
1399 2351 1664 2413 obtulisti,
1695 2366 1821 2404 cum
1847 2351 1950 2401 hoc
1978 2367 2009 2401 a
2036 2351 2187 2401 nullo
2216 2350 2441 2401 homine
2476 2366 2586 2402 nee

332 2423 495 2475 verbo
523 2423 823 2483 didicisseS‚
852 2440 949 2474 nec
978 2425 1223 2489 exemplo
1250 2424 1317 2474 ad
1343 2423 1707 2476 imitationem
1738 2423 1960 2474 invitata
1988 2423 2202 2485 fuisseS,
2238 2423 2448 2490 hacque
2472 2422 2586 2475 vir-

330 2504 446 2546 tute
470 2504 523 2545 et
555 2496 741 2545 ceteris
783 2507 970 2546 ornata
1006 2497 1118 2546 Deo
1161 2496 1431 2561 placuisti,
1471 2505 1525 2547 et
1561 2496 1775 2547 vivendi
1818 2496 2125 2562 exemplum
2162 2496 2421 2547 omnibus
2455 2495 2583 2546 reli·-

329 2566 498 2632 quisti
534 2581 548 2615 ε
577 2566 831 2631 deprecor
860 2566 1156 2620 bonitatem
1180 2576 1329 2617 tuam
1361 2566 1707 2629 immensam,
1737 2577 1797 2618 ut
1825 2577 1904 2628 tu,
1935 2583 2214 2618 summum
2256 2582 2441 2618 meum
2487 2580 2577 2617 so-

328 2638 540 2698 latium,
585 2639 788 2704 dirigas
823 2639 989 2689 vitam
1037 2654 1235 2699 meam,
1265 2655 1461 2706 meque
1488 2649 1610 2692 tuas
1648 2641 1872 2692 virtutes
1904 2650 1958 2691 et
2000 2642 2243 2707 exempla
2278 2656 2376 2706 pro
2413 2653 2580 2707 posse

330 2709 534 2760 imitari
562 2709 738 2770 facia5‚
767 2720 821 2760 et
856 2709 1083 2775 gratiam
1111 2719 1261 2761 tuam
1296 2726 1512 2777 semper
1533 2712 1721 2764 adesse
1750 2712 1888 2763 mihi
1917 2712 2191 2764 concedas.
2218 2713 2414 2766 Amen.

1205 3038 1541 3109 CAPUT
1589 3040 1720 3108 III.

933 3289 1038 3356 De
1087 3288 1615 3383 desponsatione
1659 3288 1953 3358 Mariae.

391 3550 411 3585 1
439 3535 737 3586 Concmun
757 3551 925 3586 suren
947 3537 1142 3587 Manu:
1164 3553 1320 3588 voro·
1334 3566 1397 3576 —

320 3603 487 3669 Virgo
538 3604 720 3671 itaque
782 3605 1005 3656 Domini
1059 3605 1227 3657 Maria
1264 3622 1389 3657 cum

319 3674 488 3723 aetatis
528 3691 779 3740 processu
822 3675 1067 3742 quotidie
1105 3676 1273 3726 etiam
1330 3676 1389 3726 in

321 3744 611 3798 virtutibus
648 3746 955 3814 proficiebat
966 3763 981 3811 ;
1025 3757 1077 3797 et
1128 3747 1258 3815 quia
1287 3763 1389 3813 pa-

321 3824 404 3867 ter
469 3827 520 3867 et
574 3830 742 3871 mater
801 3834 919 3869 eam
972 3819 1383 3886 dereliquerant,

322 3889 593 3942 Dominus
632 3907 752 3942 eam
787 3890 1095 3957 assumpsit.
1130 3892 1385 3952 Quotidie

324 3977 560 4029 namque
621 3966 689 4016 ab
729 3964 951 4032 Angelis
1002 3963 1383 4030 frequentaba-

1503 3547 1608 3598 tur,
1677 3537 1921 3604 quotidie
2004 3537 2188 3589 divina
2254 3537 2569 3594 visitatione

1497 3608 1793 3671 fruebatur,
1832 3625 1952 3676 quae
1997 3625 2115 3660 eam
2150 3625 2180 3659 a
2223 3609 2382 3661 malis
2437 3626 2570 3662 orn-

1500 3680 1664 3732 nibus
1712 3681 2061 3743 custodiebat,
2093 3691 2144 3732 et
2176 3681 2336 3732 bonis
2374 3682 2570 3734 omni-

1497 3751 1601 3803 bus
1671 3752 1970 3804 redundare
2059 3752 2311 3817 faciebat3
2380 3754 2568 3820 itaque

1494 3820 1573 3871 sic
1639 3837 1811 3890 usque
1878 3823 1945 3873 ad
2012 3839 2219 3874 annum
2288 3823 2568 3877 decimum

1492 3904 1746 3960 quartum
1801 3896 2059 3961 pervenit.
2106 3897 2262 3946 Tunc
2316 3894 2568 3949 Pontifex

1490 3965 1704 4033 publice
1758 3967 2127 4030 denuntiavit,
2205 3977 2264 4020 ut
2321 3967 2566 4036 virgines
