2784 4452
372 379 443 431 28
1030 378 1267 429 PRIMAE
1302 377 1550 430 PARTIS
1582 380 1816 432 CAPUT
1850 381 1936 432 111.

363 495 665 547 custodiam
736 509 766 544 a
829 495 1098 545 sacerdote
1167 504 1435 559 acceperat

360 567 428 618 ad
464 567 689 616 domum
722 575 1006 631 parentum
1035 565 1093 615 in
1138 564 1429 624 Nazareth,

362 651 570 688 reversa
633 645 729 695 est,
785 636 991 686 habens
1043 650 1226 704 secum
1284 650 1435 685 more

360 707 522 758 solito
570 706 655 756 sui
717 706 940 772 pudoris
983 707 1230 757 custodes
1275 715 1328 756 et
1365 715 1436 755 te-

361 786 487 837 steS,
534 777 652 827 sine
685 793 793 843 quo
834 793 1115 844 nunquam
1155 777 1430 843 processit.

362 848 518 900 Unde
539 849 914 916 Hieronymus
936 866 953 898 .-
985 867 1012 895 α
1042 849 1181 900 Cum
1209 863 1269 898 ea
1285 863 1434 898 sem-

360 934 456 986 per
495 920 831 986 singularum
880 920 1143 970 virtutum
1176 919 1434 986 pudicitia

359 1006 539 1041 comes
556 990 809 1040 irremota
822 990 1040 1051 mansit,
1065 990 1193 1056 quia
1205 990 1433 1040 omnino

359 1065 534 1130 pudor
598 1063 912 1114 individuus
960 1063 1262 1129 virginitati
1317 1079 1435 1114 esse

360 1138 534 1198 debet,
566 1137 683 1188 sine
710 1154 819 1204 quo
844 1137 1058 1188 castitas
1084 1153 1206 1188 vera
1234 1138 1432 1188 servari

359 1224 471 1259 non
502 1219 692 1274 potest.
726 1228 753 1256 »
782 1210 1075 1276 Nunquam
1097 1208 1262 1275 igitur
1283 1209 1434 1259 beata

357 1278 525 1330 Maria
555 1279 672 1330 sine
701 1280 924 1345 pudoris
944 1280 1027 1330 sui
1057 1280 1274 1330 custode
1316 1295 1434 1346 pro-

357 1349 535 1400 cessit.
590 1351 791 1416 Joseph
830 1367 1048 1417 quoque
1086 1351 1304 1402 secessit
1335 1350 1433 1401 ibi-

360 1424 483 1473 dem
512 1433 580 1483 et,
612 1434 799 1473 mutua
828 1425 1246 1490 desponsatione
1276 1425 1429 1485 facta,

358 1494 557 1543 recedit
589 1494 646 1544 in
667 1496 892 1545 domum
914 1510 1086 1556 suam,
1114 1510 1231 1545 eam
1252 1495 1433 1561 dispo·

355 1565 578 1626 siturus,
610 1576 662 1616 et
691 1568 898 1632 nuptiis
932 1567 1231 1617 necessaria
1259 1567 1433 1632 provi·

358 1651 536 1687 surus·
599 1637 726 1688 Fuit
795 1639 975 1704 itaque
1028 1637 1196 1703 Virgo
1264 1637 1431 1688 Maria

357 1707 560 1774 Joseph
603 1709 720 1758 viro
767 1725 876 1759 suae
919 1709 1094 1759 tribus
1130 1710 1430 1774 desponsa-

361 1788 433 1838 ta,
479 1779 607 1845 quia
644 1780 841 1830 mulier
863 1780 980 1829 viro
1007 1780 1226 1830 alterius
1253 1779 1430 1829 tribus

367 1849 570 1899 nubere
630 1866 740 1899 non
795 1860 1018 1916 poterat,
1082 1851 1298 1917 quando
1362 1851 1429 1900 ad

365 1918 541 1985 ipsam
583 1920 850 1970 hereditas
902 1929 1122 1985 paterna
1188 1919 1429 1986 pertine-

364 1990 473 2041 bat.
517 1991 675 2041 Beata
706 2001 886 2041 autem
930 1991 1096 2057 Virgo
1124 1991 1230 2041 fuit
1270 1990 1431 2041 unica

360 2063 606 2114 Joachim
661 2064 798 2129 patri
857 2079 974 2124 su0‚
1041 2065 1327 2115 succedens
1369 2064 1428 2114 in

363 2132 677 2194 hereditate,
704 2143 756 2183 et
790 2133 911 2183 ideo
936 2150 1000 2184 ex
1033 2136 1171 2201 Lege
1199 2134 1428 2200 cogeba-

358 2214 449 2255 tur
488 2204 604 2255 viro
641 2221 750 2256 suae
787 2205 962 2257 tribus
995 2206 1212 2258 nubere.
1251 2206 1430 2256 Ambo

361 2284 543 2327 autem
584 2276 651 2327 de
691 2278 875 2327 eadem
919 2276 1065 2328 tribu
1101 2287 1269 2338 erant,
1301 2277 1432 2343 quia

366 2346 529 2397 ambo
575 2362 606 2396 a
647 2348 816 2397 David
877 2348 1290 2413 descenderant;
1335 2348 1429 2399 sed

366 2419 536 2469 Maria
573 2435 668 2484 per
716 2421 949 2481 Nathan,
993 2431 1045 2472 et
1085 2422 1284 2488 Joseph
1335 2438 1430 2488 per

357 2490 722 2542 Salomonem.
761 2492 827 2540 Et
866 2492 987 2542 licet
1025 2494 1225 2558 Joseph
1267 2493 1428 2543 etiam

358 2572 640 2626 cogeretur
682 2564 749 2612 ad
775 2564 1184 2614 matrimonium
1212 2576 1429 2615 contra—

357 2631 601 2682 hendum
643 2633 938 2683 secundum
978 2635 1236 2700 temporis
1281 2635 1430 2685 illius

359 2703 603 2764 modum,
645 2714 826 2755 tamen
871 2706 1101 2755 habebat
1143 2706 1430 2773 virginita-

358 2783 469 2825 tem
513 2774 570 2824 in
603 2776 867 2827 desiderio
910 2787 964 2827 et
1001 2778 1294 2843 propositO,
1336 2779 1429 2828 sed

362 2845 606 2895 nondum
644 2857 971 2911 expresserat
1023 2848 1079 2897 in
1107 2859 1249 2898 voto·
1280 2849 1431 2899 Con-

360 2914 524 2964 traxit
581 2916 760 2981 itaque
822 2917 1232 2968 matrimonium
1305 2935 1429 2968 cum

360 2983 605 3049 Virgine,
666 2987 1010 3038 committens
1053 3003 1110 3039 se
1165 2988 1429 3039 voluntati

361 3052 576 3105 divinae.
625 3056 691 3105 Et
739 3058 1084 3121 postmodum
1138 3073 1203 3109 ex
1247 3058 1431 3110 divina

362 3124 685 3175 revelatione
724 3127 925 3191 Joseph
962 3127 1181 3194 agnovit
1225 3144 1430 3195 propo-

363 3194 531 3245 situm
583 3197 789 3258 Mariae,
836 3207 888 3247 et
930 3208 1059 3249 tunc
1087 3215 1152 3249 ex
1179 3215 1429 3249 commu-

363 3267 421 3317 ni
463 3283 729 3319 consensu
767 3280 1027 3320 voverunt
1063 3272 1428 3338 virginitatem

361 3353 586 3390 servare.
634 3340 790 3391 Unde
831 3342 1127 3392 secundum
1155 3343 1430 3409 Augusti-

361 3426 502 3472 num,
569 3411 735 3461 Maria
781 3422 834 3462 et
891 3414 1091 3479 Joseph
1141 3423 1428 3480 antequam

360 3479 496 3531 facta
537 3490 674 3531 esset
703 3492 889 3532 mutua
920 3484 1282 3548 desponsati0‚
1313 3484 1431 3534 vir-

360 3551 641 3617 ginitatem
671 3569 876 3604 servare
917 3565 1329 3621 proposuerunt,
1377 3565 1432 3605 et

362 3632 586 3689 uterque
610 3626 882 3676 consensit
910 3627 968 3676 in
995 3626 1427 3687 matrimonium,

361 3696 681 3746 revelatione
696 3697 928 3762 Spiritus
943 3697 1138 3748 Sancti.
1159 3698 1266 3748 Nec
1278 3698 1431 3748 aliter

363 3767 721 3817 consensisset
739 3768 796 3817 in
821 3770 1066 3827 alterum,
1090 3767 1194 3817 nisi
1209 3768 1430 3819 docente

364 3833 568 3899 Spiritu
597 3839 808 3898 Sanct0,
825 3839 957 3888 alter
980 3837 1199 3888 alterius
1225 3854 1429 3904 cogno-

362 3904 528 3955 visset
556 3908 921 3973 propositum3
954 3909 1046 3958 sed
1066 3918 1247 3975 postea
1278 3919 1431 3959 uter-

365 3988 471 4040 que
528 3977 864 4042 propositum
908 3994 1070 4030 suum
1124 3979 1433 4046 exprimens

1543 496 1725 557 verb0,
1773 497 1885 547 Deo
1928 508 2190 548 voverunt
2220 498 2616 564 virginitatem.

1601 581 1639 630 4
1660 567 1856 617 Josnpn
1893 585 1959 618 Ετ
1992 583 2105 619 ιΡεΕ
2129 584 2306 619 waso,
2337 598 2396 607 —
2417 570 2620 621 Adhuc

1541 637 1720 698 enim,
1769 648 1830 688 ut
1887 640 2151 699 creditur,
2198 641 2398 706 Joseph
2454 642 2618 708 virgo

1541 718 1671 770 erat,
1703 710 1855 774 cujus
1899 710 2035 760 ratio
2084 711 2197 761 haec
2225 726 2341 761 esse
2382 721 2561 777 potest
2601 729 2618 762 ε

1542 779 1670 846 quia
1732 797 1855 830 cum
1923 781 2175 831 Christus
2237 782 2294 830 in
2359 783 2619 847 passione

1542 865 1636 900 sua
1679 851 1814 901 nulli
1853 861 2080 901 matrem
2129 852 2444 903 servandam
2492 864 2615 905 tra-

1539 921 1677 972 didit
1712 921 1819 972 nisi
1864 922 2091 987 virgini,
2137 938 2246 971 non
2289 933 2370 973 est
2406 925 2616 989 proba-

1541 993 1647 1044 bile
1692 994 1838 1061 quod
1893 1004 2017 1044 ante
2073 1005 2414 1060 conceptum,
2474 996 2614 1046 dum

1538 1065 1713 1114 adhuc
1746 1074 1885 1116 esset
1949 1066 2226 1130 juvencula
2244 1104 2257 1124 ,
2313 1067 2617 1117 traderetur

1538 1136 1697 1186 alicui
1772 1137 2150 1196 custodienda,
2196 1136 2303 1186 nisi
2378 1137 2610 1204 virgini.

1538 1210 1665 1260 Fuit
1699 1220 1877 1260 autem
1925 1211 2075 1260 beata
2113 1210 2280 1276 Virgo
2308 1210 2616 1283 desponsa-

1536 1289 1589 1330 ta
1628 1281 1845 1345 Joseph,
1891 1296 2004 1330 non
2048 1280 2463 1345 desponsatione
2514 1280 2615 1332 fu-

1537 1360 1685 1402 turas
1715 1352 1931 1419 nuptias
1962 1351 2341 1416 promittente3
2384 1352 2474 1402 sed
2506 1352 2615 1403 de·-

1536 1424 1883 1489 sponsatione
1913 1433 1965 1473 et
2001 1439 2266 1473 consensu
2314 1439 2407 1491 per
2445 1424 2614 1476 verba

1536 1496 1602 1546 de
1643 1495 1910 1562 praesenti.
1958 1496 2023 1545 Et
2073 1495 2145 1545 ita
2181 1511 2367 1550 verum
2415 1496 2618 1547 matri-

1537 1569 1787 1619 monium
1831 1568 1935 1618 fuit
1976 1568 2118 1617 inter
2171 1568 2337 1633 ipSOS,
2380 1579 2433 1619 et
2472 1585 2614 1619 con·-

1536 1651 1913 1704 summatum3
1995 1640 2366 1691 solemnitates
2458 1643 2617 1693 enim

1537 1711 1849 1777 nuptiarum
1892 1728 2002 1762 non
2032 1721 2161 1761 sunt
2209 1712 2275 1761 de
2311 1713 2619 1765 substantia

1535 1782 1889 1842 matrimonii,
1932 1783 2077 1832 unde
2113 1783 2313 1847 Joseph
2354 1793 2408 1833 et
2434 1798 2611 1849 spon-

1534 1867 1629 1902 sus
1672 1861 1725 1902 et
1761 1852 1845 1902 vir
1888 1853 2004 1917 ejus
2052 1853 2187 1902 solet
2226 1853 2420 1903 vocari.
2454 1854 2613 1906 Unde

1534 1923 1666 1974 dicit
1701 1924 1893 1990 Hugo,
1926 1924 2071 1989 quod
2101 1939 2224 1973 cum
2259 1924 2410 1974 beata
2436 1925 2608 1992 Virgo

1533 1993 1901 2059 virginitatem
1944 1993 2195 2053 vovisset,
2249 2004 2308 2043 ‘et
2359 2004 2609 2058 parentes

1534 2078 1652 2112 eam
1698 2063 1901 2114 nubere
1958 2063 2221 2128 juberent,
2267 2064 2467 2114 timens
2513 2064 2612 2117 illa

1534 2133 1855 2183 inobediens
1915 2148 2031 2183 esse
2091 2133 2431 2198 parentibus,
2494 2150 2610 2197 ,nec

1534 2202 1864 2269 virginitatis
1942 2204 2281 2269 propositum
2363 2204 2610 2256 deserere

1534 2275 1745 2334 volenS,
1770 2290 1865 2339 per
1892 2273 2157 2339 Spiritum
2193 2276 2447 2324 Sanctum
2471 2274 2608 2325 edo-

1534 2353 1615 2393 cta
1640 2343 1999 2395 commisit‘se
2021 2345 2151 2403 De0,
2182 2354 2380 2393 certam
2401 2344 2611 2396 habens

1534 2413 1787 2464 fiduciam
1826 2416 1973 2481 quod
2024 2430 2141 2465 eam
2188 2414 2372 2464 divina
2433 2414 2610 2465 mise-

1535 2483 1765 2534 ricordia
1814 2483 1890 2535 ita
1941 2484 2250 2544 custodiret,
2300 2495 2362 2534 ut
2422 2495 2611 2549 posset

1535 2554 1849 2619 parentibus
1895 2554 1951 2604 in
1995 2555 2359 2605 contrahendo
2407 2556 2607 2606 matri-

1534 2627 1724 2676 monio
1782 2627 2145 2678 obedientiam
2204 2628 2490 2688 exhibere,
2552 2639 2608 2680 et

1533 2707 1714 2748 tamen
1755 2708 1942 2748 votum
1989 2698 2316 2764 virginitatis
2353 2714 2464 2748 non
2506 2714 2606 2749 co-

1534 2778 1745 2834 geretur
1784 2768 2045 2834 frangere.
2090 2770 2156 2819 Et
2215 2769 2370 2834 ponit
2412 2785 2603 2821 exem-

1534 2843 1687 2907 plum
1733 2842 1799 2892 de
1840 2843 2132 2902 Abraham,
2164 2843 2260 2908 qui
2301 2843 2603 2909 repromis-

1533 2912 1743 2962 sionem
1784 2923 2052 2979 acceperat
2088 2913 2145 2962 in
2183 2912 2391 2963 semine
2433 2914 2600 2975 Isaac,

1534 2999 1694 3050 quem
1738 2994 1917 3035 tamen
1956 2993 2137 3051 postea
2164 2984 2345 3048 jussus
2379 2994 2459 3034 est
2487 2984 2602 3034 im-

1534 3056 1755 3116 molare,
1803 3055 1888 3106 cui
1929 3055 2158 3122 jussioni
2198 3054 2391 3119 paruit,
2423 3051 2604 3108 sciens

1535 3141 1632 3191 pro
1700 3135 1863 3186 cert0,
1946 3124 2076 3191 quia
2139 3125 2240 3174 etsi
2300 3125 2602 3176 secundum

1535 3197 1830 3246 humanam
1896 3195 2160 3245 rationem
2238 3194 2595 3260 promissioni

1534 3268 1798 3318 contraria
1840 3267 2111 3317 videretur
2163 3267 2351 3332 iussin,
2394 3282 2598 3318 secun-

1534 3340 1665 3389 dum
1728 3338 1875 3389 illam
1936 3349 2116 3389 tamen
2164 3340 2436 3399 virtutem,
2487 3354 2606 3403 qua

1534 3410 1646 3460 Deo
1700 3409 1980 3475 possibilia
2041 3419 2169 3459 sunt
2218 3409 2422 3469 omnia,
2475 3424 2605 3460 cum

1534 3479 1840 3529 obedientia
1873 3480 2131 3546 jussionis
2175 3479 2387 3545 impleri
2420 3489 2608 3545 posset

1535 3549 1841 3615 promissio,
1898 3550 2091 3616 Sicque
2137 3550 2333 3600 factum
2390 3559 2488 3609 est,
2541 3560 2618 3602 ut,

1533 3629 1586 3670 et
1629 3619 1946 3670 obedientioe
1997 3620 2260 3670 inveniret
2322 3619 2602 3681 meritum,

1534 3700 1587 3740 et
1606 3689 1986 3756 promissionis
2018 3698 2434 3755 consequeretur
2466 3688 2603 3755 effe-

1535 3773 1710 3827 ctum3
1767 3763 1842 3813 ita
1881 3763 2057 3828 potuit
2092 3778 2209 3814 esse
2237 3762 2293 3812 in
2319 3761 2605 3828 proposito

1535 3835 1601 3885 de
1647 3835 1797 3889 beata
1846 3834 2086 3900 Virgine.

1600 3906 1629 3957 5
1665 3908 2055 3957 memurssu
2088 3922 2154 3955 ET
2178 3920 2604 3955 Foecunmrarmt

1536 3995 1731 4031 murt
1762 3995 1829 4038 nr
1876 3994 2075 4029 naam-r
2118 3980 2317 4028 Manui.
2346 4006 2405 4015 —
2443 3977 2605 4028 Circa
