2784 4452
446 350 546 399 140

438 459 555 499 stus
578 448 762 511 evasit,
795 446 1028 497 insinuat
1045 461 1267 512 corpora
1296 454 1504 510 marty—

438 536 579 579 rum,
619 519 687 569 ab
729 518 912 584 impiis
950 533 1106 583 posse
1145 516 1376 583 perimi;
1409 516 1504 565 sed

439 589 740 653 Christum,
770 605 865 655 pro
884 604 994 655 quo
1012 587 1308 654 persecutio
1335 586 1503 646 saevit,

437 662 745 712 nullatenus
771 676 929 726 posse
949 676 981 711 a
1001 659 1249 712 fidelibus
1271 658 1467 709 auferri
1489 673 1505 708 ε

437 733 569 784 Sive
599 734 736 784 enim
781 733 1027 795 vivimuS‚
1069 732 1184 782 sive
1223 730 1503 792 morimur,

438 805 659 856 Domini
685 819 890 855 sumuS.

509 894 528 928 1
543 878 570 928 5
600 879 742 938 Qun>
761 894 1065 928 monituri-:n
1077 892 1368 928 smmi-'tcm-
1385 891 1508 925 rur:-

439 965 622 999 ιιοιωκ
672 964 994 999 ‘raucmxrto
1045 949 1063 998 2
1120 977 1182 987 —
1233 946 1506 998 Moraliter

437 1019 689 1069 occidunt
735 1035 931 1085 pueros
971 1020 1171 1070 multos
1192 1058 1206 1080 ,
1257 1029 1308 1069 et
1358 1017 1507 1068 mul—

437 1090 694 1156 tipliciter
713 1128 728 1154 ,
794 1091 997 1141 Pharao
1071 1090 1466 1156 submergendo
1489 1125 1504 1148 ,

440 1163 680 1212 Herodes
727 1163 1093 1213 detruncando
1123 1202 1137 1223 ,
1204 1161 1507 1213 Antiochus

439 1233 832 1299 suspendend0,
848 1233 988 1283 Medi
1004 1234 1320 1299 sagittando,
1335 1234 1395 1283 In
1411 1232 1508 1282 flu-

439 1303 585 1353 mine
604 1304 996 1370 submergente,
1020 1304 1350 1371 significatur
1373 1304 1511 1354 dele-

440 1374 599 1425 ctatio
618 1375 892 1441 praesentis
909 1377 1227 1442 voluptatis3
1247 1376 1305 1426 in
1328 1375 1507 1441 gladio

437 1448 806 1509 detruncante,
837 1449 1066 1500 inflictio
1093 1449 1373 1515 praesentis
1411 1449 1509 1498 ad-

439 1520 703 1570 versitatis
723 1535 738 1582 3
762 1519 818 1569 in
849 1520 1040 1585 sagitta
1058 1520 1124 1571 de
1144 1521 1304 1585 longe
1326 1534 1511 1585 percu-

439 1592 636 1651 tiente,
668 1591 833 1642 timor
861 1594 1052 1642 l'uturae
1078 1591 1416 1656 asperitatis;
1450 1590 1507 1640 in

440 1665 727 1731 suspendio
757 1680 897 1731 spes,
927 1664 1039 1716 sive
1061 1665 1284 1714 ambitio
1312 1664 1508 1715 futurae

438 1736 822 1802 prosperitatis,
852 1736 939 1787 Sic
971 1752 1096 1802 ergo
1121 1736 1389 1795 diabolus,
1411 1735 1506 1802 qui

441 1806 665 1868 Phara0,
713 1807 767 1857 id
812 1817 891 1857 est
920 1807 1199 1873 dissipans
1221 1820 1322 1870 per
1364 1807 1508 1858 invi—

441 1879 625 1940 diam;
653 1878 746 1945 qui
776 1879 1031 1938 Herodes,
1063 1878 1114 1928 id
1147 1889 1228 1929 est
1255 1878 1510 1944 glorians

434 1964 538 2015 per
577 1950 880 2015 superbiam
900 1965 920 2011 ;
955 1949 1050 2015 qui
1087 1950 1293 2009 Medus,
1337 1950 1390 1999 id
1431 1958 1510 2000 est

442 2035 775 2082 mensurans,
832 2020 1032 2070 scilicet
1081 2021 1252 2086 culpae
1292 2035 1508 2086 poenam

442 2108 538 2159 per
559 2094 755 2144 malam
785 2092 1131 2143 intentionem
1154 2108 1170 2156 ;
1201 2092 1296 2158 qui
1323 2092 1512 2142 Antio-

440 2163 593 2224 chus,
640 2163 693 2214 id
737 2174 818 2215 est
855 2162 1122 2214 silentium
1163 2162 1511 2229 paupertatis

436 2250 540 2302 per
596 2235 1035 2301 fraudulentiam
1052 2252 1073 2298 ,-
1143 2245 1509 2301 paupertatem

441 2310 584 2360 enim
613 2311 765 2369 celat,
803 2318 854 2359 et
877 2308 1091 2359 divitias
1121 2308 1377 2374 suggerit.
1407 2308 1510 2358 Hic

443 2380 639 2431 occidit
684 2396 879 2446 pueros
944 2381 1237 2430 secundum
1279 2389 1513 2445 quatuor

442 2451 762 2510 affectiones,
785 2467 905 2516 quae
932 2460 1062 2501 sunt
1084 2451 1341 2516 gaudium
1373 2465 1513 2516 prae-

442 2520 607 2569 sentis
633 2520 1017 2585 prosperitatis,
1051 2532 1101 2570 et
1136 2536 1257 2587 spes
1299 2520 1510 2580 futurae,

439 2591 658 2642 tristitia
688 2593 960 2656 praesentis
1004 2592 1320 2659 asperitatiS,
1363 2603 1417 2644 et
1449 2592 1515 2643 ti-

445 2678 565 2711 mor
600 2661 808 2713 futurae.
851 2663 915 2713 Et
955 2673 1035 2713 est
1081 2664 1314 2715 notabile
1365 2666 1512 2732 quod

445 2732 843 2785 interficiuntur
882 2734 1054 2799 pueri,
1093 2734 1147 2784 in
1179 2751 1290 2801 quo
1329 2737 1515 2787 stulti-

443 2804 551 2869 tia;
601 2805 655 2855 in
698 2805 1033 2870 Bethlehem,
1075 2805 1133 2856 in
1185 2822 1295 2873 quo
1337 2808 1517 2857 abun-

445 2877 666 2941 dantia;
712 2894 743 2928 a
781 2878 985 2928 bimatu
1027 2887 1079 2928 et
1119 2877 1273 2943 infra,
1308 2878 1363 2928 in
1404 2895 1515 2945 quo

446 2951 928 3015 superabundantia
969 2967 983 3001 :
1032 2960 1083 3001 et
1131 2950 1234 3000 hoc
1292 2966 1517 3017 compa-

447 3019 646 3082 tiend0,
676 3021 823 3088 luget
849 3020 1095 3073 Ecclesia.

520 3090 583 3141 16
617 3093 778 3142 {nom
822 3108 1230 3155 con-ranunrun,
1261 3109 1314 3143 11<
1344 3094 1516 3145 AEmc-

447 3176 593 3215 Ρτυκ
619 3179 884 3214 mrum-rr:
908 3165 1138 3216 Donum.
1167 3194 1229 3204 —
1253 3166 1394 3217 Cum
1413 3181 1516 3216 au-

446 3245 556 3287 tem
577 3237 744 3288 Maria
766 3246 817 3286 et
836 3238 1035 3303 Joseph
1053 3254 1178 3289 cum
1199 3254 1365 3304 puero
1388 3238 1515 3288 Jesu

446 3307 703 3359 intrarent
756 3310 1073 3376 AEgyptum,
1129 3311 1312 3361 omnia
1372 3309 1515 3360 idola

445 3379 593 3431 illius
615 3380 902 3445 provinciae
935 3381 989 3430 in
1017 3381 1230 3446 templis
1258 3380 1372 3430 suis
1392 3395 1513 3430 cor-

443 3462 682 3512 ruerunt,
713 3450 851 3502 sicut
872 3466 965 3516 per
983 3451 1299 3516 prophetam
1321 3450 1513 3502 Isaiam

440 3521 610 3573 fuerat
639 3521 1036 3589 prophetatum.
1063 3522 1306 3572 Tradunt
1342 3522 1510 3583 enim,

441 3596 588 3661 quod
627 3595 766 3645 sicut
807 3594 865 3644 in
900 3594 1048 3645 exitu
1080 3592 1317 3645 filiorum
1350 3596 1511 3645 Israel

438 3668 507 3718 de
526 3668 782 3734 AEgypt0,
805 3683 913 3717 non
932 3665 1034 3718 fuit
1055 3668 1252 3718 domus
1269 3667 1508 3734 AEgypti,

439 3740 495 3789 in
519 3755 643 3806 qua,
673 3741 787 3790 Deo
820 3748 1152 3805 procurante,
1182 3755 1287 3789 non
1322 3741 1511 3804 jaceret

440 3821 686 3862 mortuus
708 3809 1112 3877 primogenitus,
1138 3808 1210 3860 ita
1229 3826 1326 3861 nec
1346 3812 1509 3861 modo

441 3884 544 3935 fuit
589 3884 850 3950 templum
898 3885 952 3934 in
998 3884 1248 3950 AEgypto‚
1301 3884 1358 3935 in
1398 3900 1508 3950 quo

444 3970 553 4005 non
576 3954 861 4007 corruisset
879 3954 1118 4019 idolum
1146 3955 1282 4007 sicut
1309 3965 1362 4007 et
1388 3966 1510 4008 ante

1074 329 1317 383 PRIMAE
1348 328 1604 380 PARTIS
1637 328 1872 380 CAPUT
1897 330 2036 380 XIII.

1607 458 1784 493 arcam
1828 442 2047 493 Domini
2087 441 2289 493 corruit
2325 442 2510 510 Dagon
2550 441 2684 493 ido-

1610 513 1743 573 lum,
1774 528 1898 563 cum
1941 528 2063 563 arca
2097 512 2575 580 appropinquasset
2606 514 2677 563 ad

1607 584 1808 650 ipsum.
1838 583 2195 650 spiritualiter
2226 584 2384 634 etiam
2414 594 2679 634 corruunt

1608 654 1753 713 vitia,
1801 653 2136 719 ingrediente
2170 653 2404 703 Domino
2447 653 2677 704 domum

1608 726 1882 790 cujusque,
1930 724 2080 789 prius
2115 725 2379 775 desertam
2424 740 2519 791 per
2549 740 2680 790 pec-

1607 807 1735 847 cata.
1759 798 1828 847 Ut
1853 796 2015 847 etiam
2037 796 2233 847 dicitur
2262 796 2316 847 in
2349 796 2680 849 Scholastica

1609 867 1847 928 historia,
1876 870 2092 934 quando
2118 868 2376 919 ,Ieremias
2407 868 2462 918 in
2500 869 2682 934 AEgy-

1608 953 1699 1009 pto
1742 958 1836 1009 per
1866 942 2227 1008 captivitatem
2254 944 2450 993 ductus
2484 942 2681 1002 fuerat,

1610 1017 1946 1084 prophetavit
1969 1017 2047 1069 eis
2066 1019 2210 1084 quod
2240 1019 2295 1068 in
2314 1018 2515 1081 future,
2537 1032 2685 1084 quae·

1608 1091 1732 1140 dam
1770 1090 1937 1155 Virgo
1979 1090 2217 1155 paritura
2256 1098 2413 1148 esset,
2455 1099 2509 1139 et
2548 1099 2683 1139 tunc

1608 1176 1800 1212 omnes
1831 1161 1926 1219 dii,
1969 1171 2022 1211 et
2060 1160 2243 1211 omnia
2274 1160 2417 1210 idola
2455 1158 2682 1225 AEgypti

1609 1242 1838 1283 ruerent.
1902 1231 2121 1298 Egyptii
2189 1247 2314 1296 ergo
2384 1230 2682 1295 imaginem

1608 1304 1847 1370 Virginis
1888 1320 2013 1354 cum
2047 1305 2217 1354 Puero
2253 1303 2586 1369 sculpebant,
2628 1311 2689 1353 et

1610 1375 1713 1441 ipsi
1737 1376 1968 1426 honores
1985 1374 2325 1424 exhibebant.
2345 1375 2477 1424 Haec
2497 1382 2684 1423 autem

1612 1444 1909 1512 prophetia,
1956 1446 2117 1494 modo
2169 1444 2386 1510 quando
2428 1442 2686 1494 Christus

1611 1531 1736 1566 cum
1782 1518 1949 1566 Matre
1988 1515 2201 1566 intravit
2239 1515 2553 1580 AEgyptum,
2597 1523 2687 1564 est

1612 1587 1847 1653 impleta,
1892 1602 2015 1638 nam
2063 1586 2244 1636 omnia
2284 1585 2427 1635 idola
2457 1585 2688 1651 AEgypti

1610 1668 1944 1717 corruerunt,
1975 1668 2026 1708 et
2050 1657 2352 1723 Virginem,
2371 1656 2513 1706 sicut
2537 1671 2687 1721 prae-

1610 1731 1812 1781 dictum
1857 1730 2046 1794 fuerat,
2096 1730 2363 1795 peperisse
2409 1728 2688 1779 indicave-

1610 1813 1749 1855 runt.
1794 1806 1909 1855 Hoc
1948 1804 2091 1854 idem
2144 1802 2538 1869 praefiguratum
2577 1800 2689 1852 fuit

1612 1877 1669 1927 in
1715 1878 1900 1943 Moyse
1937 1886 1990 1927 et
2033 1877 2327 1934 Pharaone,
2363 1874 2419 1924 in
2464 1872 2687 1925 confra-

1612 1950 1790 2000 ctione
1840 1950 1937 2000 Dei
1975 1949 2062 1999 sui
2106 1948 2444 2007 Hammonis,
2489 1956 2542 1998 et
2585 1963 2689 1998 co·

1612 2039 1771 2073 ronae.
1794 2023 1865 2073 Ut
1880 2022 2027 2073 enim
2043 2021 2100 2071 in
2113 2020 2441 2072 Scholastica
2457 2018 2690 2072 historia

1612 2096 1825 2157 dicitur,
1867 2095 2071 2146 Pharao
2111 2110 2205 2145 rex
2240 2093 2478 2160 AEgypti‚
2520 2108 2687 2142 coro-

1616 2186 1740 2220 nam
1761 2167 1995 2234 regalem
2019 2165 2265 2226 habebat,
2296 2164 2352 2214 in
2374 2178 2481 2230 qua
2503 2163 2690 2230 imago

1613 2243 1708 2293 Dei
1740 2241 1822 2292 sui
1854 2238 2171 2290 Hammonis
2198 2237 2436 2304 AEgyptii
2475 2238 2690 2303 sculpta

1614 2313 1800 2365 fuerat.
1842 2311 1978 2361 Filia
2023 2325 2149 2376 ergo
2201 2308 2512 2368 Pharaonis,
2561 2323 2689 2374 quae

1615 2386 1857 2450 Moysem
1887 2397 2118 2448 puerum
2158 2380 2212 2431 in
2255 2379 2429 2429 filium
2469 2379 2691 2444 adopta-

1612 2466 1786 2521 verat,
1828 2464 2010 2521 postea
2060 2454 2287 2520 quadam
2337 2451 2454 2502 vice
2495 2452 2691 2502 decre-

1616 2529 1691 2579 vit
1716 2567 1732 2588 ,
1796 2537 1859 2578 ut
1922 2541 2047 2577 eum
2117 2523 2376 2575 Pharaoni
2440 2522 2553 2589 regi
2607 2524 2694 2574 vi-

1616 2602 1852 2652 dendum
1934 2598 2207 2664 praeberet.
2293 2595 2393 2647 Cui
2481 2595 2691 2648 Pharao

1616 2674 1873 2731 alludenS,
1899 2685 2156 2721 coronam
2181 2684 2332 2719 suam
2353 2668 2691 2733 imponebat,

1617 2760 1780 2811 quam
1806 2742 1897 2792 ille
1925 2742 1981 2790 in
2023 2750 2218 2791 terram
2260 2739 2547 2805 projiciens
2589 2753 2691 2804 pe·-

1620 2816 1765 2866 nitus
1821 2812 2206 2878 confringebat.
2265 2812 2330 2861 Et
2385 2826 2511 2860 cum
2557 2825 2688 2861 eum

1618 2888 1859 2939 occidere
1886 2885 2163 2944 voluisset,
2191 2883 2441 2934 dixerunt
2460 2882 2692 2949 quidam

1619 2961 1764 3028 quod
1797 2975 1928 3026 puer
1956 2959 2062 3008 hoc
2092 2974 2155 3008 ex
2183 2955 2487 3022 insipientia
2523 2954 2695 3006 secis-

1620 3043 1716 3083 set.
1738 3033 1968 3096 Moyses,
1990 3039 2127 3080 nutu
2151 3029 2268 3087 Dei,
2295 3028 2527 3077 salvatus
2557 3035 2640 3076 est
2657 3042 2693 3078 a

1623 3119 1751 3154 nece
1777 3100 2066 3152 Pharaonis
2085 3115 2099 3163 3
2121 3130 2124 3135 -
2143 3099 2220 3150 sic
2249 3097 2516 3157 Christus,
2550 3105 2693 3147 nutu

1619 3174 1734 3233 Dei,
1759 3173 1995 3222 salvatus
2028 3181 2110 3221 est
2136 3171 2201 3220 de
2228 3168 2406 3235 gladio
2435 3167 2694 3218 Herodis·

1619 3245 1833 3309 Moyses
1885 3251 2042 3292 natus
2087 3251 2185 3300 est,
2240 3249 2301 3290 ut
2343 3238 2485 3289 filios
2525 3239 2694 3290 Israel

1619 3316 1869 3365 educeret
1927 3315 1994 3364 de
2072 3314 2307 3379 AEgypto
2340 3329 2356 3375 3
2434 3310 2694 3363 Christus

1618 3386 1784 3436 homo
1824 3385 1998 3436 factus
2030 3394 2128 3445 est,
2157 3395 2219 3434 ut
2246 3383 2473 3450 eriperet
2495 3398 2596 3433 nos
2619 3383 2695 3433 de

1617 3459 1849 3510 inferno.
1884 3460 2097 3525 Moyses
2119 3458 2280 3508 deum
2307 3456 2447 3521 regis
2466 3455 2692 3520 AEgypti

1617 3547 1740 3581 cum
1811 3545 2006 3581 corona
2063 3527 2361 3594 confregit;
2433 3525 2694 3578 Christus

1616 3602 1799 3652 omnia
1849 3601 1992 3651 idola
2047 3599 2289 3666 AEgypti,
2345 3607 2399 3649 et
2449 3598 2579 3647 deos
2624 3596 2688 3648 in

1617 3673 1852 3723 nihilum
1881 3672 2101 3737 redegit.
2134 3672 2282 3720 Hanc
2313 3668 2526 3720 ruinam
2558 3667 2692 3717 ido·-

1613 3744 1791 3794 lorum
1819 3743 1911 3793 illa
1931 3753 2103 3793 statua
2131 3740 2499 3808 portendebat,
2518 3753 2692 3805 quam

1614 3827 1705 3863 rex
1735 3813 2230 3863 Nabuchodonosor
2257 3811 2312 3860 in
2330 3826 2524 3862 somno
2543 3808 2693 3860 vide-

1614 3884 1720 3934 bat.
1750 3884 1829 3934 De
1850 3893 2036 3936 monte
2062 3893 2243 3934 autem
2284 3883 2398 3933 sine
2429 3879 2690 3931 manibus

1613 3957 1837 4024 quidam
1884 3957 2021 4023 lapis
2061 3967 2142 4009 est
2192 3954 2485 4016 abscissus,
2528 3962 2580 4005 et
2625 3952 2690 4006 in
