2784 4452
256 401 358 454 232

252 521 356 572 hoc
403 524 771 589 corporaliter,
822 526 966 592 quia,
1019 527 1311 577 secundum

255 593 532 658 Glossam‚
588 597 879 648 verisimile
932 609 1009 648 est
1037 598 1311 648 diabolum

253 663 307 714 in
348 665 582 717 humana
622 669 799 735 specie
839 669 1168 735 apparuisse3
1222 672 1313 721 sed

254 745 432 787 tamen
470 739 719 790 Christus
758 740 834 790 sic
872 740 999 807 egit,
1031 750 1090 792 ut
1128 756 1160 792 a
1215 757 1314 793 ne-

253 809 399 860 mine
433 810 721 863 videretur.
762 813 833 863 Et
870 814 1164 864 secundum
1212 814 1315 865 ali-

257 895 396 946 quos
426 898 551 932 eum
598 883 651 933 in
680 883 915 934 brachiis
942 885 1195 950 portavit3
1226 901 1316 936 se-

256 952 492 1002 cundum
539 953 690 1013 alios,
736 954 801 1004 ad
870 970 1090 1005 manum
1144 956 1314 1017 duxit,

258 1021 354 1088 qui
403 1025 725 1089 sequebatur
772 1040 897 1075 eum
941 1027 1094 1092 quasi
1123 1027 1319 1077 athleta

255 1094 322 1145 ad
347 1095 694 1147 tentationem
743 1108 934 1163 sponte
963 1098 1317 1164 proficiscens.

257 1167 552 1219 Considera
579 1168 669 1219 hic
705 1170 1088 1237 benignitatem
1141 1181 1192 1222 et
1221 1187 1319 1238 pa-

258 1236 503 1287 tientiam
533 1239 778 1303 Domini;
821 1241 1064 1306 permisit
1092 1241 1235 1292 enim
1263 1257 1320 1292 se

258 1307 474 1373 portari,
499 1318 550 1358 et
575 1311 881 1362 contrectari
909 1313 975 1362 ab
1003 1312 1095 1362 illa
1121 1328 1320 1363 cruen-

258 1387 311 1428 ta
326 1378 511 1442 bestia,
538 1395 661 1447 quie
676 1396 836 1432 suum
853 1392 905 1432 et
923 1382 1166 1433 omnium
1194 1382 1323 1434 ami-

260 1466 448 1502 corum
486 1468 708 1505 suorum
741 1455 1055 1522 sanguinem
1084 1456 1317 1507 sitiebat.

264 1522 372 1573 Nec
397 1523 594 1574 mirum
637 1529 929 1577 secundum
961 1529 1316 1594 Gregorium,

262 1594 308 1644 si
337 1611 394 1646 se
441 1597 510 1646 ab
552 1564 645 1648 ilfo
672 1600 915 1664 permisit
955 1601 1097 1666 duci,
1138 1601 1320 1669 quise

263 1668 483 1733 pertulit
521 1684 552 1719 a
593 1672 850 1722 membris
886 1671 1032 1723 illius
1064 1673 1318 1739 crucifigi.

262 1739 341 1789 Et
367 1741 582 1802 statuit,
632 1757 691 1791 ac
727 1743 1019 1803 collocavit,
1069 1755 1185 1794 eum
1223 1758 1320 1795 su-

254 1827 366 1878 pra
388 1812 734 1880 pinnaculum
771 1817 966 1883 templi,
995 1826 1057 1868 ut
1097 1833 1222 1868 eum
1258 1819 1323 1868 de

263 1898 396 1933 vana
419 1884 589 1950 gloria
632 1896 855 1937 tentaret
894 1887 987 1938 ibi.
1030 1888 1321 1938 Sciendum

264 1965 440 2006 autem
491 1959 636 2023 quod
680 1958 736 2008 in
793 1960 992 2026 templo
1027 1970 1180 2011 erant
1214 1971 1324 2011 tres

263 2026 571 2078 mansiones
614 2045 628 2078 ε
675 2028 846 2095 prima
866 2069 881 2095 ,
960 2031 1322 2097 pavimentum

261 2111 436 2162 usque
460 2098 527 2148 ad
578 2099 815 2164 primum
867 2102 1182 2164 tabulatum,
1211 2102 1324 2153 sive

262 2167 520 2219 solarium
550 2170 844 2222 altitudinis
871 2188 975 2223 xxx
998 2173 1319 2235 cubitorum3

262 2243 516 2302 secunda,
545 2258 574 2293 a
603 2244 779 2309 primo
805 2245 999 2296 solario
1039 2262 1212 2313 usque
1257 2249 1320 2297 ad

266 2315 585 2371 secundum,
615 2332 718 2367 xxx
746 2318 908 2368 etiam
935 2319 1133 2369 cubitis
1187 2320 1320 2382 alta3

264 2386 434 2450 tertia,
472 2402 644 2454 usque
684 2390 749 2439 ad
782 2391 998 2440 tertium
1044 2390 1319 2453 solarium,

262 2457 409 2520 quod
433 2468 544 2508 erat
569 2469 766 2509 tectum
794 2461 979 2527 templi
1011 2477 1118 2511 non
1143 2477 1324 2512 came-

263 2536 456 2587 ratum,
498 2528 590 2578 sed
644 2530 886 2593 planum,
936 2530 1231 2582 altitudinis
1255 2548 1322 2583 xi.

264 2595 591 2648 cubitorum.
635 2599 925 2658 Quodlibet
963 2611 1140 2652 autem
1182 2604 1323 2654 sola-

265 2666 409 2716 rium
447 2668 675 2720 habebat
719 2670 774 2721 in
819 2672 1046 2723 circuitu
1092 2674 1323 2725 exterius

265 2752 439 2788 unum
472 2741 972 2804 deambulatorium,
1002 2754 1054 2794 et
1081 2744 1182 2796 ista
1206 2760 1324 2795 am-

267 2810 548 2873 bulatoria,
592 2817 886 2866 secundum
915 2816 1233 2883 magistrum
1264 2818 1319 2867 in

264 2880 530 2948 historiis,
571 2886 819 2938 dicuntur
862 2888 1182 2953 pinnacula,
1225 2904 1324 2939 su-

264 2966 361 3018 per
403 2969 637 3019 quorum
674 2973 845 3008 unum
890 2958 1170 3009 Christum
1210 2969 1322 3009 sta-

264 3022 370 3072 tuit
391 3024 653 3087 diabolus‚
681 3038 731 3078 et
754 3029 889 3079 forte
912 3029 969 3078 in
1000 3028 1324 3080 eminentio-

264 3093 329 3154 ri,
358 3096 440 3145 vel
469 3096 604 3148 forte
637 3098 892 3164 inferiori,
923 3099 1015 3150 ubi
1045 3100 1245 3151 Scribae
1270 3105 1324 3151 e‘t

263 3167 559 3219 sacerdotes
596 3170 1005 3237 alloquebantur
1039 3172 1321 3237 populum,

265 3242 583 3303 exponendo
603 3243 800 3308 Legem
815 3244 1054 3295 Domini.
1085 3245 1155 3294 Et
1179 3254 1320 3308 nota,

265 3312 555 3362 secundum
588 3312 857 3375 Glossam‚
889 3316 1035 3380 quod
1064 3314 1120 3364 in
1149 3329 1213 3364 eo
1240 3315 1324 3364 lo-

266 3394 332 3428 co
356 3380 602 3432 diabolus
636 3382 910 3433 Christum
947 3384 1013 3434 de
1038 3399 1174 3434 vana
1197 3385 1322 3450 glo-

267 3449 345 3500 ria
372 3454 624 3519 tentabat,
655 3454 710 3504 in
734 3469 843 3521 quo
871 3455 1071 3506 multos
1098 3470 1191 3521 per
1224 3472 1323 3508 va-

263 3537 389 3572 nam
427 3524 650 3590 gloriam
678 3526 733 3586 in
768 3526 1016 3577 cathedra
1042 3528 1321 3579 doctorum

266 3591 560 3660 deceperat.
610 3598 675 3647 Et
706 3596 885 3647 simile
919 3598 1106 3647 volens
1138 3598 1324 3663 explo-

267 3679 383 3718 rare
435 3671 581 3735 quod
630 3686 806 3736 supra,
845 3669 1062 3721 tentavit
1105 3685 1229 3720 eum
1259 3672 1326 3721 de

267 3752 401 3789 vana
439 3742 623 3806 gloria,
669 3752 721 3793 et
763 3742 899 3793 dixit
930 3742 1015 3793 ei:
1045 3743 1110 3792 Si
1145 3741 1326 3792 Filius

270 3807 377 3857 Dei
403 3823 477 3871 eS,
512 3812 660 3863 mitte
687 3818 737 3863 te
762 3813 1035 3874 deorsum5
1058 3810 1209 3877 quasi
1239 3811 1325 3860 di-

271 3886 354 3926 cat
384 3893 398 3926 ε
429 3880 638 3932 Virtute
663 3883 878 3949 propria
904 3893 1054 3949 potes
1080 3882 1195 3933 sine
1225 3897 1324 3946 pe-

272 3948 440 4001 riculo
469 3963 521 4004 te
544 3956 754 4008 mittere
788 3957 1060 4017 deorsum,
1084 3966 1137 4007 et
1164 3955 1323 4007 etiam

266 4028 483 4085 propter
509 4025 1217 4094 ministeriumAngelorum
1248 4025 1325 4076 ti-

933 408 1169 459 1³?thAE
1204 408 1449 460 PARTIS
1473 410 1707 463 CAPUT
1738 414 1899 465 XXII.

1418 527 1471 578 bi
1519 530 1882 595 servientium,
1900 542 1950 582 et
1976 541 2030 582 te
2056 533 2488 589 custodientium.

1419 597 1701 664 Cogitabat
1728 601 1874 667 quod
1916 601 1961 651 si
1993 617 2090 674 per
2116 617 2237 653 aera
2259 588 2526 656 volandow'

1418 668 1533 719 sine
1588 670 1804 722 laesione
1879 672 2253 733 descenderet,
2315 674 2489 727 Pilius

1419 738 1518 789 Dei
1546 751 1713 803 esset;
1756 742 2031 809 suasitque
2057 752 2117 793 ut
2144 744 2396 795 deorsum
2427 760 2487 796 se

1421 810 1671 876 mitteret,
1718 823 1779 863 ut
1808 813 1886 864 sic
1916 815 2152 865 cadendo
2188 824 2243 865 et
2273 831 2381 865 non
2428 831 2488 867 se

1421 881 1684 943 laedendo,
1736 868 1986 936 homines
2036 886 2379 948 mirarentur,
2434 896 2488 939 et

1422 951 1602 1018 ipsum
1655 963 1909 1020 tanquam
1957 957 2054 1007 Dei
2100 957 2299 1007 Filium
2333 973 2486 1008 reve-

1423 1031 1625 1087 rentur,
1681 1035 1734 1074 et
1770 1025 1893 1076 inde
1929 1026 2264 1078 occasionem
2310 1028 2489 1079 inanis

1424 1092 1607 1157 gloriae
1635 1105 1948 1156 assumeret,
1989 1111 2112 1146 cum
2154 1097 2333 1148 omnis
2361 1097 2487 1148 civi·

1426 1172 1506 1212 tas
1543 1162 1782 1216 laudaret
1830 1180 1975 1226 eum,
2025 1176 2077 1217 et
2108 1167 2486 1233 magnificaret.

1422 1234 1559 1284 Vere
1611 1233 1873 1285 diabolica
1916 1250 2053 1300 vox,
2083 1238 2205 1303 qu'ae
2258 1254 2366 1293 non
2421 1239 2488 1288 ad

1425 1304 1544 1355 coeli
1586 1319 1884 1365 ascensum,
1925 1306 2019 1356 sed
2065 1307 2131 1357 ad
2169 1308 2485 1358 descensum

1424 1385 1695 1440 provocat,
1750 1386 1802 1426 et
1860 1386 2093 1427 mentem
2141 1378 2381 1430 hominis
2423 1380 2491 1430 de

1422 1448 1598 1498 altiori
1624 1450 1787 1514 gradu
1814 1449 2132 1501 meritorum
2162 1451 2492 1518 praecipitare

1424 1519 1717 1570 contendit.
1771 1521 1891 1572 Non
1938 1520 2081 1570 enim
2128 1537 2267 1587 quos
2294 1523 2493 1588 decipit

1424 1605 1640 1641 sursum
1666 1593 1943 1642 ascendere
1968 1603 2169 1654 monet,
2193 1595 2284 1644 sed
2310 1594 2493 1660 inflima

1425 1671 1690 1727 provocat,
1719 1673 1773 1712 et
1795 1664 2046 1713 deorsum
2079 1680 2233 1715 ruere
2273 1667 2488 1730 suadet;

1427 1733 1556 1801 quia
1600 1745 1746 1801 optat
1804 1751 1993 1786 omnes
2037 1737 2242 1798 cadere,
2286 1738 2381 1805 qui
2431 1754 2493 1790 se

1426 1806 1587 1857 sentit
1624 1823 1732 1873 prae
1775 1808 2028 1859 omnibus
2058 1809 2327 1860 cecidisse.
2357 1810 2492 1861 Dia-

1426 1878 1536 1928 boli
1584 1878 1782 1945 quippe
1835 1889 1932 1939 est,
1990 1889 2188 1930 stantes
2235 1881 2489 1932 deorsum

1428 1949 1663 2013 mittere;
1718 1950 1817 2001 Dei
1870 1961 2046 2002 autem
2093 1952 2319 2016 jacentes
2374 1968 2493 2003 sur·

1426 2037 1548 2072 sum
1594 2022 1812 2089 erigere.
1852 2022 2045 2073 Dicens
2073 2033 2252 2073 autem
2281 2041 2298 2075 z
2324 2024 2489 2076 Mitte

1428 2100 1477 2143 te
1510 2093 1774 2155 deorsum,
1806 2091 2172 2144 infirmitatem
2195 2108 2349 2144 suam
2381 2109 2493 2144 ma·

1427 2163 1662 2225 nifestat;
1693 2164 1819 2232 quia
1837 2163 2039 2214 nemini
2070 2174 2244 2230 potest
2275 2178 2490 2224 nocere,

1426 2235 1529 2286 nisi
1557 2236 1671 2302 ipse
1715 2237 1966 2286 deorsum
2008 2251 2066 2287 se
2096 2236 2320 2287 miserit.
2352 2237 2490 2287 Nam

1427 2307 1541 2374 ipse
1567 2308 1660 2375 qui
1690 2324 1878 2360 omnes
1906 2310 2159 2360 deorsum
2184 2310 2370 2360 cadere
2402 2312 2493 2360 de·

1426 2379 1640 2439 siderat,
1677 2380 1994 2445 persuadere
2030 2379 2252 2446 quidem
2290 2389 2491 2445 potest3

1427 2450 1753 2516 praecipitare
1778 2467 1883 2501 non
1914 2460 2103 2516 potest.
2138 2451 2289 2501 Unde
2318 2451 2494 2518 Chry-

1427 2529 1694 2575 sostomus
1720 2540 1738 2573 .-
1767 2542 1794 2570 α
1824 2523 1944 2573 Non
1993 2522 2128 2573 dixit
2177 2523 2344 2585 mitto,
2427 2538 2495 2574 ne

1427 2598 1538 2649 vim
1584 2597 1753 2648 facere
1804 2597 2076 2660 videatur3
2124 2599 2218 2648 sed
2264 2599 2412 2649 mitte
2445 2604 2496 2649 te

1429 2672 1675 2723 deorsum
1703 2671 1856 2731 dixit,
1900 2681 1959 2721 ut
1995 2672 2313 2736 ostenderet,
2344 2673 2492 2738 quod

1427 2745 1805 2813 unusquisque
1836 2755 2099 2806 nostrum,
2134 2746 2378 2796 libertate
2398 2761 2490 2797 ar-

1427 2816 1573 2867 bitrii
1600 2827 1652 2867 et
1679 2817 1971 2868 voluntatis
2013 2833 2125 2868 suae
2153 2818 2327 2883 culpa,
2351 2817 2493 2868 cadit

1428 2888 1484 2938 in
1509 2899 1759 2940 mortem.
1797 2889 1945 2939 Illius
1981 2898 2061 2939 est
2105 2888 2325 2955 quidem
2361 2904 2493 2939 sua-

1428 2959 1569 3016 dere,
1599 2960 1693 3009 sed
1736 2969 1980 3009 nostrum
2009 2968 2090 3009 est
2116 2958 2492 3023 persuasiones

1428 3029 1542 3094 ejus
1591 3045 1686 3095 per
1714 3029 1872 3095 Legis
1911 3028 2299 3079 observantiam
2338 3043 2492 3095 supe·

1428 3116 1563 3151 rare.
1595 3120 1622 3148 n

1497 3171 1556 3223 13
1592 3172 1863 3223 DrAnoLus
1889 3186 2031 3220 MALE
2057 3186 2123 3220 ετ
2161 3186 2492 3221 raconem-rr:

1426 3258 1666 3292 Λιιεωτ
1709 3244 2058 3292 Seurri-unm.
2091 3269 2153 3279 -
2184 3240 2323 3301 Quia
2365 3256 2493 3292 vero

1428 3311 1678 3362 Christus
1708 3326 1870 3377 supra
1898 3327 2028 3361 usus
2056 3321 2136 3361 est
2164 3310 2493 3374 auctoritate,

1428 3384 1549 3433 ideo
1617 3382 1731 3448 ipse

1426 3454 1730 3520 Scripturae,
1778 3462 1830 3503 et
1860 3452 1964 3502 hoc
2009 3468 2118 3502 non
2164 3461 2226 3502 ut
2268 3452 2496 3501 virtutes

1428 3535 1702 3577 construat
1727 3534 1780 3576 et
1808 3525 2014 3584 doceat,
2057 3526 2150 3575 sed
2199 3534 2261 3574 ut
2289 3538 2496 3575 errores

1427 3598 1648 3664 ingerat,
1693 3608 1745 3648 et
1782 3597 1947 3647 fallat.
1986 3597 2144 3647 Unde
2173 3596 2492 3662 subjungit:

1429 3670 1702 3734 Scriptum
1727 3674 1809 3719 est
1830 3667 1967 3717 enim
2012 3668 2078 3718 de
2110 3674 2175 3730 te,
2208 3667 2412 3717 scilicet
2440 3667 2496 3717 in

1430 3739 1708 3791 Psalmista
1732 3756 1745 3790 ε
1773 3738 1912 3798 Quia
1939 3737 2169 3804 Angelis
2197 3737 2313 3787 suis
2352 3750 2496 3786 man-

1428 3811 1580 3861 davit
1605 3811 1672 3861 de
1714 3816 1778 3872 te,
1814 3819 1876 3859 ut
1902 3817 2215 3859 conservent
2240 3818 2293 3857 te
2319 3821 2350 3856 a
2388 3820 2496 3857 no·-

1426 3891 1696 3945 cumento,
1738 3887 1791 3931 et
1844 3880 1897 3929 in
1926 3878 2169 3929 manibus
2215 3877 2398 3928 tollent
2426 3883 2493 3939 te,

1427 3952 1755 4012 deducend0,
1785 3965 1849 4001 ne
1854 3950 2009 4018 sorte
2036 3948 2281 4015 offendas
2310 3948 2386 3997 ad
2404 3947 2494 3998 la-

1420 4023 1603 4091 pidem
1648 4022 1838 4089 pedem
1880 4027 2040 4082 tuum,
2073 4019 2276 4068 malum
2307 4017 2494 4069 incur-

1828 3382 2193 3432 auctoritatem
2268 3381 2497 3431 assumit
2565 3443 2570 3448 Ι
