2784 4452
860 344 957 396 DE
983 344 1443 398 POENITENTIA
1468 345 1841 398 FACIENDA.

238 462 525 515 nitentiam
555 461 755 528 quippe
794 474 966 528 agere,
1001 474 1081 513 est
1114 473 1169 513 et
1197 478 1310 528 per—

235 543 444 601 petrata
471 533 613 582 mala
631 534 899 599 plangere,
927 542 979 583 et
1008 534 1309 599 plangenda

238 624 351 659 non
397 617 733 673 perpetrare3
774 621 899 657 nam
946 607 1042 673 qui
1086 608 1164 657 sic
1205 607 1309 658 alia

236 681 497 746 deplorat,
537 688 598 729 ut
634 689 813 729 tamen
854 679 958 730 alia
987 679 1304 739 committat,

237 751 415 802 adhuc
435 749 805 816 poenitentiam
828 763 1001 815 agere,
1027 760 1122 801 aut
1143 750 1306 816 igno—

236 834 336 884 rat,
372 833 463 874 aut
498 822 820 874 dissimulat.
870 842 898 871 ι
939 824 1097 875 Unde
1143 824 1305 874 etiam

234 896 578 963 Augustinus
595 910 612 946 .·
632 914 660 942 «ι
680 895 861 946 [nanis
877 905 956 946 est
970 896 1303 962 poenitentia,

232 983 400 1034 quam
477 981 710 1033 sequens
776 967 1093 1033 coinquinat
1133 967 1303 1033 culpa.

155 1032 159 1037 ’
236 1038 391 1088 Nihil
422 1048 650 1104 prosunt
677 1039 926 1099 lamenta,
958 1037 1004 1088 si
1035 1037 1304 1103 replican—

233 1120 328 1160 tur
377 1119 606 1176 peccata.
668 1109 822 1160 Nihil
888 1111 1027 1160 valet
1073 1125 1104 1160 a
1146 1109 1304 1160 malis

236 1182 452 1232 veniam
480 1196 717 1247 poscere,
749 1191 802 1232 et
831 1182 973 1232 mala
996 1181 1174 1232 denuo
1212 1180 1305 1231 ite-

233 1267 432 1304 rare.»
465 1253 532 1303 Et
581 1252 777 1302 iterum
815 1270 828 1303 :
876 1270 905 1300 α
951 1253 1302 1313 Poenitentes,

232 1323 595 1389 poenitentes;
640 1323 685 1373 si
730 1333 910 1374 tamen
949 1323 1080 1374 estis
1123 1322 1302 1388 poeni-

227 1402 424 1458 tentes,
456 1402 508 1443 et
531 1409 641 1442 non
655 1392 959 1454 irridentes,
984 1403 1190 1444 mutate
1214 1392 1304 1443 vi-

227 1474 374 1524 tam,
426 1465 870 1517 reconciliamini.
926 1465 1301 1516 poenitentiam

228 1536 365 1605 agis»,
391 1553 535 1604 genu
558 1536 699 1604 figis,
722 1547 776 1589 et
802 1539 976 1602 rides;
1002 1539 1303 1589 subsannas

228 1610 550 1676 patientiam
603 1610 721 1662 Dei.
776 1610 833 1660 si
884 1610 1153 1676 poenitens
1207 1626 1279 1661 es
1273 1650 1300 1674 ,

229 1682 459 1748 poenitet
495 1692 564 1742 te,
607 1681 653 1732 si
691 1697 801 1732 non
839 1681 1082 1748 poenitet‚
1119 1682 1301 1748 poeni-

227 1763 347 1803 tens
389 1768 501 1802 non
549 1768 639 1817 es3
683 1754 731 1803 si
766 1768 894 1819 ergo
932 1753 1172 1819 poenitet,
1204 1768 1303 1805 cur
1342 1798 1343 1801 ,

222 1824 360 1876 facis
392 1825 538 1891 quod
580 1826 722 1876 male
753 1826 985 1877 fecisiti?
1014 1826 1073 1876 Si
1112 1826 1301 1878 fecisse
1339 1870 1343 1903 ἶ

234 1897 483 1964 poenitet,
512 1899 625 1949 noli
655 1899 856 1964 facere3
879 1899 927 1951 si
950 1899 1128 1951 adhuc
1150 1899 1296 1962 facie,

226 1969 499 2035 poenitens
522 1986 635 2020 non
663 1985 738 2022 es.
769 1989 803 2019 n

295 2057 326 2090 2
363 2042 707 2092 Pana-ranna
739 2057 809 2091 nr:
839 2054 1035 2100 numus
1070 2056 1297 2093 Amuli.

229 2136 291 2150 --
318 2111 397 2169 De
434 2112 641 2179 quibus
669 2122 850 2164 autem
876 2112 1191 2178 poenitentia
1228 2113 1301 2164 sit

223 2184 445 2250 agenda,
481 2193 632 2234 notat
660 2183 804 2234 idem
834 2184 1192 2250 Augustinus,
1224 2184 1302 2236 di-

222 2269 393 2305 cens:
426 2273 462 2302 e
492 2254 630 2305 Tres
671 2265 803 2306 mut
835 2256 1076 2306 actiones
1116 2256 1298 2322 poeni·-

222 2326 425 2376 zentiae.
457 2326 579 2377 Una
618 2335 701 2376 est
730 2341 851 2392 quae
878 2339 1083 2377 novum
1111 2326 1298 2378 homi-

226 2415 359 2450 nem
382 2399 629 2466 parturit,
650 2401 820 2450 donec
844 2414 940 2466 per
954 2400 1296 2467 ,Baptismum

220 2472 477 2535 salutare,
503 2471 753 2521 omnium
776 2471 1170 2536 praeteritorum
1206 2472 1298 2523 fiat

222 2540 433 2591 ablutio
480 2551 836 2607 peccatorum.
896 2541 1095 2592 Omnis
1150 2543 1296 2593 enim
1338 2537 1343 2550 ‘

224 2612 322 2678 qui
355 2613 463 2677 jam
495 2625 608 2662 suae
629 2611 919 2662 voluntatis
939 2613 1140 2663 arbiter
1161 2629 1299 2664 con—
1340 2617 1341 2624 ’

224 2682 463 2733 ,stitutus
497 2693 596 2745 est,
635 2697 759 2733 cum
799 2684 1001 2734 accedit
1038 2684 1106 2734 ad
1133 2698 1298 2735 sacra-

224 2761 413 2803 menta
451 2751 714 2814 fidelium,
757 2753 863 2804 nisi
898 2768 1024 2804 eum
1048 2754 1300 2821 poeniteat

223 2822 349 2873 vitae
383 2824 610 2887 veteris,
650 2838 846 2874 novam
890 2823 1144 2875 inchoare
1188 2840 1298 2876 non
1340 2821 1343 2834 '

222 2905 419 3019 potest.
444 2896 530 2946 Ab
556 2896 658 2947 hac
678 2896 1013 2962 poenitentia,
1041 2897 1141 2947 soli
1172 2911 1299 2963 par-

220 2984 297 3019 vu
321 2986 339 3018 ι
355 3008 372 3030 ,

229 3112 360 3162 bero
382 3112 635 3178 arbitri03
665 3114 868 3180 quibus
884 3123 1062 3164 tamen
1085 3115 1153 3164 ad
1178 3129 1301 3165 con-

224 3182 586 3234 secrationem
641 3185 1132 3251 remissionemque
1158 3195 1159 3198 ’
1184 3186 1302 3236 ori-

226 3254 427 3319 ginalis
451 3255 668 3321 peccati,
702 3257 920 3322 prodest
947 3270 1135 3307 eorum
1164 3256 1300 3308 fides

228 3340 262 3376 a
288 3327 492 3393 quibus
514 3328 830 3390 offeruntur,
850 3340 912 3381 ut
933 3345 1301 3397 quascumque

231 3399 469 3449 maculas
512 3399 853 3462 delictorum,
904 3416 1002 3467 per
1050 3401 1190 3451 alios
1235 3414 1301 3452 ex

222 3470 434 3536 quibus
496 3472 608 3522 nati
664 3482 825 3534 sunt,
884 3482 1297 3535 contraxerunt,

230 3543 463 3594 aliorum
528 3544 691 3594 etiam
767 3545 1186 3612 interrogatione
1249 3554 1302 3597 et

231 3613 586 3680 responsione
630 3624 941 3681 purgentur.
985 3617 1300 3667 Ceterorum

231 3684 525 3736 hominum
570 3686 752 3736 nullus
795 3686 989 3738 transit
1024 3686 1092 3737 ad
1134 3686 1302 3738 Chri-

232 3766 400 3817 stum,
449 3767 513 3807 ut
561 3757 785 3823 incipiat
831 3774 948 3809 esse
990 3759 1137 3825 quod
1189 3773 1301 3808 non

232 3837 362 3889 erat,
389 3828 498 3879 nisi
524 3829 782 3895 poeniteat
808 3845 933 3881 eum
959 3830 1129 3881 fuisse
1156 3829 1302 3896 quod

234 3910 361 3952 erat.
396 3928 459 3940 —-
490 3901 672 3952 Altera
693 3918 819 3953 vero
855 3901 1172 3969 poenitentia
1202 3911 1299 3963 est,

228 3972 387 4038 cujus
424 3973 563 4024 actio
599 3987 694 4040 per
722 3984 891 4026 totam
916 3975 1081 4026 istam
1112 3975 1300 4038 vitam,

439 2984 563 3020 cum
632 2971 970 3036 baptizantur
1024 2971 1300 3023 immunes
1338 2979 1343 3042 ᾗ

216 3052 372 3102 sunt,
402 3044 650 3094 nondum
691 3044 839 3094 enirn
867 3042 947 3093 uti
973 3054 1203 3109 possunt
1231 3044 1300 3094 li-

2381 365 2481 417 ¹99

1413 472 1674 529 perpetua
1719 462 2129 529 supplicationis
2178 465 2487 519 humilitate

1413 533 1695 583 subeunda
1737 543 1835 584 est.
1888 532 2097 594 Primo,
2146 536 2274 600 quia
2318 552 2481 589 nemo

1411 603 1579 653 vitam
1611 612 1869 654 aeternam
1895 604 2177 665 desiderat,
2211 606 2318 656 nisi
2356 623 2485 658 eum

1410 672 1534 723 vitae
1549 674 1712 739 hujus
1731 674 2044 740 temporalis
2060 675 2327 740 poeniteat.
2351 678 2487 737 Quis

1412 744 1642 809 dubitet,
1698 744 1759 795 in
1806 760 2148 811 quacumque
2200 746 2484 812 temporali

1411 817 1663 869 felicitate
1682 834 1978 884 versemur,
2011 819 2268 885 poenitere
2297 830 2484 872 tamen

1412 905 1513 940 nos
1537 891 1744 942 >debere
1781 892 1946 959 hujus
1981 892 2122 953 vim,
2149 902 2209 943 ut
2237 893 2302 942 ad
2331 892 2485 945 illam

1411 964 1874 1032 incorruptionem
1896 975 2011 1017 tom
2037 966 2288 1017 aviditate
2312 983 2488 1019 curra-

1409 1036 1573 1087 mus?
1640 1038 1778 1098 Quis
1846 1055 1974 1105 ergo
2042 1038 2260 1091 festinat
2321 1050 2485 1106 atque

1410 1119 1624 1175 exoptat
1666 1111 1732 1161 ad
1786 1112 2016 1177 patriam
2058 1127 2295 1163 remeare
2311 1151 2326 1173 ‚
2374 1112 2483 1163 nisi
2522 1135 2527 1140 ·

1408 1196 1573 1247 quem
1605 1182 2056 1247 peregrinationis
2084 1198 2195 1234 suae
2222 1183 2484 1249 poenitet?

1407 1255 1548 1314 Quis
1583 1255 1765 1322 itaque
1789 1271 1934 1307 sanae
1963 1256 2163 1307 mentis
2192 1273 2302 1307 non
2328 1257 2483 1323 inge-—

1409 1325 1608 1386 miscit‚
1635 1327 1723 1376 cui
1752 1342 1864 1377 non
1892 1342 1986 1393 per
2005 1327 2388 1394 poenitentiam
2402 1329 2481 1380 sic

1409 1413 1526 1448 esse
1557 1398 1881 1465 displiceat?
1912 1399 2120 1450 Deinde
2148 1402 2318 1450 multa
2355 1411 2486 1452 sunt

1406 1481 1633 1536 peccata,
1668 1485 1790 1538 quae
1830 1472 2079 1539 quamvis
2120 1473 2332 1539 singula
2371 1489 2483 1525 non

1407 1542 1593 1592 lethali
1616 1543 1838 1593 vulnere
1867 1543 2027 1593 ferire
2048 1543 2369 1605 sentiantur,
2395 1555 2483 1596 ta·-

1408 1627 1531 1662 men
1570 1613 1737 1664 simul
1775 1612 1959 1663 omnia
1994 1623 2326 1680 congregata,
2361 1629 2510 1695 quae

1407 1684 1562 1749 plura
1584 1694 1715 1734 sunt
1732 1693 1942 1745 necant,
1960 1683 2067 1734 nisi
2088 1666 2510 1735 medicamento·

1401 1756 1737 1822 quotidianae
1776 1756 2107 1822 poenitentiae
2145 1757 2479 1808 desecentur.

1405 1829 1671 1895 Quisquis
1701 1830 1883 1897 itaque
1919 1830 1965 1881 si
1995 1830 2281 1896 diligenter
2302 1839 2482 1881 atten—

1406 1902 1505 1961 dit,
1544 1901 1674 1952 satis
1706 1901 1963 1968 intelligit
1998 1917 2123 1952 cum
2154 1911 2357 1968 quanto
2393 1916 2482 1968 pe-

1340 1992 1341 1995 *
1404 1971 1575 2022 riculo
1625 1972 1997 2038 peregrinetur
2041 1987 2076 2022 a
2115 1972 2370 2024 Domino.
2413 1999 2481 2011 —

1405 2043 1591 2093 Tertia
1640 2042 1779 2093 actio
1843 2042 2174 2122 poenitentiae
2226 2054 2309 2094 est
2356 2059 2478 2111 quae

1405 2127 1504 2177 pro
1531 2110 1642 2161 illis
1666 2111 1894 2176 peccatis
1914 2112 2195 2162 subeunda
2224 2121 2324 2171 est,
2358 2127 2480 2178 quae

1403 2184 1540 2251 legis
1589 2184 1891 2266 Decalogus
1945 2184 2204 2235 continet.
2260 2185 2320 2235 In
2379 2185 2481 2237 hac

1401 2271 1532 2321 ergo
1555 2255 1870 2322 poenitentia
1893 2256 2149 2320 majorem
2169 2256 2228 2306 in
2254 2271 2311 2307 se
2336 2256 2482 2323 quis-

1403 2343 1510 2394 que
1549 2326 1885 2378 severitatem
1918 2327 2075 2378 debet
2113 2343 2372 2392 exercere,
2418 2338 2481 2379 ut

1403 2414 1434 2449 a
1462 2413 1519 2448 se
1546 2397 1667 2464 ipso
1695 2397 1978 2463 judicatus,
2014 2413 2125 2448 non
2161 2399 2426 2464 judicetur
2443 2414 2481 2450 a

1404 2470 1659 2522 Domino.
1709 2471 2014 2522 Adscendat
2067 2471 2247 2538 itaque
2310 2473 2479 2523 homo

1404 2542 1688 2592 adversum
1729 2556 1789 2593 se
1822 2542 2063 2593 tribunal
2100 2542 2298 2593 mentis
2335 2557 2447 2594 suae
2461 2581 2476 2607 ‚

1404 2612 1692 2664 constituat
1762 2628 1821 2665 se
1880 2623 2003 2665 ante
2052 2613 2242 2664 faciem
2302 2628 2478 2665 suam.

1403 2687 1582 2753 Atque
1619 2686 1694 2737 ita
1724 2686 2019 2737 constituto
2053 2686 2110 2736 in
2135 2687 2312 2737 cordis
2333 2686 2482 2752 judi-

1404 2757 1506 2817 ci0,
1532 2758 1671 2809 adsit
1697 2757 1992 2809 accusatrix
2017 2756 2285 2824 cogitati0,
2324 2756 2481 2808 testis

1406 2829 1764 2890 conscientia,
1815 2828 2052 2879 carnifex
2095 2828 2282 2879 timor.
2348 2828 2479 2879 Inde

1403 2898 1629 2966 quidam
1689 2899 1911 2966 sanguis
1960 2898 2125 2949 animi
2172 2897 2480 2950 confitentis

1406 2985 1501 3036 per
1541 2970 1803 3037 lacrymas
1850 2969 2096 3036 profluat.
2155 2971 2435 3021 Postremo
2461 3008 2479 3033 ,

1399 3044 1473 3093 ‘ab
1502 3044 1619 3109 ipsa
1648 3053 1828 3095 mente
1851 3044 1973 3095 talis
2007 3044 2272 3095 sententia
2296 3044 2480 3110 profe-

1407 3124 1572 3179 ratur,
1609 3125 1671 3166 ut
1693 3130 1751 3166 se
1779 3115 2066 3182 indignum
2092 3117 2260 3167 homo
2283 3116 2481 3181 judicet

1405 3186 1812 3253 participatione
1835 3189 2091 3255 Corporis
2111 3199 2164 3240 et
2186 3186 2480 3254 Sanguinis

1406 3257 1648 3319 Domini,
1679 3267 1739 3308 ut
1765 3258 1860 3325 qui
1881 3259 2113 3326 separari
2138 3274 2169 3309 a
2193 3273 2356 3324 regno
2380 3271 2483 3308 coe-

1407 3330 1586 3380 lorum
1601 3328 1758 3380 timet
1762 3345 1881 3396 ‚per
1893 3331 2142 3382 ultimam
2158 3326 2480 3380 sententiam

1406 3402 1610 3454 summi
1647 3403 1884 3468 Judicis3
1932 3419 2027 3471 per
2068 3401 2480 3453 ecclesiasticam

1401 3472 1751 3539 disciplinam
1795 3491 1828 3526 a
1872 3483 2204 3526 sacramento
2250 3470 2482 3522 coelestis

1406 3545 1563 3610 panis
1573 3555 1863 3611 separetur.
1878 3546 2085 3597 Judicet
2097 3559 2223 3610 ergo
2237 3543 2479 3609 seipsum

1407 3616 1610 3667 homo
1597 3633 1652 3666 m
1686 3617 1836 3681 istis3
1868 3617 2200 3667 voluntatem
2229 3615 2359 3663 dum
2390 3627 2481 3678 po-

1408 3696 1529 3748 test,
1549 3696 1796 3738 etmores
1806 3694 2077 3738 convertat
2093 3685 2155 3735 in
2181 3684 2395 3744 melius,
2411 3698 2481 3734 ne

1407 3773 1533 3807 cum
1556 3759 1662 3823 jam
1682 3775 1794 3809 non
1819 3757 2070 3823 potuerit,
2097 3756 2262 3806 etiam
2288 3764 2482 3821 praeter

1407 3831 1757 3892 voluntatem,
1772 3846 1803 3880 a
1820 3830 2057 3880 Domino
2070 3829 2355 3896 judicetur.
2371 3827 2479 3878 Sed

1409 3902 1456 3952 si
1492 3903 1600 3967 jam
1627 3903 1695 3952 de
1725 3902 1953 3953 sanitate
1995 3902 2285 3967 desperans
2322 3898 2478 3950 addis

1409 3986 1620 4043 peccata
1636 3974 1878 4041 peccatis,
1900 3975 2043 4027 sicut
2054 3975 2318 4042 scriptum
2349 3982 2430 4024 est
2460 3988 2474 4022 ε
