2784 4452
327 255 430 308 228

323 374 530 426 ratione
563 372 781 441 pacifice
836 382 1059 434 tenetur,
1086 388 1181 439 per
1205 374 1391 438 Ange-

321 448 500 498 lorum
575 445 938 497 ministerium
1020 447 1085 497 ad
1159 445 1390 496 coelestia

323 518 729 570 transferentur.
771 518 1092 584 Angelicum
1134 516 1281 567 enim
1311 528 1391 568 est

324 590 465 642 inter
508 590 755 641 bestiales
801 590 1050 640 homines
1089 589 1388 639 conversari

323 661 478 728 quasi
522 661 577 712 in
616 676 814 720 erem0‚
861 660 918 710 in
955 659 1246 710 solitudine
1276 659 1388 709 sci-

321 731 446 786 licet
470 732 683 782 mentis.
716 732 830 782 Hoc
867 740 947 781 est
973 730 1029 779 in
1058 730 1389 796 contempla-

321 802 504 863 tione,
555 801 811 861 lectione‚
868 800 1138 859 oratione,
1209 800 1388 850 clauso

323 875 588 935 cubiculo,
618 884 671 924 et
703 873 947 924 moribus
976 887 1161 923 eorum
1204 871 1388 922 ferinis

322 961 428 996 non
472 945 660 1012 pollui.
708 943 937 994 Difficile
981 952 1062 993 est
1097 941 1239 993 enim
1264 952 1387 993 tan-

322 1033 446 1085 gere
474 1018 664 1084 picem,
694 1027 746 1068 et
791 1032 856 1066 ex
889 1030 949 1066 ea
986 1031 1094 1065 non
1137 1014 1387 1081 coinqui-

323 1088 458 1139 nari.
518 1088 674 1138 Unde
717 1087 870 1138 Beda
898 1102 915 1137 .·
946 1105 980 1133 ιι
1003 1087 1143 1136 Inter
1191 1085 1388 1135 bestias

321 1159 588 1210 Dominus
602 1168 964 1208 commoratur
987 1167 1047 1208 ut
1065 1157 1232 1207 homo
1254 1194 1267 1218 ,
1293 1156 1385 1206 sed

322 1231 626 1283 ministerio
647 1231 817 1281 utitur
839 1230 1116 1296 Angelico‚
1136 1238 1196 1279 ut
1221 1229 1382 1279 Deus.

322 1303 390 1354 Et
419 1318 536 1362 noS,
574 1317 696 1352 cum
729 1302 786 1351 in
829 1316 1009 1352 eremo
1037 1310 1226 1351 sanctae
1254 1315 1384 1349 con-

319 1376 638 1428 versationis
668 1376 914 1426 bestiales
945 1374 1234 1425 hominum
1263 1389 1384 1423 mo-

319 1462 404 1498 res
428 1447 709 1513 impolluta
733 1456 913 1496 mente
941 1447 1249 1505 toleramuS,
1274 1444 1383 1494 mi-

318 1521 602 1573 nisterium
643 1523 975 1588 Angelorum
1017 1535 1303 1583 meremur,
1353 1535 1383 1570 a

318 1596 520 1663 quibus
549 1611 770 1661 corpore
800 1592 1065 1657 absoluti,
1095 1593 1160 1642 ad
1187 1602 1382 1643 aeterna

318 1668 374 1716 in
398 1667 547 1717 coelis
563 1665 755 1731 gaudia
770 1662 1172 1715 transferamur.
1184 1682 1212 1711 ³>
1229 1663 1380 1714 Unde

315 1748 368 1788 et
442 1736 820 1801 Hieronymus
863 1751 879 1786 .·
922 1752 948 1780 α
992 1735 1144 1784 Tunc
1200 1733 1381 1784 bestiae

317 1817 497 1874 pacate
533 1808 816 1858 nobiscum
882 1815 1037 1869 sunt,
1076 1822 1197 1857 cum
1260 1822 1380 1856 caro

315 1895 427 1930 non
457 1878 789 1945 concupiscit
817 1878 1068 1928 adversus
1094 1876 1377 1942 spiritum3

316 1959 439 2016 post
479 1949 592 1999 haec
641 1948 829 2015 Angeli
869 1947 1105 1998 ministri
1147 1948 1380 1998 mittun-

314 2030 406 2071 tur
451 2019 639 2080 nobiS,
683 2030 743 2070 ut
784 2034 1038 2086 responsa
1093 2029 1145 2069 et
1192 2019 1381 2070 solatia

314 2091 567 2142 cordibus
610 2091 957 2157 vigilantibus
1003 2091 1147 2141 dent.
1197 2092 1378 2156 Ipsum

314 2174 494 2216 autem
522 2165 821 2216 Dominum
862 2180 1003 2231 saepe
1051 2164 1106 2214 in
1150 2164 1250 2215 hac
1289 2181 1380 2216 so-

313 2238 545 2289 litudine
609 2237 801 2297 visita,
858 2236 1197 2302 conspiciens
1253 2253 1378 2289 eum

314 2311 546 2377 qualiter
600 2320 942 2361 conversatur
1019 2309 1220 2360 ibidem
1243 2350 1258 2375 ,
1328 2322 1380 2363 et

313 2384 549 2435 maxime
577 2383 804 2450 qualiter
846 2384 976 2448 jacet
1020 2384 1085 2434 de
1127 2394 1279 2443 nocte
1323 2385 1380 2436 in

312 2467 468 2507 terra.
517 2456 780 2515 Quaelibet
813 2456 961 2506 enim
996 2456 1175 2506 anima
1205 2456 1379 2509 fidelis

312 2528 528 2579 deberet
556 2543 681 2578 eum
710 2529 875 2578 semel
918 2529 982 2578 ad
1010 2529 1188 2579 minus
1216 2530 1267 2579 in
1292 2531 1378 2582 die

311 2596 530 2648 visitare
547 2598 615 2647 ab
643 2597 950 2663 Epiphania
978 2613 1149 2665 usque
1168 2600 1232 2648 ad
1263 2600 1379 2652 dies

311 2667 681 2733 quadraginta,
713 2667 914 2733 quibus
944 2667 1018 2717 ibi
1047 2671 1374 2732 remanebat,

311 2751 363 2792 et
414 2756 472 2791 se
499 2741 780 2792 humiliter
823 2741 871 2791 ei
925 2745 1375 2797 recommendare.

310 2812 371 2862 In
408 2812 511 2862 hoc
538 2813 806 2878 siquidem
846 2824 1027 2863 monte
1070 2824 1123 2876 et
1167 2815 1376 2867 deserto

309 2883 647 2935 desiderabili
691 2885 932 2952 quidam,
971 2887 1218 2953 exemplo
1260 2889 1375 2939 Do-

308 2955 445 3006 mini
470 2957 767 3022 specialiter
798 2959 964 3024 ducti‚
984 2959 1149 3010 vitam
1179 2962 1377 3012 eremi-

278 3026 468 3077 'ticam
515 3027 572 3077 in
613 3028 790 3093 parvis
837 3030 1043 3081 cellulis
1091 3031 1374 3093 ducebant,

308 3098 548 3149 Domino
576 3098 922 3152 devotissime
970 3103 1292 3166 militantes,
1324 3116 1377 3156 et

308 3170 609 3221 alvearibus
650 3171 959 3224 cellularum
1020 3176 1373 3240 modicarum,

307 3250 564 3307 tanquam
593 3256 720 3308 apes
759 3243 1000 3308 Domini,
1035 3245 1373 3297 dulcedinem

307 3311 642 3377 spiritualem
690 3311 1164 3366 mellificantes.1n
1210 3317 1373 3382 hujus

310 3382 515 3433 montis
548 3382 699 3449 quasi
745 3383 943 3444 medio,
990 3386 1135 3450 quod
1166 3399 1196 3436 a
1236 3396 1373 3437 terra

308 3453 468 3519 plana
514 3453 623 3504 fere
667 3468 761 3519 per
805 3453 1094 3504 dimidium
1144 3455 1372 3508 milliare

306 3523 489 3582 distat,
518 3524 786 3574 Dominus
814 3521 937 3574 fecit
979 3524 1369 3589 poenitentiam,

305 3593 400 3644 ubi
451 3603 529 3644 est
561 3594 777 3644 ecclesia
822 3603 874 3644 et
910 3596 1058 3655 cella,
1085 3605 1271 3661 estque
1296 3596 1370 3647 ibi

304 3663 484 3723 altare,
524 3663 619 3713 ubi
663 3663 836 3714 stabat
863 3664 1079 3731 quando
1125 3666 1369 3718 tentaba-

304 3745 393 3784 tur
421 3749 451 3784 a
480 3737 689 3786 Satana.
721 3755 748 3782 a»

368 3821 398 3869 7
443 3805 872 3864 Quannaoesmffl:
938 3821 1240 3858 msrrrurto
1302 3824 1370 3858 m·

304 3893 735 3935 QUADRAGENARII
772 3897 972 3933 nument
996 3896 1366 3935 CONSECRATIO·

958 256 1193 307 PRIMAE
1229 255 1477 307 PARTIS
1510 255 1743 307 CAPUT
1774 256 1939 308 XXII.

1497 401 1558 412 —-
1592 374 1976 440 Quadraginta
2026 384 2203 426 autem
2285 375 2468 427 diebus
2512 384 2569 427 et
2655 368 2658 371 “

1496 445 1863 512 quadraginta
1899 446 2138 497 noctibus
2183 446 2453 496 Dominus
2480 448 2564 512 je-

1494 516 1728 581 junavit3
1776 517 1904 583 quia
1962 517 2412 583 quadragenarius
2464 535 2564 569 nu-

1497 596 1678 638 merus
1705 604 1769 638 ex
1798 598 2027 655 quatuor
2054 599 2258 638 constat
2278 598 2330 638 et
2357 589 2560 650 decem,

1494 669 1687 726 quater
1714 659 1860 710 enim
1891 661 2071 710 decem
2099 660 2181 710 vel
2219 659 2394 710 decies
2418 678 2557 728 qua-

1495 739 1619 779 tuor
1661 728 1864 780 faciunt
1904 730 2285 796 quadraginta;
2316 747 2408 796 per
2435 748 2564 798 qua-

1494 811 1618 852 tuor
1653 811 1834 852 autem
1874 802 2085 851 Novum
2129 802 2555 861 Testamentum,

1491 873 1637 937 quod
1684 872 1741 923 in
1782 883 2012 939 quatuor
2038 873 2391 939 Evangelistis
2427 891 2559 926 con-

1494 943 1655 1004 sistit,
1696 943 2057 1010 significatum
2102 958 2197 1009 per
2222 945 2406 995 decem
2431 963 2555 997 vero

1491 1014 1686 1078 Vetus;
1718 1014 1846 1082 quia
1870 1014 1926 1064 in
1955 1015 2136 1065 decem
2170 1017 2434 1067 mandatis
2463 1019 2557 1069 Le-

1492 1085 1575 1152 gis
1632 1086 1956 1137 continetur.
2015 1086 2376 1152 Quadraginta
2430 1103 2556 1155 ergo

1490 1159 1682 1210 diebus
1707 1161 1954 1226 jejunare,
1970 1170 2050 1211 est
2072 1161 2356 1226 utriusque
2380 1163 2558 1213 Testa-

1490 1232 1659 1283 menti
1704 1242 1960 1298 praecepta
2000 1247 2226 1291 servare,
2259 1241 2310 1282 et
2352 1234 2419 1283 ab
2447 1233 2555 1284 illis

1491 1302 1747 1353 omnibus
1774 1318 1896 1369 quae
1926 1312 2219 1369 utrumque
2247 1303 2554 1354 Testamen-

1489 1382 1607 1423 tum
1653 1373 1942 1434 interdicit,
1969 1389 2026 1423 se
2064 1373 2293 1424 invicem
2336 1384 2386 1424 et
2414 1375 2553 1439 jeju-

1487 1444 1639 1494 ni'um
1680 1445 1965 1509 custodire,
1991 1456 2051 1496 ut
2093 1445 2231 1496 sicut
2258 1461 2378 1496 caro
2401 1456 2549 1497 exte-

1487 1516 1601 1568 rius
1645 1518 1841 1584 jejunat
1884 1534 1915 1569 a
1963 1519 2116 1579 cibis,
2165 1518 2236 1569 ita
2295 1528 2348 1569 et
2397 1535 2552 1570 mens

1486 1587 1712 1639 interius
1753 1590 1950 1655 jejunet
1999 1605 2030 1639 a
2074 1590 2236 1640 vitiis.
2289 1591 2551 1655 Jejunavit

1486 1659 1664 1726 itaque
1692 1661 1957 1712 Dominus
1976 1660 2326 1728 quadraginta
2355 1661 2548 1714 diebus

1485 1739 1537 1781 et
1584 1731 1851 1793 noctibus,
1898 1744 2163 1800 quatenus
2205 1733 2262 1783 in
2299 1732 2544 1783 ciborum

1484 1803 1686 1868 jejunio
1720 1804 2040 1869 significaret
2088 1804 2244 1855 nobis
2285 1805 2544 1870 jejunium

1486 1874 1752 1941 corporisf,
1802 1887 1853 1927 et
1893 1875 1950 1926 in
1993 1877 2202 1927 dierum
2234 1893 2460 1928 numero
2484 1878 2551 1928 si-

1486 1946 1762 2012 gnificaret
1805 1947 2063 2013 jejunium
2106 1947 2298 1998 cordis.
2348 1949 2548 1999 Exem-

1486 2021 1635 2085 plum
1665 2036 1793 2071 sane
1823 2020 1993 2087 ipsius
2029 2020 2118 2071 hic
2151 2037 2409 2072 numerus
2433 2023 2549 2072 die-

1485 2107 1606 2141 rum
1683 2091 2130 2157 poenitentialium
2206 2092 2259 2141 in
2315 2093 2551 2143 Ecclesia

1484 2171 1582 2212 est.
1627 2162 1780 2213 Unde
1808 2173 1860 2213 et
1910 2173 2032 2230 post
2059 2161 2413 2229 Epiphaniam
2442 2179 2549 2212 non

1481 2234 1662 2284 statim
1689 2234 1878 2300 incipit
1905 2234 2133 2285 Ecclesia
2160 2234 2424 2299 jejunare3
2456 2234 2548 2283 sed

1483 2304 1692 2356 circiter
1715 2315 1836 2371 post
1862 2304 2210 2372 quadraginta
2233 2304 2367 2364 dies,
2393 2306 2546 2372 quasi

1485 2374 1603 2440 ipso
1644 2386 1883 2441 tempore
1934 2375 2196 2440 jejunium
2266 2391 2423 2425 suum
2465 2376 2547 2441 je-

1483 2444 1619 2509 junii
1649 2445 1919 2496 Dominici
1946 2446 2347 2496 consecutivum
2371 2445 2548 2513 signi-

1485 2518 1662 2568 ficans.
1706 2518 1861 2569 Unde
1905 2518 2058 2569 Beda
2080 2534 2097 2569 .·
2129 2536 2155 2564 «
2186 2517 2547 2584 Quadragesi-

1483 2605 1572 2639 ma
1599 2588 1920 2655 jejuniorum
1968 2588 2131 2638 habet
2158 2588 2545 2652 auctoritatem,

1482 2669 1535 2710 et
1587 2659 1644 2709 in
1699 2659 1969 2709 veteribus
2034 2658 2188 2709 libris
2242 2674 2306 2709 ex
2347 2660 2547 2724 jejunio
2611 2660 2616 2668 '

1482 2729 1686 2795 Moysis
1735 2739 1786 2779 et
1838 2729 1987 2790 Eliae,
2044 2738 2096 2779 et
2145 2728 2201 2779 in
2240 2730 2547 2795 Evangelio,

1481 2803 1609 2871 quia
1661 2802 1884 2854 totidem
1938 2803 2130 2853 diebus
2165 2803 2433 2854 Dominus
2469 2804 2549 2868 je-

1482 2875 1722 2942 junavit,
1771 2876 2144 2926 demonstrans
2198 2877 2544 2943 Evangelium

1482 2965 1590 2999 non
1617 2948 1899 2999 dissentire
1923 2964 1953 2999 a
1983 2949 2120 3015 Lege
2148 2957 2200 2998 et
2231 2947 2548 3014 Prophetis.

1483 3021 1541 3070 In
1580 3035 1807 3086 persona
1834 3018 2032 3086 quippe
2067 3018 2288 3085 Moysis,
2320 3020 2457 3081 Lex3
2486 3019 2544 3069 in

1482 3106 1711 3156 persona
1752 3089 1897 3150 Eliae,
1947 3089 2231 3155 Prophetae
2284 3088 2547 3154 accipiun-

1478 3173 1595 3226 tur;
1627 3161 1765 3212 inter
1792 3175 1930 3226 quos
1970 3159 2022 3209 in
2057 3170 2241 3210 monte
2277 3159 2547 3225 gloriosus

1478 3232 1758 3299 apparuit,
1816 3241 1878 3281 ut
1931 3230 2232 3281 evidentius
2286 3230 2549 3281 emineret

1478 3305 1624 3373 quod
1673 3304 1739 3354 de
1779 3303 1871 3354 illo
1916 3301 2046 3353 dicit
2085 3303 2418 3369 Apostolus:
2448 3302 2548 3352 Te-

1477 3375 1799 3427 stimonium
1830 3375 2031 3425 habens
2072 3388 2107 3425 a
2141 3375 2290 3441 Lege
2325 3379 2376 3425 et
2395 3374 2546 3425 Pro-

1468 3451 1648 3518 phetis
1676 3468 1693 3503 .·
1720 3470 1748 3499 »
1781 3450 1896 3501 haec
1924 3449 2097 3501 Beda.
2144 3449 2298 3500 Unde
2321 3457 2374 3499 et
2390 3447 2546 3498 Albi-

1477 3537 1578 3573 nus
1614 3538 1632 3573 .·
1679 3540 1707 3569 «
1747 3521 1896 3572 Sicut
1924 3522 2136 3587 Moyses
2162 3520 2377 3585 Legem,
2397 3517 2548 3568 Elias

1481 3593 1860 3661 Prophetiam,
1910 3592 1983 3644 ita
2031 3590 2296 3641 Dominus
2359 3597 2544 3642 noster

1481 3667 1856 3733 Evangelicam
1919 3663 2352 3731 praedicationem
2399 3676 2538 3727 qua-

1478 3740 1722 3806 draginta
1771 3739 1981 3789 dierum
2065 3736 2266 3802 jejunio
2317 3733 2541 3785 dedicat.

1477 3813 1728 3879 Congrue
1750 3811 1907 3862 etiam
1928 3809 2190 3876 jejunium
2209 3806 2545 3876 quadragesi-

1475 3899 1578 3937 mae
1592 3892 1853 3936 statutum
1872 3891 1952 3934 est
1965 3880 2174 3932 confine
2192 3878 2430 3932 Passioni
2442 3877 2545 3928 Do-
