2784 4452
413 297 518 350 380

407 414 635 478 invenit5
686 417 738 463 et
781 409 1049 476 operando
1069 407 1315 475 pulsanti
1336 417 1470 473 ape-

404 488 594 538 rietur.
635 486 774 550 Ergo
797 481 1186 550 perseverantia
1215 495 1353 545 opus
1390 487 1473 528 est

405 568 467 610 ut
488 555 815 622 accipiamus
843 554 989 621 quod
1027 551 1287 619 petimus,
1316 550 1472 600 inve-

406 628 621 679 niamus
660 626 806 692 quod
856 623 1177 692 quaerimus,
1228 631 1281 672 et
1325 620 1472 688 quod

405 701 685 767 pulsamus
711 697 996 765 aperiatur.
1021 697 1132 747 Hac
1154 694 1302 746 enim
1325 703 1472 744 tanta

405 770 804 823 conculcatione
843 769 1156 827 verborum,
1195 764 1474 815 manifeste

405 842 673 893 Dominus
712 838 944 890 ostendit
990 853 1153 904 quam
1193 835 1471 898 sollicitos,

405 916 661 966 molestos
695 922 747 963 et
788 912 1156 978 importunos,
1208 909 1474 959 violentos

403 997 458 1039 et
486 986 779 1053 improb08‚
799 985 865 1036 ad
890 984 1179 1051 petendum
1211 997 1311 1033 nos
1358 996 1473 1032 esse

402 1058 550 1109 velit.
573 1057 726 1108 Unde
752 1065 805 1105 et
827 1054 1048 1121 quidam
1072 1053 1145 1104 ait
1176 1069 1192 1104 z

464 1164 577 1179 ......
582 1127 761 1177 Labor
785 1125 1056 1193 improbus
1084 1125 1262 1176 omnia
1286 1123 1468 1174 vincit.

404 1200 540 1250 Illud
568 1200 712 1248 enim
732 1197 877 1264 quod
905 1197 969 1247 ad
998 1196 1225 1247 salutem
1252 1195 1471 1261 petitur,

405 1285 512 1319 non
543 1283 757 1333 semper
784 1267 965 1318 statim
992 1267 1181 1329 datur3
1231 1266 1323 1316 sed
1364 1265 1475 1315 dif-

401 1339 589 1400 fertur,
632 1349 694 1389 ut
738 1354 976 1404 congruo
1016 1346 1257 1403 tempore
1297 1337 1470 1397 detur,

402 1422 457 1463 et
483 1423 544 1463 ut
572 1428 635 1462 ex
660 1413 918 1463 dilatione
952 1411 1167 1462 charius
1196 1410 1470 1469 habeatur,

402 1483 532 1549 quia
559 1483 655 1533 diu
673 1483 967 1534 desiderata
993 1481 1204 1533 dulcius
1229 1480 1476 1531 obtinen-

400 1565 509 1616 tur,
552 1557 656 1607 cito
684 1566 863 1606 autem
896 1556 1017 1606 data
1040 1555 1320 1605 vilescunt.
1360 1555 1473 1604 Ex-

402 1628 548 1692 pedit
591 1627 749 1677 etiam
794 1636 856 1677 ut
901 1626 968 1676 ab
996 1625 1168 1675 otiosa
1205 1624 1474 1675 locutione

399 1698 666 1748 abstineat
686 1735 700 1758 ,
744 1696 838 1761 qui
869 1696 926 1746 in
956 1696 1197 1746 oratione
1231 1694 1470 1746 exaudiri

399 1768 680 1818 desiderat.
733 1767 891 1827 Quia,
925 1767 1220 1817 secundum
1251 1767 1470 1832 Grego-

396 1841 557 1900 rium,
589 1856 650 1891 os
702 1850 949 1890 nostrum
999 1839 1066 1888 ab
1107 1839 1473 1904 omnipotente

399 1911 657 1975 Domino,
702 1921 850 1961 tanto
886 1910 1071 1961 minus
1102 1909 1382 1961 exauditur
1412 1909 1470 1959 in

400 1998 554 2048 prece
575 2021 589 2044 ,
639 1992 842 2049 quanto
882 1982 1113 2048 amplius
1157 1979 1472 2047 inquinatur

401 2054 564 2104 stulta
641 2053 925 2103 locutione.
975 2053 1237 2103 ·Conetur
1307 2050 1470 2101 etiam

398 2139 578 2184 oram,
607 2134 668 2173 ut
704 2123 943 2188 seipsum
971 2122 1251 2188 intelligat,
1281 2121 1327 2172 si
1354 2122 1471 2172 vult

399 2194 546 2262 quod
584 2194 727 2244 Deus
751 2209 875 2244 eum
900 2192 1160 2245 exaudiat.
1189 2193 1343 2253 Nam,
1379 2206 1470 2243 se·

400 2266 638 2316 cundum
682 2266 1049 2328 Ambrosium,
1085 2264 1235 2315 illam
1264 2265 1469 2315 oratio-

398 2351 525 2386 nem
565 2337 710 2386 Deus
739 2352 845 2386 non
892 2336 1059 2399 audit,
1089 2336 1153 2386 ad
1179 2352 1341 2402 quam
1372 2336 1472 2386 iste

400 2408 497 2474 qui
549 2417 665 2458 orat
711 2424 820 2457 non
873 2407 1120 2459 intendit.
1146 2409 1278 2458 Vult
1326 2409 1472 2459 Deus

397 2477 627 2528 fideliter
665 2479 771 2543 peti
809 2494 839 2529 a
884 2494 971 2540 se,
1014 2480 1160 2545 quod
1203 2479 1473 2545 disposuit

397 2547 704 2614 petentibus
745 2563 976 2614 erogare.
1031 2550 1184 2601 Unde
1228 2552 1473 2601 Bernar-

397 2619 501 2670 dus
525 2636 541 2668 ε
562 2637 591 2666 α
608 2619 737 2669 Vult
755 2630 935 2670 autem
952 2636 983 2670 a
1014 2636 1072 2671 se
1100 2621 1299 2688 requiri
1330 2621 1475 2673 Deus

396 2687 561 2739 etiam
589 2688 734 2754 quod
764 2689 1059 2754 pollicetur.
1091 2691 1157 2742 Et
1192 2690 1312 2742 ideo
1337 2691 1473 2742 forte

398 2760 570 2810 multa
617 2775 736 2828 quae
792 2761 922 2812 dare
970 2762 1262 2827 disposuit,
1319 2764 1470 2828 prius

397 2832 699 2898 pollicetur,
729 2844 789 2885 ut
831 2849 894 2884 ex
927 2834 1286 2900 promissione
1316 2837 1472 2887 devo-

397 2901 477 2953 tio
532 2904 819 2969 excitetur;
872 2903 1055 2972 sicque
1104 2906 1250 2971 quod
1307 2907 1472 2972 gratis

395 2973 619 3026 daturus
659 2986 784 3038 erat,
828 2977 1017 3028 devota
1048 2977 1218 3028 oratio
1248 2994 1469 3044 prome-

395 3056 592 3099 reatur.
631 3049 748 3099 Non
806 3060 985 3101 autem
1039 3051 1169 3101 dicit
1204 3051 1471 3103 Dominus

396 3119 531 3185 quid
582 3120 773 3185 accipit
824 3131 1041 3188 petens,
1079 3123 1163 3173 vel
1200 3138 1466 3189 quaerenS,

395 3201 489 3242 aut
529 3193 770 3257 pulsanS,
796 3193 925 3259 quia
950 3193 1275 3261 quandoque
1304 3210 1468 3246 exau-

395 3262 541 3315 ditur
588 3265 653 3315 ad
703 3274 919 3327 votum,
968 3277 1029 3317 ut
1074 3283 1196 3318 cum
1225 3269 1382 3319 datur
1412 3268 1467 3319 id

363 3383 368 3389 .
395 3337 545 3403 quod
599 3338 815 3403 petitur,
848 3340 1173 3407 quandoque
1199 3342 1264 3390 ad
1302 3342 1468 3393 meri-

396 3418 534 3472 tum,
559 3422 620 3461 ut
641 3427 764 3462 cum
788 3413 991 3479 aliquid
1020 3409 1355 3481 aequivalens,
1380 3418 1468 3467 vel

395 3481 592 3533 melius
625 3483 796 3535 datur.
822 3484 1129 3549 Aliquando
1152 3485 1296 3535 enim
1321 3488 1463 3537 San-

396 3550 497 3612 cti,
547 3568 657 3601 non
714 3554 1019 3620 recipiendo
1070 3556 1216 3620 quod
1245 3565 1464 3622 petunt,

395 3620 569 3687 magis
609 3623 995 3688 exaudiuntur,
1024 3639 1188 3690 quam
1232 3625 1277 3675 si
1330 3626 1465 3678 illud

390 3693 705 3759 reciperent.
756 3714 784 3742 n
838 3695 993 3746 Unde
1059 3697 1402 3762 Augustinus

394 3778 424 3808 α
453 3763 632 3813 Nolite
673 3780 769 3829 pro
811 3780 1009 3831 magno
1038 3766 1249 3826 habere,
1278 3767 1343 3817 ad
1365 3784 1466 3819 vo-

391 3831 649 3883 luntatem
678 3850 709 3884 a
734 3836 845 3885 Deo
867 3836 1125 3888 exaudiri.
1160 3838 1467 3905 Aliquando

393 3899 539 3953 Deus
566 3905 722 3970 quasi
763 3905 931 3955 iratus
983 3905 1076 3958 dat
1109 3909 1255 3975 quod
1296 3909 1460 3975 petis;

995 290 1237 344 PmMAE
1278 287 1528 341 panus
1559 287 1796 340 CAPUT
1830 266 2066 341 xxxm.

1578 413 1629 455 et
1648 404 1932 471 propitius,
1961 414 2119 471 negat
2143 405 2288 472 quod
2314 404 2472 471 petis.
2508 404 2647 465 Quid

1578 476 1746 541 prosit
1773 485 1825 526 et
1848 477 1985 545 quid
2017 493 2144 538 non,
2189 476 2434 526 medicus
2481 476 2645 538 novit,

1576 548 1704 614 quia
1732 549 1875 600 Deus
1919 550 1964 600 si
2004 548 2264 601 voluntati
2294 558 2495 600 nostrae
2544 565 2647 599 non

1577 621 1666 671 dat
1685 659 1701 685 ,
1740 622 1899 672 saluti
1940 622 2048 673 dat.
2088 620 2231 682 Quid
2270 621 2422 673 enim
2459 621 2508 672 si
2551 621 2647 672 hoc

1578 691 1793 756 petieris
1821 693 1966 759 quod
1995 692 2095 743 tibi
2126 693 2294 756 obest,
2325 701 2380 742 et
2409 691 2648 742 medicus

1578 763 1728 813 novit
1742 763 1871 830 quia
1887 764 2040 815 obest
2056 763 2190 814 tibi?
2211 765 2445 827 Fratres,
2465 763 2650 813 discite

1578 848 1762 899 rogare
1781 834 1973 894 Deum,
1987 844 2046 884 ut
2060 834 2265 886 medico
2279 833 2648 884 committatis.

1579 902 1736 963 Quod
1762 903 1876 970 ipse
1901 903 2069 970 novit,
2095 905 2268 957 faciat.
2283 907 2372 956 Tu
2398 905 2650 956 morbum

1578 975 1907 1039 confitearis,
1939 978 2029 1029 ille
2069 979 2532 1030 medicamentum
2559 977 2649 1028 ad-

1579 1045 1777 1097 hibeat.
1809 1048 1934 1098 Non
1970 1057 2023 1100 te
2060 1048 2274 1100 exaudit
2304 1049 2370 1099 ad
2395 1049 2651 1100 volunta-

1576 1121 1828 1181 tem,⁷sed
1858 1123 2074 1173 exaudit
2089 1123 2154 1173 ad
2176 1124 2425 1173 salutem.
2452 1123 2580 1172 Non
2599 1121 2654 1172 fit

1579 1191 1724 1257 quod
1745 1191 1846 1252 vis,
1866 1193 1959 1242 sed
1979 1191 2039 1242 fit
2060 1194 2205 1260 quod
2221 1193 2322 1243 tibi
2343 1193 2571 1258 expedit
2595 1210 2609 1243 z
2629 1212 2655 1239 n

1581 1260 1693 1311 haec
1713 1263 2072 1328 Augustinus,
2106 1263 2260 1314 Unde
2301 1272 2355 1313 et
2407 1264 2656 1314 Bernar-

1580 1331 1682 1382 dus
1705 1348 1724 1381 .-
1753 1350 1782 1379 «
1812 1333 1983 1384 Nemo
2024 1343 2262 1384 vestrum
2307 1332 2658 1399 parvipendat

1580 1405 1877 1456 orationem
1927 1422 2080 1457 suam
2103 1402 2409 1475 {quoniam
2443 1407 2565 1472 ipse
2597 1406 2657 1456 ad

1579 1493 1742 1543 quem
1760 1494 1995 1539 oramus,
2009 1495 2119 1529 non
2140 1479 2480 1545 parvipendit
2498 1493 2620 1530 eam
2638 1492 2654 1540 ;

1579 1549 1673 1599 sed
1722 1558 1831 1619 aut,
1866 1550 2015 1600 dabit
2059 1550 2202 1616 quod
2251 1550 2526 1615 petimus,
2567 1558 2656 1600 aut

1579 1619 1724 1687 quod
1753 1620 1902 1670 novit
1927 1620 2134 1671 utilius.
2176 1621 2512 1686 Frequenter
2540 1619 2653 1670 Do-

1581 1691 1764 1742 minus
1789 1691 2083 1758 discipulos
2126 1692 2193 1742 ad
2230 1692 2497 1742 orandum
2534 1707 2655 1742 mo-

1581 1761 1724 1823 nuit,
1771 1777 1910 1828 saepe
1954 1778 2115 1829 opere
2163 1763 2558 1828 comprobavit,
2603 1771 2653 1814 et

1577 1836 1814 1901 exempla
1839 1836 1992 1902 plura
2018 1836 2083 1887 ad
2114 1836 2218 1887 hoc
2237 1837 2316 1886 eis
2341 1837 2646 1903 proposuit,

1576 1915 1637 1956 ut
1677 1904 1837 1956 nobis
1877 1907 2131 1958 virtutem
2186 1907 2451 1958 orationis
2499 1923 2652 1958 com-

1579 1977 1870 2028 mendaret.
1917 1977 2018 2029 Est
2063 1978 2266 2044 quippe
2307 1977 2483 2029 virtus
2539 1979 2654 2044 ejus

1577 2048 1963 2100 inaestimabilis
2005 2059 2058 2101 et
2118 2048 2301 2100 efficax
2345 2051 2411 2100 ad
2466 2050 2656 2100 omnia

1577 2123 1717 2174 bona
1773 2132 1827 2173 et
1883 2122 2117 2189 proficua
2164 2123 2529 2189 impetranda,
2595 2138 2653 2174 ac

1575 2197 1717 2247 mala
1759 2205 1811 2247 et
1858 2195 2049 2248 nociva
2072 2197 2390 2262 repellenda.
2433 2195 2489 2246 Si
2524 2210 2654 2263 ergo

1574 2267 1659 2317 vis
1684 2266 1947 2333 patienter
1991 2268 2209 2319 adversa
2235 2267 2461 2318 tolerare
2477 2304 2494 2327 ,
2541 2280 2652 2317 ora.

1576 2337 1632 2387 Si
1662 2337 1746 2388 vis
1770 2353 1957 2403 pravas
1986 2337 2290 2389 affectiones
2318 2340 2653 2397 conculcare,

1576 2423 1686 2459 ora.
1715 2408 1773 2458 Si
1802 2408 1887 2459 vis
1930 2408 2152 2460 astutias
2197 2411 2401 2459 Satanae
2444 2424 2655 2474 cogno-

1577 2495 1721 2530 scere
1763 2490 1816 2531 et
1854 2479 2087 2531 fallacias
2122 2482 2237 2546 ejus
2262 2480 2492 2540 evitare,
2540 2495 2655 2531 ora.

1576 2552 1632 2602 Si
1660 2552 1744 2602 vis
1773 2552 2009 2602 laetanter
2038 2550 2094 2601 in
2138 2567 2298 2618 opere
2325 2550 2422 2601 Dei
2451 2551 2654 2615 vivere,

1577 2637 1638 2672 ac
1685 2622 1960 2672 laboribus
2006 2632 2059 2673 et
2112 2621 2499 2672 afflictionibus
2544 2637 2655 2672 non

1578 2694 1781 2757 cedere,
1805 2708 1915 2743 ora.
1951 2693 2009 2743 Si
2046 2692 2130 2744 vis
2158 2692 2213 2743 in
2245 2693 2512 2761 spirituali
2542 2693 2658 2744 vita

1576 2772 1628 2813 te
1686 2779 1926 2814 exercere
1982 2774 2036 2815 et
2096 2763 2273 2814 carnis
2337 2779 2522 2815 curam
2599 2764 2658 2814 in

1576 2837 1855 2888 desideriis
1903 2853 2010 2887 non
2064 2852 2250 2903 agere,
2302 2852 2412 2888 ora.
2463 2837 2518 2887 Si
2570 2837 2658 2888 vis

1576 2923 1831 2959 vanarum
1870 2907 2258 2974 cogitationum
2302 2923 2518 2959 muscas
2569 2908 2657 2959 ef·-

1575 2979 1791 3047 fugare,
1842 2997 1952 3032 ora.
2004 2981 2059 3032 Si
2108 2981 2192 3032 vis
2223 2981 2463 3031 animam
2500 2991 2658 3033 tuam

1575 3052 1776 3103 sanctis
1821 3062 1874 3103 et
1924 3052 2080 3103 bonis
2130 3051 2555 3118 cogitationibus
2598 3067 2659 3103 ac

1573 3122 1874 3184 desideriis,
1909 3122 2211 3173 fervoribus
2250 3132 2303 3173 et
2343 3123 2660 3175 devotioni-

1574 3197 1677 3247 bus
1724 3196 2092 3263 impinguare,
2140 3211 2251 3248 ora.
2313 3196 2369 3247 Si
2422 3196 2513 3247 vis
2558 3210 2655 3248 cor

1572 3276 1724 3318 tuum
1752 3267 1896 3319 virili
1927 3267 2119 3333 spiritu
2159 3276 2212 3317 et
2238 3266 2507 3318 constanti
2539 3282 2663 3332 pro—

1571 3337 1746 3402 posito
1801 3337 1860 3387 in
1903 3337 2001 3388 Dei
2032 3336 2364 3403 beneplacito
2393 3337 2661 3401 stabilire,

1570 3424 1682 3460 ora.
1708 3409 1766 3460 Si
1788 3410 1872 3460 vis
1900 3410 2031 3461 vitia
2059 3409 2352 3475 exstirpare
2384 3419 2438 3461 et
2477 3410 2660 3461 virtu-

1570 3480 1717 3531 tibus
1755 3480 1949 3541 imbui,
1983 3497 2094 3533 ora.
2124 3481 2182 3533 Si
2207 3481 2291 3533 vis
2319 3481 2386 3531 ad
2413 3489 2666 3533 contem-

1569 3553 1862 3618 plationem
1948 3554 2228 3604 ascendere
2334 3562 2388 3603 et
2456 3553 2663 3620 Sponsi

1569 3626 1910 3692 amplexibus
1950 3626 2091 3688 frui,
2133 3643 2244 3679 ora.
2294 3627 2351 3677 Si
2380 3626 2465 3678 vis
2493 3630 2662 3681 coele-

1447 3717 1491 3751 .·-
1571 3697 1738 3747 stium
1770 3697 2106 3749 dulcedinem
2153 3708 2206 3749 et
2250 3698 2353 3749 alia
2388 3698 2491 3749 Dei
2532 3715 2664 3751 ma-

1571 3770 1749 3836 gnalia
1801 3771 2098 3837 degustare,
2145 3787 2254 3822 ora.
2298 3771 2370 3822 Et
2400 3772 2661 3835 breviter,

1574 3842 1631 3892 in
1660 3858 1978 3910 quacunque
2012 3843 2325 3895 necessitate
2370 3843 2544 3896 oratio
2572 3862 2663 3898 va·

1572 3914 1671 3975 let,
1728 3930 1850 3981 quae
1897 3912 2119 3981 spiritus
2181 3916 2354 3966 malos
2403 3930 2435 3967 a
2490 3916 2662 3969 nobis
